4359 6267
925 497 1046 562 356

1577 518 1994 565 col-LATIONUM
2043 520 2128 565 SS.
2172 519 2417 566 PATRUM
2466 520 2641 566 LIBER
2691 521 2752 566 11.
2808 539 2889 548 —
2939 519 3227 567 coLLArlo
3272 521 3381 566 xlx

1866 915 2670 1028 COLLATIO
2800 917 3090 1026 XIX

2075 1149 2449 1245 (Abbatis
2500 1150 2871 1240 Joannis)

1619 1399 1729 1450 DE
1805 1379 2016 1450 F'mE
2090 1397 2599 1450 cOEN0131‘rAE
2674 1399 2785 1452 ET
2857 1399 3331 1453 EREMITAE.

1215 1729 1716 1792 CAPITULUM
1761 1730 2129 1793 PRIMUM.

964 1881 1049 1934 De
1078 1878 1347 1935 coenobio
1375 1877 1561 1934 Pauli
1589 1877 1855 1941 abbatis,
1886 1884 1942 1933 et
1970 1878 2044 1933 de
2069 1879 2385 1950 patientia

1365 1967 1687 2040 cujusdam
1715 1969 1974 2024 Fratris.

1055 2167 1195 2231 OST
1239 2167 1373 2229 dies
1417 2166 1599 2229 valde
1643 2183 1901 2248 paucos,
1942 2185 2162 2228 rursus
2213 2185 2423 2248 perre-

1073 2267 1284 2328 ximus
1327 2285 1475 2328 cum
1521 2284 1771 2328 summa
1812 2265 2134 2327 alacritate
2177 2265 2256 2326 ad
2299 2283 2421 2328 coe—

930 2364 1195 2427 nobium
1239 2364 1414 2428 Pauli
1457 2364 1726 2438 abbatis,
1771 2364 2059 2426 trahente
2104 2382 2219 2425 nos
2260 2364 2420 2426 desi-

927 2465 1103 2527 derio
1134 2464 1434 2526 doctrinae
1461 2462 1718 2544 majoris
1744 2482 1757 2525 ε
1780 2463 1847 2523 in
1879 2480 2008 2544 quo
2039 2463 2419 2525 monasterio

929 2564 1339 2626 morabantur
1389 2563 1532 2644 plus
1581 2581 1772 2643 quam
1823 2561 2080 2624 ducenti
2130 2562 2415 2640 Fratres3

928 2663 1038 2725 sed
1099 2681 1174 2726 eo
1224 2670 1510 2744 tempore
1566 2661 1906 2722 advenerat
1958 2659 2111 2721 illuc
2164 2658 2419 2722 infinita

930 2761 1383 2824 monachorum
1435 2758 1620 2821 turba
1668 2759 1746 2820 de
1793 2758 1936 2820 aliis
1985 2758 2300 2831 claustriS,
2353 2759 2417 2820 in

2450 1679 2501 1740 A
2531 1672 2638 1744 cit,
2676 1680 2743 1734 ut
2776 1673 3079 1754 patientia
3114 1673 3369 1754 juvenis
3410 1655 3645 1736 Fratris
3683 1673 4021 1738 innotesce-

2531 1777 2625 1832 ret
2684 1772 2931 1834 cunctis
2990 1773 3101 1855 qui
3160 1773 3441 1846 aderant,
3489 1791 3563 1834 ac
3620 1774 4021 1836 erudirentur

2532 1869 2826 1951 exemplo
2871 1871 3194 1934 modestiae
3236 1871 3467 1933 Fratris
3512 1873 3818 1953 percussi.
3864 1873 4013 1934 Nam

2532 1986 2724 2048 quam
2758 1977 3004 2030 maturo
3044 1969 3311 2031 consilio
3348 1969 3544 2032 abbas
3584 1970 3812 2032 Paulus
3842 1970 3903 2032 id
3932 1970 4019 2032 se-

2532 2065 2711 2140 cerit‚
2748 2086 2847 2129 res
2886 2068 3021 2149 ipsa
3055 2067 3348 2149 probavit
3383 2085 3398 2129 t
3432 2068 3735 2150 quoniam
3768 2068 4017 2149 juvenis

2532 2166 2955 2228 memorandae
2986 2166 3305 2248 patientiae
3335 2173 3507 2228 tanta
3538 2168 4017 2228 mansuetudine

2532 2263 2595 2325 id
2644 2264 2911 2345 accepit,
2966 2272 3036 2326 ut
3085 2282 3210 2350 non
3260 2265 3466 2327 solum
3518 2264 3606 2326 nil
3659 2264 4017 2347 loqueretur

2529 2370 2638 2424 aut
2668 2362 3097 2425 modicissime
3132 2371 3576 2438 murmuraret,
3610 2365 3719 2426 sed
3752 2382 3869 2426 nec
3898 2381 4019 2426 mo-

2531 2461 2733 2522 destia
2780 2461 2909 2523 oris
2958 2461 3099 2542 ejus
3150 2469 3340 2543 atque
3393 2461 3843 2543 tranquillitaS‚
3893 2463 4017 2526 imo

2532 2578 2649 2621 nec
2689 2560 2861 2622 color
2899 2559 3559 2642 quantulumcumque
3604 2560 3829 2622 mutati
3871 2561 4013 2623 sint.

2531 2659 2678 2732 Quae
2718 2677 2817 2720 res
2862 2666 2987 2720 tam
3038 2658 3197 2720 mira
3236 2658 3381 2732 suit,
3418 2675 3543 2721 non
3589 2659 3797 2722 solum
3841 2659 4016 2722 nobis

2532 2755 2641 2836 qui
2673 2775 2877 2838 nuper
2918 2755 2994 2817 de
3036 2756 3419 2818 monasterio
3449 2757 3643 2839 Syriae
3672 2757 4015 2826 venientes,

926 2862 1231 2924 honorem
1273 2858 1668 2922 solennitatis
1706 2878 1847 2940 quae
1885 2857 2160 2934 ibitunc
2199 2856 2421 2938 ageba·
2454 2857 2501 2920 B
2532 2854 2814 2916 nondum
2855 2870 3314 2934 agnoveramus
3358 2855 3659 2916 virtutem
3704 2855 4018 2937 patientia*

925 2969 1046 3023 tur.
1092 2959 1233 3022 Fuit
1271 2959 1443 3021 enim
1484 2966 1635 3019 tunc
1673 2956 2106 3018 anniversaria
2142 2957 2279 3018 dies
2318 2957 2422 3018 de-

927 3058 1261 3142 positionis
1333 3056 1746 3139 praecedentis
1813 3055 2060 3118 abbatis
2129 3055 2417 3136 ejusdem

927 3157 1223 3221 coenobii.
1259 3156 1456 3237 Cujus
1489 3164 1839 3218 conventus
1876 3153 2114 3216 idcirco
2147 3153 2419 3216 facimus

929 3255 1342 3330 mentionem,
1389 3263 1457 3317 ut
1503 3254 1781 3316 breviter
1831 3252 2266 3316 describamus
2317 3272 2421 3335 pa-

927 3355 1214 3418 tientiam
1269 3353 1604 3434 cujusdam
1659 3351 1910 3424 Fratris,
1961 3370 2154 3432 quam
2209 3352 2421 3413 Frater

929 3455 1036 3516 ille
1085 3451 1399 3515 immobili
1452 3451 1721 3513 militate
1771 3450 2060 3512 exhibuit
2111 3450 2176 3510 in
2228 3450 2419 3532 totius

928 3551 1430 3634 congregationis
1463 3551 1814 3633 praesentia.
1849 3549 2005 3611 Nam
2042 3549 2187 3610 licet
2220 3548 2422 3610 inte-n-

927 3652 1015 3714 tio
1059 3651 1269 3733 operis
1319 3649 1512 3730 hujus
1560 3649 1775 3710 tendat
1822 3648 1899 3709 ad
1948 3647 2093 3721 alia,
2137 3654 2207 3708 ut
2255 3647 2422 3710 scili-

929 3758 1024 3812 cet
1067 3749 1411 3812 recitemus
1449 3747 1702 3828 eloquia
1740 3753 1799 3807 et.
1840 3746 2195 3808 doctrinam
2233 3744 2422 3807 abba-

926 3850 1006 3912 tis
1043 3848 1323 3922 IoanniS‚
1367 3847 1478 3929 qui
1519 3846 1739 3908 relicta
1776 3863 2012 3918 erem0,
2055 3844 2313 3906 tradidit
2352 3864 2419 3906 se

929 3948 1140 4030 ipsum
1187 3965 1335 4008 cum
1378 3963 1630 4006 summa
1671 3943 2030 4006 humilitate
2077 3943 2168 4005 illi
2216 3961 2422 4005 coeno-

928 4046 1090 4124 bi03
1141 4063 1266 4108 non
1319 4052 1530 4106 tamen
1587 4052 1883 4124 putamus
1937 4041 2309 4114 absurdum,
2366 4042 2416 4103 si
2458 4042 2501 4105 C

926 4145 1166 4227 absque
1225 4143 1397 4206 omni
1460 4141 1800 4204 verborum
1861 4140 2133 4202 circuitu
2196 4159 2423 4221 magna

927 4245 1237 4306 virtutum
1288 4239 1628 4304 aedificatio
1683 4239 2044 4301 conferatur
2091 4239 2417 4311 studiosiS‚

927 4351 996 4404 ut
1027 4340 1365 4404 credimus,
1391 4338 1597 4411 Quum
1630 4336 1841 4418 itaque
1873 4335 2094 4417 ingens
2127 4336 2237 4398 illa
2267 4336 2424 4397 mul-

927 4441 1132 4502 titudo
1187 4438 1639 4501 monachorum
1700 4435 2088 4498 consedisset
2142 4436 2209 4497 in
2262 4433 2422 4497 ati-io
2534 4490 2547 4498 .

928 4536 1243 4601 subdivali
1289 4534 1606 4598 distinctis
1656 4533 1988 4596 ordinibus
2033 4552 2147 4614 per
2189 4534 2421 4596 duode-

928 4635 1178 4698 narium
1210 4651 1574 4706 numerum,
1607 4640 1667 4694 et·
1699 4631 1957 4713 quidam
1989 4632 2204 4694 Frater
2234 4632 2424 4713 paulo

926 4734 1168 4796 tardius
1213 4737 1606 4814 apportasset
1653 4738 1986 4812 acceptum
2039 4729 2279 4803 cibum,
2320 4729 2424 4793 ab·

927 4833 1039 4895 bas
1068 4831 1296 4894 Paulus
1329 4831 1493 4892 inter
1524 4829 1955 4892 ministrantes
1986 4828 2255 4891 sollicite
2288 4849 2425 4891 cur-

926 4951 1096 5004 renS‚
1133 4928 1446 5012 percussit
1476 4929 1540 4989 in
1575 4927 1912 5009 praesentia
1945 4928 2260 5002 omnium,
2296 4948 2423 4990 ma-

927 5051 1012 5094 nu
1063 5035 1336 5102 extenta,
1390 5027 1666 5089 Fratrem
1723 5026 1902 5088 illum
1961 5027 2039 5088 ad
2100 5028 2423 5090 maxillam

927 5148 1075 5192 cum
1108 5127 1340 5210 palma,
1366 5133 1623 5207 propter
1647 5124 2006 5187 tarditatem
2039 5132 2421 5207 praetactam,

2531 2970 2645 3034 per
2686 2959 2812 3014 tam
2868 2951 3204 3013 manifesta
3250 2953 3551 3014 exercitia
3598 2960 3660 3014 et
3708 2954 4014 3035 exempla,

2530 3050 2639 3112 sed
2692 3050 2883 3113 etiam
2939 3049 3036 3112 his
3091 3051 3202 3132 qui
3251 3051 3496 3132 experti
3544 3049 3807 3112 suerunt
3850 3070 4019 3113 exer-

2532 3149 2681 3211 citia
2720 3149 2889 3222 talia,
2935 3157 3000 3210 ut
3042 3168 3155 3230 per
3197 3149 3316 3211 hoc
3356 3149 3597 3211 sactum
3640 3149 3895 3212 daretur
3932 3151 4019 3212 in-

2532 3248 2797 3312 structio
2833 3247 2987 3310 viris
3034 3247 3332 3329 perfectis
3370 3266 3384 3309 ε
3431 3255 3651 3330 utpote
3692 3249 3861 3330 quod
3903 3249 4018 3311 etsi

2534 3355 2795 3430 paterna
2834 3346 3147 3428 correptio
3186 3365 3313 3409 non
3356 3347 3703 3410 commovit
3737 3347 4019 3429 patienti-

2531 3465 2633 3508 am
2676 3446 2907 3508 Fratris
2950 3445 3143 3519 illius,
3178 3453 3390 3507 tamen
3432 3445 3869 3527 spectaculum
3910 3465 4017 3507 seu

2534 3545 2802 3606 intuitus
2854 3552 3042 3606 tantae
3090 3543 3521 3607 multitudinis
3572 3562 3697 3607 non
3746 3543 4019 3626 potuerit

2533 3641 2763 3705 faciem
2813 3642 2954 3722 ejus
3004 3640 3387 3723 perfundere
3437 3642 3569 3705 ullo
3616 3642 3866 3705 rubore.

2960 3897 3465 3961 CAPITULUM
3510 3900 3599 3963 II.

2716 4051 2801 4106 De
2830 4049 3177 4104 humilitate
3206 4048 3449 4105 abbatis
3478 4051 3761 4114 Ioannis,
3790 4056 3849 4104 et

2910 4139 3394 4209 interroyatione
3424 4145 3653 4194 nostra.

2677 4335 3053 4398 EPERIMUS
3084 4335 3295 4416 itaque
3329 4335 3393 4396 in
3427 4335 3549 4396 isto
3588 4335 3884 4398 coenobio
3919 4356 4021 4398 an-

2694 4435 3129 4516 tiquissimum
3161 4451 3380 4496 senem
3410 4433 3668 4496 nomine
3697 4435 4020 4505 loannem,

2533 4534 2719 4614 cujus
2757 4533 3107 4596 doctrinam
3150 4541 3211 4594 et
3244 4531 3692 4607 humilitatem,
3726 4553 3853 4615 qua
3884 4535 4025 4598 San-

2534 4632 2653 4695 ctis
2698 4631 2999 4694 omnibus
3044 4630 3519 4713 praeeminebat,
3556 4649 3683 4694 non
3728 4639 4025 4715 putamus

2535 4730 3035 4814 praetereundam
3080 4729 3357 4804 silentio,
3400 4731 3673 4793 scientes
3711 4750 3863 4794 eum
3906 4752 4025 4794 ma-

2534 4832 2705 4892 xime
2730 4830 3010 4911 viguisse
3034 4828 3413 4891 humilitatis
3440 4827 3830 4910 perfectione
3854 4851 3869 4895 z
3890 4851 4025 4913 quae

2534 4929 2863 4991 humilitas
2903 4947 3105 5009 quum
3143 4927 3223 4989 sit
3262 4928 3549 4990 omnium
3592 4937 3795 4990 mater
3832 4931 4025 4992 virtu-

2536 5036 2672 5091 tum
2712 5047 2785 5090 ac
2825 5027 3284 5090 solidissimum
3316 5027 3806 5090 fundamentum
3838 5029 4027 5092 totius

2537 5127 2887 5210 spiritualis
2936 5132 3292 5199 structum,
3338 5125 3547 5188 aliena
3594 5133 3657 5188 et
3704 5127 3889 5190 exsul
3938 5135 4026 5190 est

927 5228 1016 5290 ita
1057 5235 1127 5289 ut
1171 5244 1364 5288 sonus
1409 5223 1743 5286 resultaret
1785 5224 1849 5285 in
1893 5223 2155 5286 auribus
2199 5242 2277 5286 ex
2319 5242 2427 5306 op-
2456 5227 2505 5289 D
2535 5227 2719 5290 valde
2749 5246 2785 5288 a
2816 5225 3049 5288 nostris
3084 5225 3411 5287 institutis.
3448 5225 3595 5287 Ideo
3635 5225 3875 5287 mirum
3908 5245 4027 5289 non

933 5325 1140 5410 posito
1179 5344 1252 5387 ac
1295 5323 1476 5405 longe
1516 5323 1895 5385 sedentium.
1939 5323 2114 5397 Quod
2154 5323 2299 5386 ideo
2337 5322 2424 5386 fe-

2538 5333 2635 5389 est
2674 5344 2787 5389 nos
2831 5343 2956 5388 non
3000 5341 3185 5407 posse
3227 5323 3569 5386 ascendere
3610 5324 3688 5386 ad
3734 5325 4026 5406 perfecti-
