4359 6267
875 496 955 561 78
1759 515 1838 559 nr:
1881 513 2209 559 msuwrls
2254 512 2339 557 ss.
2374 510 2635 557 runnu.
2678 529 2758 538 —
2798 511 2973 557 mann
3014 511 3100 557 vu

1993 892 2507 1003 LIBER
2622 893 2873 1002 VII

1351 1187 1467 1240 DE
1541 1186 1918 1237 SPIRITU
1997 1182 2662 1235 PHILARGYRIAE
2736 1182 2947 1235 SIVE
3020 1182 3506 1234 AVARITIAE.

1164 1499 1668 1563 CAPITULUM
1730 1498 2100 1562 PRIMUM.

889 1623 1061 1690 Quod
1094 1622 1364 1677 alienum
1401 1622 1482 1674 sit
1520 1621 1812 1675 avaritiae
1851 1619 2101 1681 bellarm
2130 1623 2190 1672 et
2226 1617 2388 1689 quod

1057 1710 1334 1765 avaritia
1366 1725 1487 1764 non
1515 1709 1598 1762 sit
1626 1708 1859 1763 homini
1887 1706 2219 1763 naturalis,

1015 1860 1304 1923 ERTIUM
1362 1859 1673 1921 habemus
1733 1858 2109 1921 conflictum
2169 1863 2387 1918 contra

1032 1958 1386 2032 avaritiam,
1435 1976 1626 2039 quam
1676 1957 1997 2039 appellare
2048 1973 2387 2037 possumus

887 2075 1167 2120 amorem
1219 2055 1658 2137 pecuniarum.
1708 2056 1815 2117 Est
1861 2056 1978 2117 iste
2022 2053 2385 2125 conflictuS,

889 2154 1132 2217 bellum
1190 2154 1473 2216 alienum
1532 2162 1595 2214 et
1654 2161 1831 2215 extra
1895 2160 2209 2223 naturam,
2269 2169 2388 2211 nec

889 2252 1145 2314 aliunde
1192 2251 1256 2314 in
1305 2251 1616 2314 monacho
1661 2270 1919 2313 sumens
1971 2249 2385 2332 principium,

891 2349 1015 2412 nisi
1063 2350 1140 2411 de
1183 2348 1433 2429 ignavia
1477 2356 1790 2429 corruptae
1828 2366 1900 2409 ac
1940 2348 2170 2429 tepidae
2216 2366 2390 2408 men-

2411 1464 2464 1527 A
2495 1464 2623 1527 imo
2666 1464 2858 1526 etiam
2905 1464 2969 1526 in
3017 1463 3299 1546 parvulis
3342 1471 3533 1546 atque
3578 1465 3985 1539 lactentibuS,

2493 1563 2663 1645 quod
2713 1571 2922 1625 motus
2971 1562 3178 1624 carnis
3221 1563 3566 1624 ostendunt
3607 1562 3731 1625 sibi
3779 1564 3987 1627 inesse

2493 1661 2763 1722 naturali
2816 1660 3249 1733 incitamento,
3300 1680 3498 1742 quum
3549 1662 3823 1724 necdum
3883 1664 3990 1726 ha-

2493 1759 2685 1821 beant
2725 1760 2791 1820 in
2834 1758 3195 1840 semetipsis
3243 1758 3497 1820 initium
3543 1759 3737 1821 ullius
3781 1760 3990 1822 libidi-

2495 1858 2649 1919 nis?
2700 1856 3006 1919 Similiter
3062 1873 3317 1938 quoque
3372 1857 3665 1919 videmus
3724 1858 3793 1919 in
3853 1878 3992 1940 par-

2494 1955 2662 2016 vulis
2732 1973 2870 2017 csse
2929 1954 3173 2016 feroces
3234 1955 3575 2017 iracundiae
3634 1963 3866 2027 motus,
3925 1966 3989 2018 et

2494 2062 2834 2136 antequam
2864 2054 3167 2115 virtutem
3198 2054 3518 2135 patientiae
3549 2062 3831 2129 noscant,
3856 2074 3989 2117 cer-

2497 2153 2709 2215 nimus
2750 2171 2858 2215 eos
2900 2153 3138 2215 moveri
3182 2151 3459 2233 injuriiS,
3492 2161 3557 2214 et
3586 2153 3820 2215 sentire
3849 2172 3989 2215 ver-

2497 2252 2723 2314 borum
2757 2252 3174 2313 contumelias
3204 2252 3397 2312 etiam
3438 2270 3553 2332 per
3588 2252 3805 2332 iocum
3837 2252 3993 2314 irro-

2495 2357 2689 2431 gatas,
2753 2350 3076 2411 Interdum
3136 2366 3410 2431 quoque,
3474 2349 3567 2410 ira
3626 2350 3986 2431 instigante,

890 2448 995 2521 tis,
1029 2454 1091 2509 et
1121 2446 1490 2529 frequenter
1520 2447 1599 2507 de
1630 2445 1948 2527 principio
1987 2444 2394 2506 abrenuntia·
2498 2448 2791 2510 voluntas
2850 2447 3112 2509 ultionis
3180 2448 3272 2509 eis
3340 2465 3469 2509 non
3530 2448 3727 2521 deest,
3786 2467 3987 2529 quum

893 2545 1082 2607 tionis
1115 2544 1280 2606 male
1311 2551 1561 2626 arrepto
1593 2563 1704 2606 seu
1738 2543 2144 2616 inchoat0,ac
2177 2542 2390 2623 tepido

2498 2546 2666 2608 vires
2725 2545 2951 2607 desint.
3006 2545 3133 2607 Nec
3190 2544 3310 2607 hoc
3367 2545 3514 2608 dico
3572 2553 3642 2607 ut
3699 2554 3989 2607 naturam

892 2642 1062 2704 cirea
1110 2642 1310 2703 Deum
1362 2658 1575 2703 amore
1624 2640 1906 2702 fundato.
1953 2640 2170 2703 Cetera
2213 2658 2387 2700 nam·
2420 2642 2467 2705 B
2500 2644 2837 2706 creationis
2876 2647 3091 2706 notem
3132 2644 3209 2705 de
3249 2643 3458 2725 culpa,
3492 2643 3629 2705 sive
3660 2662 3987 2721 accusem3

891 2760 1016 2822 que
1058 2740 1364 2803 vitiorum
1409 2739 1843 2813 incitamenta,
1887 2745 2126 2800 naturae
2170 2737 2390 2799 huma-

891 2857 988 2901 nae
1041 2837 1232 2899 insita
1277 2846 1340 2899 et
1388 2838 1570 2919 quasi
1621 2835 1922 2917 ingenita,
1975 2836 2274 2897 videntur
2323 2835 2389 2896 in

890 2936 1076 2998 nobis
1135 2936 1368 2998 habere
1426 2935 1842 3017 principium,
1893 2942 1956 2996 et
2004 2935 2178 2995 carni
2239 2950 2391 3015 quo-

891 3035 1229 3097 dammodo
1288 3034 1687 3107 inviscerata,
1739 3040 1802 3095 et
1851 3033 2167 3095 nativitati
2228 3051 2388 3114 pene

894 3151 1124 3206 coaeva,
1175 3132 1624 3195 discretionem
1675 3131 1824 3195 boni
1873 3140 1982 3193 aut
2032 3132 2181 3194 mali
2233 3149 2390 3211 prae-

894 3232 1232 3294 venientia.
1300 3232 1377 3293 Et
1413 3228 1732 3313 'quamvis
1792 3230 2116 3293 hominem
2182 3230 2391 3311 prima

899 3330 1295 3411 impugnent,
1316 3330 1502 3408 longo
1532 3335 1744 3390 tamen
1778 3327 1989 3390 labore
2020 3329 2385 3390 vincuntur.

1316 3555 1819 3619 CAPITULUM
1882 3555 1969 3617 II.

967 3679 1159 3745 Quam
1180 3676 1569 3748 perniciosus
1597 3676 1681 3730 sit
1708 3675 1951 3731 morbus
1979 3691 2082 3731 seu
2109 3674 2329 3729 vitium

1490 3765 1799 3821 avaritioe.

1022 3917 1222 3981 oRRo
1262 3916 1524 3979 avaritia
1569 3918 1973 3999 postmodum
2025 3916 2392 3999 superveni-

1040 4023 1253 4090 enS,et
1281 4016 1510 4078 animae
1540 4015 1621 4077 ab
1651 4023 1826 4077 extra
1855 4015 2393 4095 accedenS,quan—

896 4123 959 4178 to
1003 4114 1256 4177 facilius
1307 4113 1514 4177 caveri
1570 4121 1776 4195 potest
1818 4133 1891 4175 ac
1938 4112 2176 4194 respui,
2220 4119 2393 4174 tanto

897 4214 1315 4296 perniciosior
1362 4212 1442 4276 fit
1486 4212 1661 4274 vitiis
1710 4211 1980 4287 cuncti8‚
2026 4211 2391 4273 difficilius-

897 4332 1022 4395 que
1061 4312 1423 4394 expellitur,
1457 4310 1513 4373 si
1553 4310 1750 4372 semel
1790 4329 1904 4391 per
1936 4309 2387 4391 negligentiam

899 4410 1072 4473 cordi
1105 4410 1580 4471 intromittatur.
1616 4408 1914 4471 Omnium
1954 4426 2230 4489 namque
2262 4425 2391 4468 ma-

901 4510 1108 4571 lorum
1153 4506 1439 4569 efficitur
1483 4507 1681 4580 radix,
1716 4506 1923 4569 varios
1967 4506 2256 4568 nutriens
2301 4506 2391 4568 fo-

900 4606 1086 4669 mites
1127 4604 1450 4668 vitiorum.

1296 4829 1802 4893 CAPITULUM
1865 4830 1988 4892 III.

899 4954 1045 5020 Quoe
1073 4951 1317 5007 utilitas
1345 4950 1524 5006 nobis
1559 4950 1642 5004 sit
1671 4950 1740 5004 in
1769 4948 2162 5005 naturalibus
2192 4950 2387 5004 vitiis.

1036 5101 1242 5165 ONNE
1285 5102 1577 5163 videmus
1622 5117 1748 5162 non
1789 5099 1994 5162 solum
2037 5100 2102 5161 in
2148 5100 2387 5181 pueris,

1065 5200 1130 5261 in
1171 5199 1406 5281 quibus
1445 5200 1653 5261 adhuc
1690 5198 2052 5261 innocentia
2082 5198 2390 5279 praevenit

899 5316 1010 5361 seu
1061 5298 1361 5381 praecedit
1404 5297 1852 5360 discretionem
1903 5296 2053 5358 boni
2095 5303 2159 5358 et
2209 5295 2381 5372 mali,

2498 2743 2609 2804 sed
2654 2750 2725 2803 ut
2765 2759 3039 2804 asseram
3078 2742 3385 2823 quosdam
3427 2749 3716 2804 motuum
3759 2742 3989 2804 horum

2498 2840 2609 2922 qui
2643 2842 2992 2923 procedunt
3023 2858 3098 2902 ex
3130 2839 3335 2913 nobiS,
3372 2840 3595 2902 insitos
3634 2840 3817 2902 nobis
3848 2860 3991 2903 esse

2500 2958 2690 3001 causa
2727 2946 2958 3001 nostrae
2995 2938 3309 3012 utilitatis,
3352 2938 3662 3020 quosdam
3701 2956 3850 3001 vero
3886 2958 3994 3001 ex-

2499 3036 2811 3099 trinsecus
2844 3036 3234 3098 introductos
3264 3036 3665 3116 negligentiae
3695 3036 3863 3108 vitio,
3882 3046 3993 3098 aut

2500 3155 2709 3217 pravae
2756 3134 3097 3197 voluntatis
3139 3133 3421 3196 arbitrio.
3460 3134 3703 3216 Nempe
3744 3135 3991 3216 praet'ati

2502 3243 2709 3297 motus
2750 3232 3033 3295 carnales
3072 3240 3221 3293 sunt
3260 3232 3509 3313 corpori
3558 3242 3776 3296 nostro
3824 3234 3997 3295 utili—

2500 3341 2595 3395 ter
2626 3331 2799 3393 insiti
2831 3350 2908 3393 ex
2939 3329 3340 3412 providentia
3369 3329 3700 3406 CreatoriS,
3734 3340 3995 3413 propter

2500 3430 2736 3493 sobolis
2778 3428 3304 3511 procreationem,
3338 3435 3527 3510 atque
3566 3428 3649 3491 ob
3688 3430 3997 3492 suscitan—

2501 3530 2645 3591 dam
2687 3528 3051 3610 propaginis
3092 3526 3548 3609 posteritatem,
3581 3545 3709 3590 non
3747 3528 3825 3590 ad
3855 3547 3997 3609 per-

2502 3628 2808 3709 petranda
2877 3626 3125 3688 diversa
3196 3625 3462 3688 luxuriae
3532 3644 3782 3706 genera,
3850 3646 3993 3708 quae

2500 3726 2693 3788 etiam
2734 3724 2890 3806 legis
2929 3724 3299 3787 auctoritate
3338 3725 3738 3786 damnantur.
3771 3724 3993 3787 Aculei

2428 3829 2471 3892 C
2502 3842 2757 3906 quoque
2806 3841 2917 3885 seu
2968 3830 3177 3883 motus
3236 3822 3346 3884 irae
3404 3828 3551 3883 sunt
3598 3821 3784 3884 nobis
3832 3822 3995 3884 salu-

2501 3922 2778 3985 berrime
2836 3920 2987 3993 dati,
3043 3928 3111 3980 ut
3168 3920 3445 4002 propriis
3492 3920 3669 3982 vit-iis
3720 3928 3783 3983 et
3831 3939 3996 3983 erro-

2503 4022 2680 4084 ribus
2724 4020 3145 4101 indignanteS,
3179 4017 3408 4080 fortius
3446 4035 3838 4099 occupemur
3872 4019 3996 4080 vir-

2502 4121 2879 4183 tutibus·ac
2937 4117 3378 4200 spiritualibus
3436 4116 3687 4191 studiis,
3740 4136 3993 4181 omnem

2504 4220 2833 4281 caritatem
2881 4236 2954 4279 ac
3005 4215 3375 4297 patientiam
3415 4215 3650 4277 nostris
3694 4214 3995 4277 fratribus

2503 4316 2894 4379 exhibentes
2957 4314 3263 4377 Praeterea
3319 4319 3555 4395 quanta
3614 4313 3698 4375 sit
3755 4313 3995 4375 utilitas

2505 4413 2775 4476 tristitiae
2813 4412 3109 4474 novimus
3144 4430 3158 4474 :
3193 4430 3334 4493 quae
3374 4411 3439 4472 in
3478 4411 3866 4473 contrarium
3904 4410 3998 4473 af-

2502 4512 2743 4575 fectum
2796 4517 3056 4581 mutata,
3108 4510 3275 4571 inter
3322 4516 3531 4571 cetera
3578 4510 3734 4572 vitia
3780 4528 3998 4571 nume-

2504 4618 2694 4672 ratur.
2733 4608 3012 4671 Tristitia
3044 4626 3318 4688 namque
3349 4626 3489 4689 quae
3518 4614 3615 4669 est
3644 4607 3993 4669 secundum

2502 4708 2797 4769 timorem
2846 4706 2981 4780 Dei,
3034 4712 3129 4767 est
3178 4705 3533 4767 necessaria
3581 4705 3804 4783 valde3
3854 4723 3997 4785 quae

2500 4812 2713 4867 autem
2755 4805 3105 4866 secundum
3148 4802 3452 4865 saeculum
3492 4811 3609 4876 est,
3642 4801 3997 4883 perniciosa

2501 4911 2597 4965 est
2631 4920 2910 4985 prorsuS,
2944 4902 3110 4963 sicut
3139 4902 3323 4963 docet
3352 4900 3689 4981 Apostolus
3723 4900 3939 4962 dicens
3975 4916 3989 4959 ε

2421 5009 2470 5070 D
2501 5003 2649 5075 Quae
2698 5001 2869 5063 enim
2921 5000 3274 5062 secundum
3322 5000 3520 5061 Deum
3569 4997 3826 5060 tristitia
3870 5005 3989 5070 est,
4048 5018 4307 5069 neor-mn,

2502 5098 2941 5181 poenitentiam
2992 5098 3056 5159 in
3116 5097 3385 5158 salutem
3434 5095 3728 5158 stabilem
3778 5112 3993 5175 opera-
4028 5084 4105 5125 ¹⁰·

2501 5206 2651 5275 tur3
2700 5195 2913 5259 saeculi
2961 5202 3175 5256 autem
3220 5193 3476 5256 tristitia
3526 5201 3793 5256 mortem
3834 5210 3989 5275 ope-

2491 5302 2686 5357 ratur.
