<?xml version="1.0" encoding="UTF-8"?>
<!DOCTYPE html PUBLIC "-//W3C//DTD XHTML 1.0 Transitional//EN"
    "http://www.w3.org/TR/xhtml1/DTD/xhtml1-transitional.dtd">
<html xmlns="http://www.w3.org/1999/xhtml" xml:lang="en" lang="en">
 <head>
  <title>
</title>
<meta http-equiv="Content-Type" content="text/html;charset=utf-8" />
  <meta name='ocr-system' content='tesseract 3.04.00' />
  <meta name='ocr-capabilities' content='ocr_page ocr_carea ocr_par ocr_line ocrx_word'/>
</head>
<body>
  <div class='ocr_page' id='page_1' title='image "./doctorisecstati03denigoog_0303.png"; bbox 0 0 4359 6267; ppageno 0'>
   <div class='ocr_carea' id='block_1_1' title="bbox 1010 517 2753 567">
    <p class='ocr_par' dir='ltr' id='par_1_1' title="bbox 1010 517 2753 567">
     <span class='ocr_line' id='line_1_1' title="bbox 1010 517 2753 567; baseline 0.001 -3"><span class='ocrx_word' id='word_1_1' title='bbox 1010 517 1428 565; x_wconf 66' lang='lat' dir='ltr'><strong>commonuit</strong></span> <span class='ocrx_word' id='word_1_2' title='bbox 1469 520 1554 564; x_wconf 84' lang='lat' dir='ltr'><strong>SS.</strong></span> <span class='ocrx_word' id='word_1_3' title='bbox 1591 519 1834 565; x_wconf 68' lang='lat' dir='ltr'><strong>runnu</strong></span> <span class='ocrx_word' id='word_1_4' title='bbox 1874 519 2050 566; x_wconf 74' lang='lat' dir='ltr'><strong>mmm</strong></span> <span class='ocrx_word' id='word_1_5' title='bbox 2089 520 2152 564; x_wconf 87' lang='lat'><strong>11.</strong></span> <span class='ocrx_word' id='word_1_6' title='bbox 2196 539 2277 548; x_wconf 89' lang='lat'>—</span> <span class='ocrx_word' id='word_1_7' title='bbox 2315 519 2601 567; x_wconf 77' lang='lat' dir='ltr'><strong>coLLA&#39;no</strong></span> <span class='ocrx_word' id='word_1_8' title='bbox 2640 521 2753 566; x_wconf 79' lang='lat'>1111</span> 
     </span>
    </p>
   </div>
   <div class='ocr_carea' id='block_1_2' title="bbox 3314 500 3436 567">
    <p class='ocr_par' dir='ltr' id='par_1_2' title="bbox 3314 500 3436 567">
     <span class='ocr_line' id='line_1_2' title="bbox 3314 500 3436 567; baseline -0.016 0"><span class='ocrx_word' id='word_1_9' title='bbox 3314 500 3436 567; x_wconf 74' lang='lat'><strong>295</strong></span> 
     </span>
    </p>
   </div>
   <div class='ocr_carea' id='block_1_3' title="bbox 359 686 3436 775">
    <p class='ocr_par' dir='ltr' id='par_1_3' title="bbox 359 686 3436 775">
     <span class='ocr_line' id='line_1_3' title="bbox 359 686 3436 775; baseline 0.001 -27"><span class='ocrx_word' id='word_1_10' title='bbox 359 686 688 750; x_wconf 89' lang='lat' dir='ltr'><strong>tiunculam</strong></span> <span class='ocrx_word' id='word_1_11' title='bbox 736 690 1066 764; x_wconf 83' lang='lat' dir='ltr'><strong>castitatiS,</strong></span> <span class='ocrx_word' id='word_1_12' title='bbox 1117 689 1180 752; x_wconf 91' lang='lat' dir='ltr'><strong>id</strong></span> <span class='ocrx_word' id='word_1_13' title='bbox 1229 697 1325 752; x_wconf 91' lang='lat' dir='ltr'><strong>est</strong></span> <span class='ocrx_word' id='word_1_14' title='bbox 1373 688 1831 752; x_wconf 80' lang='lat' dir='ltr'><strong>continentiam</strong></span> <span class='ocrx_word' id='word_1_15' title='bbox 1860 689 1912 752; x_wconf 88' lang='lat' dir='ltr'>A</span> <span class='ocrx_word' id='word_1_16' title='bbox 1941 689 2302 753; x_wconf 82' lang='lat' dir='ltr'><strong>evidentius</strong></span> <span class='ocrx_word' id='word_1_17' title='bbox 2347 698 2733 753; x_wconf 91' lang='lat' dir='ltr'><strong>monstratur</strong></span> <span class='ocrx_word' id='word_1_18' title='bbox 2772 711 2965 775; x_wconf 91' lang='lat' dir='ltr'><strong>quam</strong></span> <span class='ocrx_word' id='word_1_19' title='bbox 3008 690 3073 753; x_wconf 93' lang='lat' dir='ltr'><strong>in</strong></span> <span class='ocrx_word' id='word_1_20' title='bbox 3110 688 3436 772; x_wconf 88' lang='lat' dir='ltr'><strong>acquisiti-</strong></span> 
     </span>
    </p>
   </div>
   <div class='ocr_carea' id='block_1_4' title="bbox 361 785 1835 1849">
    <p class='ocr_par' dir='ltr' id='par_1_4' title="bbox 361 785 1835 1849">
     <span class='ocr_line' id='line_1_4' title="bbox 361 785 1832 854; baseline 0.001 -8"><span class='ocrx_word' id='word_1_21' title='bbox 361 785 566 854; x_wconf 87' lang='lat' dir='ltr'><strong>carnis‚</strong></span> <span class='ocrx_word' id='word_1_22' title='bbox 599 793 668 847; x_wconf 84' lang='lat' dir='ltr'><strong>ut</strong></span> <span class='ocrx_word' id='word_1_23' title='bbox 707 794 1072 850; x_wconf 87' lang='lat' dir='ltr'><strong>coercerent</strong></span> <span class='ocrx_word' id='word_1_24' title='bbox 1111 786 1446 849; x_wconf 82' lang='lat' dir='ltr'><strong>libidinem</strong></span> <span class='ocrx_word' id='word_1_25' title='bbox 1488 786 1832 849; x_wconf 91' lang='lat' dir='ltr'><strong>solummo-</strong></span> 
     </span>
     <span class='ocr_line' id='line_1_5' title="bbox 361 883 1832 964; baseline 0.001 -20"><span class='ocrx_word' id='word_1_26' title='bbox 361 883 432 944; x_wconf 88' lang='lat' dir='ltr'><strong>do</strong></span> <span class='ocrx_word' id='word_1_27' title='bbox 463 903 498 944; x_wconf 86' lang='lat' dir='ltr'><strong>a</strong></span> <span class='ocrx_word' id='word_1_28' title='bbox 533 883 742 964; x_wconf 67' lang='lat' dir='ltr'><strong>coituf.</strong></span> <span class='ocrx_word' id='word_1_29' title='bbox 782 886 946 947; x_wconf 89' lang='lat' dir='ltr'><strong>hanc</strong></span> <span class='ocrx_word' id='word_1_30' title='bbox 984 892 1198 948; x_wconf 88' lang='lat' dir='ltr'><strong>autem</strong></span> <span class='ocrx_word' id='word_1_31' title='bbox 1243 885 1558 947; x_wconf 88' lang='lat' dir='ltr'><strong>internam</strong></span> <span class='ocrx_word' id='word_1_32' title='bbox 1598 885 1832 947; x_wconf 90' lang='lat' dir='ltr'><strong>mentis</strong></span> 
     </span>
     <span class='ocr_line' id='line_1_6' title="bbox 361 983 1830 1065; baseline 0.001 -23"><span class='ocrx_word' id='word_1_33' title='bbox 361 989 412 1042; x_wconf 91' lang='lat' dir='ltr'><strong>et</strong></span> <span class='ocrx_word' id='word_1_34' title='bbox 457 983 732 1063; x_wconf 86' lang='lat' dir='ltr'><strong>corporis</strong></span> <span class='ocrx_word' id='word_1_35' title='bbox 785 984 1127 1065; x_wconf 86' lang='lat' dir='ltr'><strong>puritatem</strong></span> <span class='ocrx_word' id='word_1_36' title='bbox 1188 983 1655 1046; x_wconf 75' lang='lat' dir='ltr'><strong>indesinentem</strong></span> <span class='ocrx_word' id='word_1_37' title='bbox 1704 1001 1830 1044; x_wconf 91' lang='lat' dir='ltr'><strong>non</strong></span> 
     </span>
     <span class='ocr_line' id='line_1_7' title="bbox 361 1081 1832 1164; baseline 0.001 -24"><span class='ocrx_word' id='word_1_38' title='bbox 361 1087 678 1160; x_wconf 85' lang='lat' dir='ltr'><strong>potuerunt</strong></span> <span class='ocrx_word' id='word_1_39' title='bbox 719 1082 971 1163; x_wconf 79' lang='lat' dir='ltr'><strong>assequi</strong></span> <span class='ocrx_word' id='word_1_40' title='bbox 1017 1098 1231 1164; x_wconf 88' lang='lat' dir='ltr'><strong>opere,</strong></span> <span class='ocrx_word' id='word_1_41' title='bbox 1268 1082 1397 1144; x_wconf 90' lang='lat' dir='ltr'><strong>imo</strong></span> <span class='ocrx_word' id='word_1_42' title='bbox 1441 1100 1557 1143; x_wconf 91' lang='lat' dir='ltr'><strong>nec</strong></span> <span class='ocrx_word' id='word_1_43' title='bbox 1602 1081 1832 1162; x_wconf 90' lang='lat' dir='ltr'><strong>cogita-</strong></span> 
     </span>
     <span class='ocr_line' id='line_1_8' title="bbox 363 1177 1832 1261; baseline 0.001 -24"><span class='ocrx_word' id='word_1_44' title='bbox 363 1177 530 1239; x_wconf 81' lang='lat' dir='ltr'><strong>tione.</strong></span> <span class='ocrx_word' id='word_1_45' title='bbox 581 1179 864 1261; x_wconf 88' lang='lat' dir='ltr'><strong>Denique</strong></span> <span class='ocrx_word' id='word_1_46' title='bbox 925 1179 1030 1241; x_wconf 90' lang='lat' dir='ltr'><strong>ille</strong></span> <span class='ocrx_word' id='word_1_47' title='bbox 1087 1197 1308 1242; x_wconf 90' lang='lat' dir='ltr'><strong>eorum</strong></span> <span class='ocrx_word' id='word_1_48' title='bbox 1369 1178 1832 1241; x_wconf 79' lang='lat' dir='ltr'><strong>famosissimus</strong></span> 
     </span>
     <span class='ocr_line' id='line_1_9' title="bbox 364 1276 1834 1350; baseline 0 -13"><span class='ocrx_word' id='word_1_49' title='bbox 364 1276 624 1338; x_wconf 78' lang='lat' dir='ltr'><strong>Socrates</strong></span> <span class='ocrx_word' id='word_1_50' title='bbox 673 1296 800 1340; x_wconf 91' lang='lat' dir='ltr'><strong>non</strong></span> <span class='ocrx_word' id='word_1_51' title='bbox 845 1277 1100 1340; x_wconf 88' lang='lat' dir='ltr'><strong>erubuit</strong></span> <span class='ocrx_word' id='word_1_52' title='bbox 1149 1279 1269 1340; x_wconf 89' lang='lat' dir='ltr'><strong>hoc</strong></span> <span class='ocrx_word' id='word_1_53' title='bbox 1315 1277 1519 1350; x_wconf 85' lang='lat' dir='ltr'><strong>fateri,</strong></span> <span class='ocrx_word' id='word_1_54' title='bbox 1565 1285 1636 1338; x_wconf 92' lang='lat' dir='ltr'><strong>ut</strong></span> <span class='ocrx_word' id='word_1_55' title='bbox 1679 1276 1834 1338; x_wconf 87' lang='lat' dir='ltr'><strong>reci-</strong></span> 
     </span>
     <span class='ocr_line' id='line_1_10' title="bbox 365 1375 1831 1458; baseline 0.001 -23"><span class='ocrx_word' id='word_1_56' title='bbox 365 1381 480 1436; x_wconf 88' lang='lat' dir='ltr'><strong>tant</strong></span> <span class='ocrx_word' id='word_1_57' title='bbox 525 1375 663 1457; x_wconf 90' lang='lat' dir='ltr'><strong>ipsi.</strong></span> <span class='ocrx_word' id='word_1_58' title='bbox 707 1376 914 1448; x_wconf 85' lang='lat' dir='ltr'><strong>Quum</strong></span> <span class='ocrx_word' id='word_1_59' title='bbox 961 1377 1136 1438; x_wconf 91' lang='lat' dir='ltr'><strong>enim</strong></span> <span class='ocrx_word' id='word_1_60' title='bbox 1183 1377 1444 1457; x_wconf 90' lang='lat' dir='ltr'><strong>quidam</strong></span> <span class='ocrx_word' id='word_1_61' title='bbox 1493 1375 1831 1458; x_wconf 81' lang='lat' dir='ltr'><strong>physiono-</strong></span> 
     </span>
     <span class='ocr_line' id='line_1_11' title="bbox 365 1473 1828 1557; baseline 0.001 -23"><span class='ocrx_word' id='word_1_62' title='bbox 365 1473 491 1535; x_wconf 85' lang='lat' dir='ltr'><strong>miae</strong></span> <span class='ocrx_word' id='word_1_63' title='bbox 533 1474 830 1555; x_wconf 87' lang='lat' dir='ltr'><strong>magister</strong></span> <span class='ocrx_word' id='word_1_64' title='bbox 870 1473 1219 1557; x_wconf 86' lang='lat' dir='ltr'><strong>inspiciens</strong></span> <span class='ocrx_word' id='word_1_65' title='bbox 1265 1473 1470 1546; x_wconf 91' lang='lat' dir='ltr'><strong>illum,</strong></span> <span class='ocrx_word' id='word_1_66' title='bbox 1515 1473 1779 1535; x_wconf 75' lang='lat' dir='ltr'><strong>dixisset</strong></span> <span class='ocrx_word' id='word_1_67' title='bbox 1815 1493 1828 1536; x_wconf 91' lang='lat'><strong>:</strong></span> 
     </span>
     <span class='ocr_line' id='line_1_12' title="bbox 364 1571 1833 1653; baseline 0.001 -21"><span class='ocrx_word' id='word_1_68' title='bbox 364 1571 522 1632; x_wconf 89' lang='lat' dir='ltr'><strong>Oculi</strong></span> <span class='ocrx_word' id='word_1_69' title='bbox 560 1572 946 1653; x_wconf 82' lang='lat' dir='ltr'><strong>corruptoris</strong></span> <span class='ocrx_word' id='word_1_70' title='bbox 997 1590 1378 1653; x_wconf 84' lang='lat' dir='ltr'><strong>puerorum3</strong></span> <span class='ocrx_word' id='word_1_71' title='bbox 1421 1579 1482 1634; x_wconf 93' lang='lat' dir='ltr'><strong>et</strong></span> <span class='ocrx_word' id='word_1_72' title='bbox 1531 1571 1833 1653; x_wconf 90' lang='lat' dir='ltr'><strong>discipuli</strong></span> 
     </span>
     <span class='ocr_line' id='line_1_13' title="bbox 366 1667 1835 1742; baseline 0.001 -14"><span class='ocrx_word' id='word_1_73' title='bbox 366 1667 612 1730; x_wconf 86' lang='lat' dir='ltr'><strong>Socratis</strong></span> <span class='ocrx_word' id='word_1_74' title='bbox 653 1669 964 1732; x_wconf 87' lang='lat' dir='ltr'><strong>irruentes</strong></span> <span class='ocrx_word' id='word_1_75' title='bbox 1006 1669 1073 1732; x_wconf 92' lang='lat' dir='ltr'><strong>in</strong></span> <span class='ocrx_word' id='word_1_76' title='bbox 1103 1671 1314 1732; x_wconf 90' lang='lat' dir='ltr'><strong>virum</strong></span> <span class='ocrx_word' id='word_1_77' title='bbox 1357 1670 1562 1742; x_wconf 91' lang='lat' dir='ltr'><strong>illum,</strong></span> <span class='ocrx_word' id='word_1_78' title='bbox 1597 1668 1835 1731; x_wconf 90' lang='lat' dir='ltr'><strong>vellent</strong></span> 
     </span>
     <span class='ocr_line' id='line_1_14' title="bbox 367 1765 1830 1849; baseline 0.003 -25"><span class='ocrx_word' id='word_1_79' title='bbox 367 1765 565 1828; x_wconf 87' lang='lat' dir='ltr'><strong>ulcisci</strong></span> <span class='ocrx_word' id='word_1_80' title='bbox 623 1767 976 1830; x_wconf 90' lang='lat' dir='ltr'><strong>convitium</strong></span> <span class='ocrx_word' id='word_1_81' title='bbox 1035 1786 1151 1831; x_wconf 91' lang='lat' dir='ltr'><strong>suo</strong></span> <span class='ocrx_word' id='word_1_82' title='bbox 1199 1769 1500 1849; x_wconf 90' lang='lat' dir='ltr'><strong>magistro</strong></span> <span class='ocrx_word' id='word_1_83' title='bbox 1559 1768 1830 1841; x_wconf 89' lang='lat' dir='ltr'><strong>illatum,</strong></span> 
     </span>
    </p>
   </div>
   <div class='ocr_carea' id='block_1_5' title="bbox 1941 785 3442 1841">
    <p class='ocr_par' dir='ltr' id='par_1_5' title="bbox 1941 785 3442 1841">
     <span class='ocr_line' id='line_1_15' title="bbox 1941 785 3439 870; baseline -0.001 -21"><span class='ocrx_word' id='word_1_84' title='bbox 1941 805 2062 850; x_wconf 92' lang='lat' dir='ltr'><strong>one</strong></span> <span class='ocrx_word' id='word_1_85' title='bbox 2091 795 2281 870; x_wconf 90' lang='lat' dir='ltr'><strong>atque</strong></span> <span class='ocrx_word' id='word_1_86' title='bbox 2321 788 2608 851; x_wconf 88' lang='lat' dir='ltr'><strong>custodia</strong></span> <span class='ocrx_word' id='word_1_87' title='bbox 2646 790 2970 852; x_wconf 86' lang='lat' dir='ltr'><strong>castitatis.</strong></span> <span class='ocrx_word' id='word_1_88' title='bbox 3006 789 3081 852; x_wconf 90' lang='lat' dir='ltr'><strong>Ut</strong></span> <span class='ocrx_word' id='word_1_89' title='bbox 3110 789 3281 850; x_wconf 87' lang='lat' dir='ltr'><strong>enim</strong></span> <span class='ocrx_word' id='word_1_90' title='bbox 3320 785 3439 849; x_wconf 92' lang='lat' dir='ltr'><strong>dif-</strong></span> 
     </span>
     <span class='ocr_line' id='line_1_16' title="bbox 1943 884 3439 969; baseline -0.001 -22"><span class='ocrx_word' id='word_1_91' title='bbox 1943 884 2185 948; x_wconf 82' lang='lat' dir='ltr'><strong>feratur</strong></span> <span class='ocrx_word' id='word_1_92' title='bbox 2222 887 2529 968; x_wconf 78' lang='lat' dir='ltr'><strong>tantisper</strong></span> <span class='ocrx_word' id='word_1_93' title='bbox 2557 888 2903 969; x_wconf 89' lang='lat' dir='ltr'><strong>disputatio</strong></span> <span class='ocrx_word' id='word_1_94' title='bbox 2943 888 3019 949; x_wconf 91' lang='lat' dir='ltr'><strong>de</strong></span> <span class='ocrx_word' id='word_1_95' title='bbox 3059 884 3439 949; x_wconf 89' lang='lat' dir='ltr'><strong>difficultate</strong></span> 
     </span>
     <span class='ocr_line' id='line_1_17' title="bbox 1945 982 3442 1066; baseline 0.001 -22"><span class='ocrx_word' id='word_1_96' title='bbox 1945 983 2170 1065; x_wconf 81' lang='lat' dir='ltr'><strong>ipsiuS,</strong></span> <span class='ocrx_word' id='word_1_97' title='bbox 2204 985 2603 1066; x_wconf 87' lang='lat' dir='ltr'><strong>disputemus</strong></span> <span class='ocrx_word' id='word_1_98' title='bbox 2640 986 2896 1048; x_wconf 91' lang='lat' dir='ltr'><strong>interim</strong></span> <span class='ocrx_word' id='word_1_99' title='bbox 2932 984 3211 1047; x_wconf 88' lang='lat' dir='ltr'><strong>breviter</strong></span> <span class='ocrx_word' id='word_1_100' title='bbox 3241 983 3318 1045; x_wconf 91' lang='lat' dir='ltr'><strong>de</strong></span> <span class='ocrx_word' id='word_1_101' title='bbox 3352 982 3442 1045; x_wconf 91' lang='lat' dir='ltr'><strong>in-</strong></span> 
     </span>
     <span class='ocr_line' id='line_1_18' title="bbox 1944 1082 3436 1164; baseline -0.001 -21"><span class='ocrx_word' id='word_1_102' title='bbox 1944 1082 2317 1144; x_wconf 87' lang='lat' dir='ltr'><strong>strumentis</strong></span> <span class='ocrx_word' id='word_1_103' title='bbox 2361 1101 2472 1144; x_wconf 91' lang='lat' dir='ltr'><strong>seu</strong></span> <span class='ocrx_word' id='word_1_104' title='bbox 2518 1083 2747 1145; x_wconf 91' lang='lat' dir='ltr'><strong>mediis</strong></span> <span class='ocrx_word' id='word_1_105' title='bbox 2788 1083 2949 1164; x_wconf 90' lang='lat' dir='ltr'><strong>ejus.</strong></span> <span class='ocrx_word' id='word_1_106' title='bbox 2985 1083 3158 1156; x_wconf 89' lang='lat' dir='ltr'><strong>Quis,</strong></span> <span class='ocrx_word' id='word_1_107' title='bbox 3201 1099 3436 1162; x_wconf 84' lang='lat' dir='ltr'><strong>quaeso,</strong></span> 
     </span>
     <span class='ocr_line' id='line_1_19' title="bbox 1943 1177 3440 1262; baseline -0.001 -20"><span class='ocrx_word' id='word_1_108' title='bbox 1943 1181 2238 1262; x_wconf 88' lang='lat' dir='ltr'><strong>quamvis</strong></span> <span class='ocrx_word' id='word_1_109' title='bbox 2296 1180 2527 1262; x_wconf 90' lang='lat' dir='ltr'><strong>spiritu</strong></span> <span class='ocrx_word' id='word_1_110' title='bbox 2587 1180 2860 1256; x_wconf 82' lang='lat' dir='ltr'><strong>fervenS,</strong></span> <span class='ocrx_word' id='word_1_111' title='bbox 2913 1179 3250 1262; x_wconf 82' lang='lat' dir='ltr'><strong>praevaleat</strong></span> <span class='ocrx_word' id='word_1_112' title='bbox 3306 1177 3440 1240; x_wconf 91' lang='lat' dir='ltr'><strong>suis</strong></span> 
     </span>
     <span class='ocr_line' id='line_1_20' title="bbox 1944 1277 3439 1352; baseline -0.001 -12"><span class='ocrx_word' id='word_1_113' title='bbox 1944 1278 2191 1340; x_wconf 86' lang='lat' dir='ltr'><strong>viribus</strong></span> <span class='ocrx_word' id='word_1_114' title='bbox 2240 1279 2575 1352; x_wconf 89' lang='lat' dir='ltr'><strong>sustinere,</strong></span> <span class='ocrx_word' id='word_1_115' title='bbox 2629 1279 2805 1341; x_wconf 92' lang='lat' dir='ltr'><strong>nulla</strong></span> <span class='ocrx_word' id='word_1_116' title='bbox 2862 1280 3194 1341; x_wconf 90' lang='lat' dir='ltr'><strong>hominum</strong></span> <span class='ocrx_word' id='word_1_117' title='bbox 3254 1277 3439 1339; x_wconf 89' lang='lat' dir='ltr'><strong>laude</strong></span> 
     </span>
     <span class='ocr_line' id='line_1_21' title="bbox 1943 1375 3440 1457; baseline -0.001 -19"><span class='ocrx_word' id='word_1_118' title='bbox 1943 1375 2271 1448; x_wconf 81' lang='lat' dir='ltr'><strong>suffultuS,</strong></span> <span class='ocrx_word' id='word_1_119' title='bbox 2306 1377 2663 1457; x_wconf 81' lang='lat' dir='ltr'><strong>squalorem</strong></span> <span class='ocrx_word' id='word_1_120' title='bbox 2713 1377 3098 1450; x_wconf 80' lang='lat' dir='ltr'><strong>solitudiniS,</strong></span> <span class='ocrx_word' id='word_1_121' title='bbox 3130 1384 3194 1438; x_wconf 90' lang='lat' dir='ltr'><strong>et</strong></span> <span class='ocrx_word' id='word_1_122' title='bbox 3236 1375 3440 1456; x_wconf 90' lang='lat' dir='ltr'><strong>quoti-</strong></span> 
     </span>
     <span class='ocr_line' id='line_1_22' title="bbox 1943 1473 3437 1555; baseline -0.003 -18"><span class='ocrx_word' id='word_1_123' title='bbox 1943 1474 2197 1537; x_wconf 80' lang='lat' dir='ltr'><strong>dianam</strong></span> <span class='ocrx_word' id='word_1_124' title='bbox 2258 1473 2413 1536; x_wconf 90' lang='lat' dir='ltr'><strong>sicci</strong></span> <span class='ocrx_word' id='word_1_125' title='bbox 2473 1475 2654 1555; x_wconf 89' lang='lat' dir='ltr'><strong>panis</strong></span> <span class='ocrx_word' id='word_1_126' title='bbox 2716 1492 2845 1537; x_wconf 91' lang='lat' dir='ltr'><strong>non</strong></span> <span class='ocrx_word' id='word_1_127' title='bbox 2902 1475 3045 1536; x_wconf 91' lang='lat' dir='ltr'><strong>dico</strong></span> <span class='ocrx_word' id='word_1_128' title='bbox 3103 1473 3437 1555; x_wconf 89' lang='lat' dir='ltr'><strong>penuriam</strong></span> 
     </span>
     <span class='ocr_line' id='line_1_23' title="bbox 1945 1571 3439 1654; baseline 0 -20"><span class='ocrx_word' id='word_1_129' title='bbox 1945 1573 2077 1634; x_wconf 91' lang='lat' dir='ltr'><strong>sive</strong></span> <span class='ocrx_word' id='word_1_130' title='bbox 2109 1573 2408 1646; x_wconf 83' lang='lat' dir='ltr'><strong>esuriem,</strong></span> <span class='ocrx_word' id='word_1_131' title='bbox 2444 1573 2553 1634; x_wconf 93' lang='lat' dir='ltr'><strong>sed</strong></span> <span class='ocrx_word' id='word_1_132' title='bbox 2585 1573 2789 1654; x_wconf 90' lang='lat' dir='ltr'><strong>ipsam</strong></span> <span class='ocrx_word' id='word_1_133' title='bbox 2820 1572 3258 1635; x_wconf 66' lang='lat' dir='ltr'><strong>saturitatem?</strong></span> <span class='ocrx_word' id='word_1_134' title='bbox 3288 1571 3439 1643; x_wconf 89' lang='lat' dir='ltr'><strong>Quis</strong></span> 
     </span>
     <span class='ocr_line' id='line_1_24' title="bbox 1945 1669 3439 1753; baseline -0.001 -22"><span class='ocrx_word' id='word_1_135' title='bbox 1945 1670 2391 1732; x_wconf 88' lang='lat' dir='ltr'><strong>incessabilem</strong></span> <span class='ocrx_word' id='word_1_136' title='bbox 2432 1690 2613 1753; x_wconf 81' lang='lat' dir='ltr'><strong>aquae</strong></span> <span class='ocrx_word' id='word_1_137' title='bbox 2644 1670 2963 1732; x_wconf 91' lang='lat' dir='ltr'><strong>defectum</strong></span> <span class='ocrx_word' id='word_1_138' title='bbox 2994 1677 3058 1732; x_wconf 87' lang='lat' dir='ltr'><strong>et</strong></span> <span class='ocrx_word' id='word_1_139' title='bbox 3086 1669 3261 1732; x_wconf 90' lang='lat' dir='ltr'><strong>sitim</strong></span> <span class='ocrx_word' id='word_1_140' title='bbox 3300 1670 3439 1731; x_wconf 89' lang='lat' dir='ltr'><strong>sine</strong></span> 
     </span>
     <span class='ocr_line' id='line_1_25' title="bbox 1945 1767 3439 1841; baseline 0 -13"><span class='ocrx_word' id='word_1_141' title='bbox 1945 1768 2377 1830; x_wconf 89' lang='lat' dir='ltr'><strong>consolatione</strong></span> <span class='ocrx_word' id='word_1_142' title='bbox 2408 1768 2623 1830; x_wconf 89' lang='lat' dir='ltr'><strong>divina</strong></span> <span class='ocrx_word' id='word_1_143' title='bbox 2654 1768 2857 1830; x_wconf 90' lang='lat' dir='ltr'><strong>valeat</strong></span> <span class='ocrx_word' id='word_1_144' title='bbox 2889 1767 3176 1841; x_wconf 87' lang='lat' dir='ltr'><strong>tolerare,</strong></span> <span class='ocrx_word' id='word_1_145' title='bbox 3199 1774 3263 1828; x_wconf 87' lang='lat' dir='ltr'><strong>et</strong></span> <span class='ocrx_word' id='word_1_146' title='bbox 3291 1784 3439 1829; x_wconf 95' lang='lat' dir='ltr'><strong>ocu-</strong></span> 
     </span>
    </p>
   </div>
   <div class='ocr_carea' id='block_1_6' title="bbox 367 1864 3443 1947">
    <p class='ocr_par' dir='ltr' id='par_1_6' title="bbox 367 1864 3443 1947">
     <span class='ocr_line' id='line_1_26' title="bbox 367 1864 3443 1947; baseline -0.001 -21"><span class='ocrx_word' id='word_1_147' title='bbox 367 1865 642 1944; x_wconf 85' lang='lat' dir='ltr'><strong>repressit</strong></span> <span class='ocrx_word' id='word_1_148' title='bbox 684 1865 1185 1947; x_wconf 82' lang='lat' dir='ltr'><strong>indignationem</strong></span> <span class='ocrx_word' id='word_1_149' title='bbox 1227 1885 1472 1940; x_wconf 88' lang='lat' dir='ltr'><strong>eorum,</strong></span> <span class='ocrx_word' id='word_1_150' title='bbox 1511 1867 1780 1929; x_wconf 89' lang='lat' dir='ltr'><strong>dicendo</strong></span> <span class='ocrx_word' id='word_1_151' title='bbox 1814 1883 1827 1928; x_wconf 93' lang='lat'>:</span> <span class='ocrx_word' id='word_1_152' title='bbox 1869 1865 1918 1928; x_wconf 90' lang='lat' dir='ltr'>B</span> <span class='ocrx_word' id='word_1_153' title='bbox 1949 1865 2026 1926; x_wconf 90' lang='lat' dir='ltr'><strong>lis</strong></span> <span class='ocrx_word' id='word_1_154' title='bbox 2071 1866 2204 1927; x_wconf 90' lang='lat' dir='ltr'><strong>suis</strong></span> <span class='ocrx_word' id='word_1_155' title='bbox 2248 1864 2617 1928; x_wconf 90' lang='lat' dir='ltr'><strong>subtrahere</strong></span> <span class='ocrx_word' id='word_1_156' title='bbox 2659 1866 2842 1927; x_wconf 91' lang='lat' dir='ltr'><strong>illum</strong></span> <span class='ocrx_word' id='word_1_157' title='bbox 2886 1883 3145 1926; x_wconf 89' lang='lat' dir='ltr'><strong>suavem</strong></span> <span class='ocrx_word' id='word_1_158' title='bbox 3192 1864 3443 1925; x_wconf 89' lang='lat' dir='ltr'><strong>matuti-</strong></span> 
     </span>
    </p>
   </div>
   <div class='ocr_carea' id='block_1_7' title="bbox 365 1963 1840 3028">
    <p class='ocr_par' dir='ltr' id='par_1_7' title="bbox 365 1963 1840 3028">
     <span class='ocr_line' id='line_1_27' title="bbox 366 1963 1836 2039; baseline 0.003 -16"><span class='ocrx_word' id='word_1_159' title='bbox 366 1963 679 2038; x_wconf 87' lang='lat' dir='ltr'><strong>Quiescite,</strong></span> <span class='ocrx_word' id='word_1_160' title='bbox 713 1982 752 2026; x_wconf 95' lang='lat' dir='ltr'><strong>o</strong></span> <span class='ocrx_word' id='word_1_161' title='bbox 779 1965 1048 2039; x_wconf 88' lang='lat' dir='ltr'><strong>sodales,</strong></span> <span class='ocrx_word' id='word_1_162' title='bbox 1082 1985 1224 2027; x_wconf 90' lang='lat' dir='ltr'><strong>sum</strong></span> <span class='ocrx_word' id='word_1_163' title='bbox 1255 1964 1515 2038; x_wconf 88' lang='lat' dir='ltr'><strong>etenim,</strong></span> <span class='ocrx_word' id='word_1_164' title='bbox 1551 1966 1661 2027; x_wconf 91' lang='lat' dir='ltr'><strong>sed</strong></span> <span class='ocrx_word' id='word_1_165' title='bbox 1691 1983 1836 2027; x_wconf 92' lang='lat' dir='ltr'><strong>con-</strong></span> 
     </span>
     <span class='ocr_line' id='line_1_28' title="bbox 367 2061 1836 2145; baseline 0.002 -24"><span class='ocrx_word' id='word_1_166' title='bbox 367 2061 536 2123; x_wconf 91' lang='lat' dir='ltr'><strong>tineo.</strong></span> <span class='ocrx_word' id='word_1_167' title='bbox 583 2063 997 2144; x_wconf 86' lang='lat' dir='ltr'><strong>Apertissime</strong></span> <span class='ocrx_word' id='word_1_168' title='bbox 1055 2081 1206 2145; x_wconf 89' lang='lat' dir='ltr'><strong>ergo</strong></span> <span class='ocrx_word' id='word_1_169' title='bbox 1265 2070 1654 2125; x_wconf 88' lang='lat' dir='ltr'><strong>monstratur</strong></span> <span class='ocrx_word' id='word_1_170' title='bbox 1708 2080 1836 2125; x_wconf 90' lang='lat' dir='ltr'><strong>non</strong></span> 
     </span>
     <span class='ocr_line' id='line_1_29' title="bbox 369 2159 1836 2236; baseline 0.001 -16"><span class='ocrx_word' id='word_1_171' title='bbox 369 2159 552 2222; x_wconf 90' lang='lat' dir='ltr'><strong>solum</strong></span> <span class='ocrx_word' id='word_1_172' title='bbox 613 2169 827 2223; x_wconf 89' lang='lat' dir='ltr'><strong>nostra</strong></span> <span class='ocrx_word' id='word_1_173' title='bbox 891 2160 1342 2236; x_wconf 82' lang='lat' dir='ltr'><strong>affirmatione,</strong></span> <span class='ocrx_word' id='word_1_174' title='bbox 1405 2162 1515 2224; x_wconf 86' lang='lat' dir='ltr'><strong>sed</strong></span> <span class='ocrx_word' id='word_1_175' title='bbox 1581 2161 1836 2224; x_wconf 90' lang='lat' dir='ltr'><strong>illorum</strong></span> 
     </span>
     <span class='ocr_line' id='line_1_30' title="bbox 367 2259 1836 2341; baseline 0.001 -23"><span class='ocrx_word' id='word_1_176' title='bbox 367 2273 598 2339; x_wconf 89' lang='lat' dir='ltr'><strong>quoque</strong></span> <span class='ocrx_word' id='word_1_177' title='bbox 626 2259 996 2332; x_wconf 88' lang='lat' dir='ltr'><strong>assertione,</strong></span> <span class='ocrx_word' id='word_1_178' title='bbox 1030 2259 1228 2322; x_wconf 88' lang='lat' dir='ltr'><strong>solam</strong></span> <span class='ocrx_word' id='word_1_179' title='bbox 1259 2259 1687 2341; x_wconf 86' lang='lat' dir='ltr'><strong>expletionem</strong></span> <span class='ocrx_word' id='word_1_180' title='bbox 1721 2260 1836 2320; x_wconf 89' lang='lat' dir='ltr'><strong>im-</strong></span> 
     </span>
     <span class='ocr_line' id='line_1_31' title="bbox 367 2355 1837 2440; baseline 0.002 -24"><span class='ocrx_word' id='word_1_181' title='bbox 367 2355 666 2436; x_wconf 78' lang='lat' dir='ltr'><strong>pudicitiae</strong></span> <span class='ocrx_word' id='word_1_182' title='bbox 706 2376 818 2419; x_wconf 90' lang='lat' dir='ltr'><strong>seu</strong></span> <span class='ocrx_word' id='word_1_183' title='bbox 856 2357 1320 2440; x_wconf 88' lang='lat' dir='ltr'><strong>turpitudinem</strong></span> <span class='ocrx_word' id='word_1_184' title='bbox 1363 2356 1837 2420; x_wconf 86' lang='lat' dir='ltr'><strong>commixtionis</strong></span> 
     </span>
     <span class='ocr_line' id='line_1_32' title="bbox 367 2453 1835 2537; baseline 0.001 -23"><span class='ocrx_word' id='word_1_185' title='bbox 367 2453 722 2516; x_wconf 78' lang='lat' dir='ltr'><strong>refrenatam</strong></span> <span class='ocrx_word' id='word_1_186' title='bbox 768 2473 908 2518; x_wconf 88' lang='lat' dir='ltr'><strong>esse</strong></span> <span class='ocrx_word' id='word_1_187' title='bbox 953 2455 1036 2517; x_wconf 91' lang='lat' dir='ltr'><strong>ab</strong></span> <span class='ocrx_word' id='word_1_188' title='bbox 1084 2455 1178 2517; x_wconf 91' lang='lat' dir='ltr'><strong>eis</strong></span> <span class='ocrx_word' id='word_1_189' title='bbox 1224 2454 1504 2518; x_wconf 90' lang='lat' dir='ltr'><strong>violento</strong></span> <span class='ocrx_word' id='word_1_190' title='bbox 1561 2456 1835 2537; x_wconf 91' lang='lat' dir='ltr'><strong>quodam</strong></span> 
     </span>
     <span class='ocr_line' id='line_1_33' title="bbox 367 2551 1836 2629; baseline 0.002 -18"><span class='ocrx_word' id='word_1_191' title='bbox 367 2559 608 2629; x_wconf 85' lang='lat' dir='ltr'><strong>conatu3</strong></span> <span class='ocrx_word' id='word_1_192' title='bbox 663 2569 790 2614; x_wconf 91' lang='lat' dir='ltr'><strong>non</strong></span> <span class='ocrx_word' id='word_1_193' title='bbox 848 2560 1062 2614; x_wconf 88' lang='lat' dir='ltr'><strong>tamen</strong></span> <span class='ocrx_word' id='word_1_194' title='bbox 1118 2553 1442 2614; x_wconf 85' lang='lat' dir='ltr'><strong>exclusam</strong></span> <span class='ocrx_word' id='word_1_195' title='bbox 1503 2551 1700 2614; x_wconf 90' lang='lat' dir='ltr'><strong>fuisse</strong></span> <span class='ocrx_word' id='word_1_196' title='bbox 1760 2553 1836 2614; x_wconf 91' lang='lat' dir='ltr'><strong>de</strong></span> 
     </span>
     <span class='ocr_line' id='line_1_34' title="bbox 368 2650 1838 2733; baseline 0.001 -23"><span class='ocrx_word' id='word_1_197' title='bbox 368 2650 533 2711; x_wconf 88' lang='lat' dir='ltr'><strong>corde</strong></span> <span class='ocrx_word' id='word_1_198' title='bbox 581 2650 865 2731; x_wconf 89' lang='lat' dir='ltr'><strong>ipsorum</strong></span> <span class='ocrx_word' id='word_1_199' title='bbox 923 2652 1510 2733; x_wconf 87' lang='lat' dir='ltr'><strong>concupiscentiam</strong></span> <span class='ocrx_word' id='word_1_200' title='bbox 1559 2659 1622 2713; x_wconf 93' lang='lat' dir='ltr'><strong>et</strong></span> <span class='ocrx_word' id='word_1_201' title='bbox 1669 2650 1838 2713; x_wconf 89' lang='lat' dir='ltr'><strong>oble—</strong></span> 
     </span>
     <span class='ocr_line' id='line_1_35' title="bbox 365 2748 1840 2830; baseline 0.002 -24"><span class='ocrx_word' id='word_1_202' title='bbox 365 2748 680 2809; x_wconf 88' lang='lat' dir='ltr'><strong>ctationem</strong></span> <span class='ocrx_word' id='word_1_203' title='bbox 707 2748 1184 2811; x_wconf 85' lang='lat' dir='ltr'><strong>commixtionis.</strong></span> <span class='ocrx_word' id='word_1_204' title='bbox 1201 2749 1445 2811; x_wconf 89' lang='lat' dir='ltr'><strong>Interea</strong></span> <span class='ocrx_word' id='word_1_205' title='bbox 1475 2767 1622 2811; x_wconf 90' lang='lat' dir='ltr'><strong>cum</strong></span> <span class='ocrx_word' id='word_1_206' title='bbox 1650 2767 1840 2830; x_wconf 91' lang='lat' dir='ltr'><strong>quan-</strong></span> 
     </span>
     <span class='ocr_line' id='line_1_36' title="bbox 367 2846 1840 2910; baseline 0.003 -6"><span class='ocrx_word' id='word_1_207' title='bbox 367 2851 422 2906; x_wconf 92' lang='lat' dir='ltr'><strong>to</strong></span> <span class='ocrx_word' id='word_1_208' title='bbox 469 2846 718 2910; x_wconf 88' lang='lat' dir='ltr'><strong>horrore</strong></span> <span class='ocrx_word' id='word_1_209' title='bbox 783 2848 1338 2910; x_wconf 88' lang='lat' dir='ltr'><strong>commemoranda</strong></span> <span class='ocrx_word' id='word_1_210' title='bbox 1396 2856 1492 2910; x_wconf 85' lang='lat' dir='ltr'><strong>cst</strong></span> <span class='ocrx_word' id='word_1_211' title='bbox 1555 2847 1840 2909; x_wconf 89' lang='lat' dir='ltr'><strong>doctrina</strong></span> 
     </span>
     <span class='ocr_line' id='line_1_37' title="bbox 367 2943 1837 3028; baseline 0.003 -25"><span class='ocrx_word' id='word_1_212' title='bbox 367 2943 680 3024; x_wconf 70' lang='lat' dir='ltr'><strong>Diogenis?</strong></span> <span class='ocrx_word' id='word_1_213' title='bbox 711 2946 888 3019; x_wconf 89' lang='lat' dir='ltr'><strong>Quod</strong></span> <span class='ocrx_word' id='word_1_214' title='bbox 916 2946 1090 3008; x_wconf 90' lang='lat' dir='ltr'><strong>enim</strong></span> <span class='ocrx_word' id='word_1_215' title='bbox 1123 2945 1541 3028; x_wconf 91' lang='lat' dir='ltr'><strong>philosophus</strong></span> <span class='ocrx_word' id='word_1_216' title='bbox 1574 2945 1681 3008; x_wconf 92' lang='lat' dir='ltr'><strong>ille</strong></span> <span class='ocrx_word' id='word_1_217' title='bbox 1713 2964 1837 3007; x_wconf 91' lang='lat' dir='ltr'><strong>non</strong></span> 
     </span>
    </p>
   </div>
   <div class='ocr_carea' id='block_1_8' title="bbox 1946 1964 3443 3026">
    <p class='ocr_par' dir='ltr' id='par_1_8' title="bbox 1946 1964 3443 2810">
     <span class='ocr_line' id='line_1_38' title="bbox 1946 1964 3442 2046; baseline -0.001 -21"><span class='ocrx_word' id='word_1_218' title='bbox 1946 1983 2102 2026; x_wconf 92' lang='lat' dir='ltr'><strong>num</strong></span> <span class='ocrx_word' id='word_1_219' title='bbox 2143 1981 2459 2046; x_wconf 90' lang='lat' dir='ltr'><strong>soporem,</strong></span> <span class='ocrx_word' id='word_1_220' title='bbox 2492 1971 2553 2026; x_wconf 91' lang='lat' dir='ltr'><strong>et</strong></span> <span class='ocrx_word' id='word_1_221' title='bbox 2586 1982 2809 2026; x_wconf 90' lang='lat' dir='ltr'><strong>somno</strong></span> <span class='ocrx_word' id='word_1_222' title='bbox 2844 1964 3140 2026; x_wconf 91' lang='lat' dir='ltr'><strong>horarum</strong></span> <span class='ocrx_word' id='word_1_223' title='bbox 3170 1970 3442 2045; x_wconf 90' lang='lat' dir='ltr'><strong>quatuor</strong></span> 
     </span>
     <span class='ocr_line' id='line_1_39' title="bbox 1946 2060 3441 2145; baseline -0.002 -22"><span class='ocrx_word' id='word_1_224' title='bbox 1946 2062 2233 2145; x_wconf 85' lang='lat' dir='ltr'><strong>quotidie</strong></span> <span class='ocrx_word' id='word_1_225' title='bbox 2278 2063 2671 2124; x_wconf 74' lang='lat' dir='ltr'><strong>contentari?</strong></span> <span class='ocrx_word' id='word_1_226' title='bbox 2712 2062 2862 2136; x_wconf 90' lang='lat' dir='ltr'><strong>Quis</strong></span> <span class='ocrx_word' id='word_1_227' title='bbox 2905 2063 3043 2125; x_wconf 89' lang='lat' dir='ltr'><strong>sine</strong></span> <span class='ocrx_word' id='word_1_228' title='bbox 3084 2060 3286 2142; x_wconf 85' lang='lat' dir='ltr'><strong>gratia</strong></span> <span class='ocrx_word' id='word_1_229' title='bbox 3330 2060 3441 2122; x_wconf 87' lang='lat' dir='ltr'><strong>Dei</strong></span> 
     </span>
     <span class='ocr_line' id='line_1_40' title="bbox 1946 2157 3442 2243; baseline -0.001 -21"><span class='ocrx_word' id='word_1_230' title='bbox 1946 2160 2203 2243; x_wconf 87' lang='lat' dir='ltr'><strong>explere</strong></span> <span class='ocrx_word' id='word_1_231' title='bbox 2270 2158 2553 2222; x_wconf 84' lang='lat' dir='ltr'><strong>sufficiat</strong></span> <span class='ocrx_word' id='word_1_232' title='bbox 2618 2160 3082 2222; x_wconf 88' lang='lat' dir='ltr'><strong>indesinentem</strong></span> <span class='ocrx_word' id='word_1_233' title='bbox 3152 2157 3442 2221; x_wconf 89' lang='lat' dir='ltr'><strong>lectionis</strong></span> 
     </span>
     <span class='ocr_line' id='line_1_41' title="bbox 1947 2256 3443 2339; baseline -0.002 -19"><span class='ocrx_word' id='word_1_234' title='bbox 1947 2259 2313 2320; x_wconf 88' lang='lat' dir='ltr'><strong>instantiam</strong></span> <span class='ocrx_word' id='word_1_235' title='bbox 2353 2265 2417 2319; x_wconf 91' lang='lat' dir='ltr'><strong>et</strong></span> <span class='ocrx_word' id='word_1_236' title='bbox 2458 2257 2847 2320; x_wconf 90' lang='lat' dir='ltr'><strong>irremissam</strong></span> <span class='ocrx_word' id='word_1_237' title='bbox 2889 2258 3102 2339; x_wconf 91' lang='lat' dir='ltr'><strong>operis</strong></span> <span class='ocrx_word' id='word_1_238' title='bbox 3144 2256 3443 2320; x_wconf 91' lang='lat' dir='ltr'><strong>sedulita—</strong></span> 
     </span>
     <span class='ocr_line' id='line_1_42' title="bbox 1949 2353 3441 2438; baseline -0.001 -21"><span class='ocrx_word' id='word_1_239' title='bbox 1949 2364 2098 2430; x_wconf 90' lang='lat' dir='ltr'><strong>tem,</strong></span> <span class='ocrx_word' id='word_1_240' title='bbox 2148 2355 2401 2418; x_wconf 91' lang='lat' dir='ltr'><strong>nullum</strong></span> <span class='ocrx_word' id='word_1_241' title='bbox 2452 2357 2710 2438; x_wconf 92' lang='lat' dir='ltr'><strong>capiens</strong></span> <span class='ocrx_word' id='word_1_242' title='bbox 2759 2357 3166 2419; x_wconf 91' lang='lat' dir='ltr'><strong>commodum</strong></span> <span class='ocrx_word' id='word_1_243' title='bbox 3226 2353 3441 2418; x_wconf 79' lang='lat' dir='ltr'><strong>saeculi</strong></span> 
     </span>
     <span class='ocr_line' id='line_1_43' title="bbox 1947 2453 3443 2536; baseline -0.002 -20"><span class='ocrx_word' id='word_1_244' title='bbox 1947 2462 2055 2516; x_wconf 89' lang='lat' dir='ltr'><strong>aut</strong></span> <span class='ocrx_word' id='word_1_245' title='bbox 2096 2454 2254 2516; x_wconf 90' lang='lat' dir='ltr'><strong>lucri</strong></span> <span class='ocrx_word' id='word_1_246' title='bbox 2296 2454 2673 2536; x_wconf 66' lang='lat' dir='ltr'><strong>praesentist</strong></span> <span class='ocrx_word' id='word_1_247' title='bbox 2703 2454 2850 2527; x_wconf 83' lang='lat' dir='ltr'><strong>Quae</strong></span> <span class='ocrx_word' id='word_1_248' title='bbox 2886 2453 3103 2517; x_wconf 90' lang='lat' dir='ltr'><strong>omnia</strong></span> <span class='ocrx_word' id='word_1_249' title='bbox 3140 2454 3307 2516; x_wconf 91' lang='lat' dir='ltr'><strong>sicut</strong></span> <span class='ocrx_word' id='word_1_250' title='bbox 3336 2453 3443 2514; x_wconf 89' lang='lat' dir='ltr'><strong>de-</strong></span> 
     </span>
     <span class='ocr_line' id='line_1_44' title="bbox 1947 2551 3440 2634; baseline -0.002 -19"><span class='ocrx_word' id='word_1_251' title='bbox 1947 2552 2209 2615; x_wconf 90' lang='lat' dir='ltr'><strong>siderari</strong></span> <span class='ocrx_word' id='word_1_252' title='bbox 2248 2572 2285 2614; x_wconf 88' lang='lat' dir='ltr'><strong>a</strong></span> <span class='ocrx_word' id='word_1_253' title='bbox 2328 2551 2512 2614; x_wconf 90' lang='lat' dir='ltr'><strong>nobis</strong></span> <span class='ocrx_word' id='word_1_254' title='bbox 2552 2551 2790 2633; x_wconf 86' lang='lat' dir='ltr'><strong>jugiter</strong></span> <span class='ocrx_word' id='word_1_255' title='bbox 2832 2559 3159 2634; x_wconf 91' lang='lat' dir='ltr'><strong>nequeunt</strong></span> <span class='ocrx_word' id='word_1_256' title='bbox 3201 2551 3440 2632; x_wconf 90' lang='lat' dir='ltr'><strong>absque</strong></span> 
     </span>
     <span class='ocr_line' id='line_1_45' title="bbox 1948 2648 3442 2732; baseline -0.002 -20"><span class='ocrx_word' id='word_1_257' title='bbox 1948 2649 2363 2732; x_wconf 89' lang='lat' dir='ltr'><strong>inspiratione</strong></span> <span class='ocrx_word' id='word_1_258' title='bbox 2394 2649 2631 2723; x_wconf 90' lang='lat' dir='ltr'><strong>divina,</strong></span> <span class='ocrx_word' id='word_1_259' title='bbox 2666 2650 2753 2712; x_wconf 92' lang='lat' dir='ltr'><strong>ita</strong></span> <span class='ocrx_word' id='word_1_260' title='bbox 2791 2668 2909 2712; x_wconf 92' lang='lat' dir='ltr'><strong>nec</strong></span> <span class='ocrx_word' id='word_1_261' title='bbox 2940 2648 3167 2732; x_wconf 88' lang='lat' dir='ltr'><strong>perfici</strong></span> <span class='ocrx_word' id='word_1_262' title='bbox 3198 2655 3442 2731; x_wconf 91' lang='lat' dir='ltr'><strong>queunt</strong></span> 
     </span>
     <span class='ocr_line' id='line_1_46' title="bbox 1947 2747 2541 2810; baseline -0.003 0"><span class='ocrx_word' id='word_1_263' title='bbox 1947 2748 2086 2810; x_wconf 87' lang='lat' dir='ltr'><strong>sine</strong></span> <span class='ocrx_word' id='word_1_264' title='bbox 2127 2747 2366 2810; x_wconf 90' lang='lat' dir='ltr'><strong>auxilio</strong></span> <span class='ocrx_word' id='word_1_265' title='bbox 2410 2748 2541 2809; x_wconf 90' lang='lat' dir='ltr'><strong>Dei.</strong></span> 
     </span>
    </p>

    <p class='ocr_par' dir='ltr' id='par_1_9' title="bbox 1947 2844 3443 3026">
     <span class='ocr_line' id='line_1_47' title="bbox 2029 2844 3443 2927; baseline -0.001 -20"><span class='ocrx_word' id='word_1_266' title='bbox 2029 2846 2314 2927; x_wconf 88' lang='lat' dir='ltr'><strong>Denique</strong></span> <span class='ocrx_word' id='word_1_267' title='bbox 2353 2845 2570 2908; x_wconf 90' lang='lat' dir='ltr'><strong>omnia</strong></span> <span class='ocrx_word' id='word_1_268' title='bbox 2609 2845 2729 2908; x_wconf 88' lang='lat' dir='ltr'><strong>ista</strong></span> <span class='ocrx_word' id='word_1_269' title='bbox 2758 2845 3066 2908; x_wconf 86' lang='lat' dir='ltr'><strong>faciemus</strong></span> <span class='ocrx_word' id='word_1_270' title='bbox 3095 2844 3277 2908; x_wconf 92' lang='lat' dir='ltr'><strong>vobis</strong></span> <span class='ocrx_word' id='word_1_271' title='bbox 3315 2864 3443 2906; x_wconf 89' lang='lat' dir='ltr'><strong>ma-</strong></span> 
     </span>
     <span class='ocr_line' id='line_1_48' title="bbox 1947 2943 3441 3026; baseline -0.001 -20"><span class='ocrx_word' id='word_1_272' title='bbox 1947 2943 2279 3006; x_wconf 87' lang='lat' dir='ltr'><strong>nifestiora</strong></span> <span class='ocrx_word' id='word_1_273' title='bbox 2316 2961 2443 3006; x_wconf 93' lang='lat' dir='ltr'><strong>non</strong></span> <span class='ocrx_word' id='word_1_274' title='bbox 2483 2944 2691 3006; x_wconf 90' lang='lat' dir='ltr'><strong>solum</strong></span> <span class='ocrx_word' id='word_1_275' title='bbox 2731 2943 2995 3026; x_wconf 88' lang='lat' dir='ltr'><strong>probata</strong></span> <span class='ocrx_word' id='word_1_276' title='bbox 3034 2943 3441 3024; x_wconf 68' lang='lat' dir='ltr'><strong>experientiae</strong></span> 
     </span>
    </p>
   </div>
   <div class='ocr_carea' id='block_1_9' title="bbox 367 3040 3443 3126">
    <p class='ocr_par' dir='ltr' id='par_1_10' title="bbox 367 3040 3443 3126">
     <span class='ocr_line' id='line_1_49' title="bbox 367 3040 3443 3126; baseline -0 -24"><span class='ocrx_word' id='word_1_277' title='bbox 367 3043 602 3105; x_wconf 85' lang='lat' dir='ltr'><strong>erubuit</strong></span> <span class='ocrx_word' id='word_1_278' title='bbox 647 3044 860 3106; x_wconf 87' lang='lat' dir='ltr'><strong>dicere</strong></span> <span class='ocrx_word' id='word_1_279' title='bbox 910 3052 1212 3126; x_wconf 90' lang='lat' dir='ltr'><strong>tanquam</strong></span> <span class='ocrx_word' id='word_1_280' title='bbox 1263 3043 1678 3106; x_wconf 89' lang='lat' dir='ltr'><strong>memorabile</strong></span> <span class='ocrx_word' id='word_1_281' title='bbox 1727 3043 1840 3104; x_wconf 88' lang='lat' dir='ltr'><strong>ali·</strong></span> <span class='ocrx_word' id='word_1_282' title='bbox 1872 3045 1915 3108; x_wconf 91' lang='lat' dir='ltr'>C</span> <span class='ocrx_word' id='word_1_283' title='bbox 1947 3049 2100 3116; x_wconf 90' lang='lat' dir='ltr'><strong>arte,</strong></span> <span class='ocrx_word' id='word_1_284' title='bbox 2137 3042 2247 3104; x_wconf 90' lang='lat' dir='ltr'><strong>sed</strong></span> <span class='ocrx_word' id='word_1_285' title='bbox 2283 3042 2472 3104; x_wconf 86' lang='lat' dir='ltr'><strong>certis</strong></span> <span class='ocrx_word' id='word_1_286' title='bbox 2513 3040 2711 3123; x_wconf 89' lang='lat' dir='ltr'><strong>signis</strong></span> <span class='ocrx_word' id='word_1_287' title='bbox 2747 3049 2810 3103; x_wconf 92' lang='lat' dir='ltr'><strong>et</strong></span> <span class='ocrx_word' id='word_1_288' title='bbox 2838 3041 3246 3123; x_wconf 82' lang='lat' dir='ltr'><strong>argumentis.</strong></span> <span class='ocrx_word' id='word_1_289' title='bbox 3281 3040 3443 3102; x_wconf 90' lang='lat' dir='ltr'><strong>Non-</strong></span> 
     </span>
    </p>
   </div>
   <div class='ocr_carea' id='block_1_10' title="bbox 365 3141 1842 4184">
    <p class='ocr_par' dir='ltr' id='par_1_11' title="bbox 365 3141 1842 4184">
     <span class='ocr_line' id='line_1_50' title="bbox 366 3141 1842 3224; baseline 0.001 -23"><span class='ocrx_word' id='word_1_290' title='bbox 366 3141 523 3221; x_wconf 89' lang='lat' dir='ltr'><strong>quid,</strong></span> <span class='ocrx_word' id='word_1_291' title='bbox 556 3161 680 3204; x_wconf 91' lang='lat' dir='ltr'><strong>non</strong></span> <span class='ocrx_word' id='word_1_292' title='bbox 726 3150 934 3224; x_wconf 90' lang='lat' dir='ltr'><strong>potest</strong></span> <span class='ocrx_word' id='word_1_293' title='bbox 971 3162 1008 3204; x_wconf 89' lang='lat' dir='ltr'><strong>a</strong></span> <span class='ocrx_word' id='word_1_294' title='bbox 1046 3141 1232 3206; x_wconf 90' lang='lat' dir='ltr'><strong>nobis</strong></span> <span class='ocrx_word' id='word_1_295' title='bbox 1277 3143 1416 3206; x_wconf 89' lang='lat' dir='ltr'><strong>sine</strong></span> <span class='ocrx_word' id='word_1_296' title='bbox 1460 3141 1842 3205; x_wconf 90' lang='lat' dir='ltr'><strong>verecundia</strong></span> 
     </span>
     <span class='ocr_line' id='line_1_51' title="bbox 367 3236 1841 3320; baseline 0.002 -23"><span class='ocrx_word' id='word_1_297' title='bbox 367 3236 478 3298; x_wconf 88' lang='lat' dir='ltr'><strong>dici</strong></span> <span class='ocrx_word' id='word_1_298' title='bbox 507 3257 710 3320; x_wconf 89' lang='lat' dir='ltr'><strong>neque</strong></span> <span class='ocrx_word' id='word_1_299' title='bbox 739 3240 966 3301; x_wconf 88' lang='lat' dir='ltr'><strong>audiri.</strong></span> <span class='ocrx_word' id='word_1_300' title='bbox 994 3239 1164 3302; x_wconf 88' lang='lat' dir='ltr'><strong>Dixit</strong></span> <span class='ocrx_word' id='word_1_301' title='bbox 1193 3247 1406 3301; x_wconf 90' lang='lat' dir='ltr'><strong>autem</strong></span> <span class='ocrx_word' id='word_1_302' title='bbox 1439 3239 1692 3301; x_wconf 92' lang='lat' dir='ltr'><strong>cuidam</strong></span> <span class='ocrx_word' id='word_1_303' title='bbox 1727 3256 1841 3319; x_wconf 91' lang='lat' dir='ltr'><strong>pro</strong></span> 
     </span>
     <span class='ocr_line' id='line_1_52' title="bbox 366 3335 1836 3418; baseline 0.001 -23"><span class='ocrx_word' id='word_1_304' title='bbox 366 3335 636 3398; x_wconf 85' lang='lat' dir='ltr'><strong>adulterii</strong></span> <span class='ocrx_word' id='word_1_305' title='bbox 698 3337 968 3399; x_wconf 90' lang='lat' dir='ltr'><strong>crimine</strong></span> <span class='ocrx_word' id='word_1_306' title='bbox 1026 3336 1353 3418; x_wconf 90' lang='lat' dir='ltr'><strong>puniendo</strong></span> <span class='ocrx_word' id='word_1_307' title='bbox 1401 3337 1502 3418; x_wconf 91' lang='lat' dir='ltr'><strong>(ut</strong></span> <span class='ocrx_word' id='word_1_308' title='bbox 1550 3336 1778 3416; x_wconf 90' lang='lat' dir='ltr'><strong>fertur)</strong></span> <span class='ocrx_word' id='word_1_309' title='bbox 1821 3353 1836 3397; x_wconf 90' lang='lat'>:</span> 
     </span>
     <span class='ocr_line' id='line_1_53' title="bbox 367 3432 1834 3515; baseline 0.001 -21"><span class='ocrx_word' id='word_1_310' title='bbox 367 3432 523 3505; x_wconf 85' lang='lat' dir='ltr'><strong>Quod</strong></span> <span class='ocrx_word' id='word_1_311' title='bbox 575 3435 772 3515; x_wconf 86' lang='lat' dir='ltr'><strong>gratis</strong></span> <span class='ocrx_word' id='word_1_312' title='bbox 824 3435 1143 3508; x_wconf 90' lang='lat' dir='ltr'><strong>venditur,</strong></span> <span class='ocrx_word' id='word_1_313' title='bbox 1196 3443 1398 3497; x_wconf 90' lang='lat' dir='ltr'><strong>morte</strong></span> <span class='ocrx_word' id='word_1_314' title='bbox 1457 3452 1584 3497; x_wconf 91' lang='lat' dir='ltr'><strong>non</strong></span> <span class='ocrx_word' id='word_1_315' title='bbox 1642 3452 1834 3496; x_wconf 79' lang='lat' dir='ltr'><strong>emaS.</strong></span> 
     </span>
     <span class='ocr_line' id='line_1_54' title="bbox 368 3529 1839 3614; baseline 0.001 -23"><span class='ocrx_word' id='word_1_316' title='bbox 368 3529 601 3593; x_wconf 87' lang='lat' dir='ltr'><strong>Constat</strong></span> <span class='ocrx_word' id='word_1_317' title='bbox 627 3550 780 3614; x_wconf 89' lang='lat' dir='ltr'><strong>ergo</strong></span> <span class='ocrx_word' id='word_1_318' title='bbox 809 3532 1222 3614; x_wconf 89' lang='lat' dir='ltr'><strong>philosophos</strong></span> <span class='ocrx_word' id='word_1_319' title='bbox 1262 3550 1390 3595; x_wconf 94' lang='lat' dir='ltr'><strong>non</strong></span> <span class='ocrx_word' id='word_1_320' title='bbox 1431 3533 1684 3595; x_wconf 90' lang='lat' dir='ltr'><strong>novisse</strong></span> <span class='ocrx_word' id='word_1_321' title='bbox 1716 3531 1839 3593; x_wconf 86' lang='lat' dir='ltr'><strong>vir-</strong></span> 
     </span>
     <span class='ocr_line' id='line_1_55' title="bbox 367 3629 1840 3712; baseline 0.003 -26"><span class='ocrx_word' id='word_1_322' title='bbox 367 3633 546 3690; x_wconf 88' lang='lat' dir='ltr'><strong>tutem</strong></span> <span class='ocrx_word' id='word_1_323' title='bbox 575 3647 740 3692; x_wconf 80' lang='lat' dir='ltr'><strong>verae</strong></span> <span class='ocrx_word' id='word_1_324' title='bbox 781 3629 1108 3704; x_wconf 90' lang='lat' dir='ltr'><strong>castitatis,</strong></span> <span class='ocrx_word' id='word_1_325' title='bbox 1141 3650 1282 3712; x_wconf 83' lang='lat' dir='ltr'><strong>quae</strong></span> <span class='ocrx_word' id='word_1_326' title='bbox 1311 3650 1347 3691; x_wconf 90' lang='lat' dir='ltr'><strong>a</strong></span> <span class='ocrx_word' id='word_1_327' title='bbox 1377 3629 1562 3692; x_wconf 91' lang='lat' dir='ltr'><strong>nobis</strong></span> <span class='ocrx_word' id='word_1_328' title='bbox 1601 3630 1840 3711; x_wconf 89' lang='lat' dir='ltr'><strong>expeti-</strong></span> 
     </span>
     <span class='ocr_line' id='line_1_56' title="bbox 367 3727 1840 3810; baseline 0.004 -26"><span class='ocrx_word' id='word_1_329' title='bbox 367 3731 484 3804; x_wconf 89' lang='lat' dir='ltr'><strong>tur;</strong></span> <span class='ocrx_word' id='word_1_330' title='bbox 523 3727 789 3809; x_wconf 90' lang='lat' dir='ltr'><strong>ideoque</strong></span> <span class='ocrx_word' id='word_1_331' title='bbox 833 3728 1264 3790; x_wconf 87' lang='lat' dir='ltr'><strong>certissimum</strong></span> <span class='ocrx_word' id='word_1_332' title='bbox 1307 3736 1404 3791; x_wconf 89' lang='lat' dir='ltr'><strong>est</strong></span> <span class='ocrx_word' id='word_1_333' title='bbox 1442 3728 1840 3810; x_wconf 88' lang='lat' dir='ltr'><strong>spiritualem</strong></span> 
     </span>
     <span class='ocr_line' id='line_1_57' title="bbox 365 3825 1840 3909; baseline 0.001 -24"><span class='ocrx_word' id='word_1_334' title='bbox 365 3833 624 3888; x_wconf 85' lang='lat' dir='ltr'><strong>nostram</strong></span> <span class='ocrx_word' id='word_1_335' title='bbox 655 3825 1213 3889; x_wconf 90' lang='lat' dir='ltr'><strong>circumcisionem</strong></span> <span class='ocrx_word' id='word_1_336' title='bbox 1256 3845 1382 3888; x_wconf 90' lang='lat' dir='ltr'><strong>non</strong></span> <span class='ocrx_word' id='word_1_337' title='bbox 1423 3844 1609 3908; x_wconf 89' lang='lat' dir='ltr'><strong>posse</strong></span> <span class='ocrx_word' id='word_1_338' title='bbox 1641 3827 1840 3909; x_wconf 89' lang='lat' dir='ltr'><strong>possi-</strong></span> 
     </span>
     <span class='ocr_line' id='line_1_58' title="bbox 365 3921 1841 3998; baseline 0.002 -15"><span class='ocrx_word' id='word_1_339' title='bbox 365 3921 484 3984; x_wconf 90' lang='lat' dir='ltr'><strong>deri</strong></span> <span class='ocrx_word' id='word_1_340' title='bbox 527 3925 648 3986; x_wconf 91' lang='lat' dir='ltr'><strong>nisi</strong></span> <span class='ocrx_word' id='word_1_341' title='bbox 691 3942 956 3987; x_wconf 90' lang='lat' dir='ltr'><strong>munere</strong></span> <span class='ocrx_word' id='word_1_342' title='bbox 1003 3925 1136 3998; x_wconf 92' lang='lat' dir='ltr'><strong>Dei,</strong></span> <span class='ocrx_word' id='word_1_343' title='bbox 1169 3932 1234 3987; x_wconf 93' lang='lat' dir='ltr'><strong>et</strong></span> <span class='ocrx_word' id='word_1_344' title='bbox 1271 3943 1412 3987; x_wconf 87' lang='lat' dir='ltr'><strong>eam</strong></span> <span class='ocrx_word' id='word_1_345' title='bbox 1457 3925 1664 3986; x_wconf 86' lang='lat' dir='ltr'><strong>inesse</strong></span> <span class='ocrx_word' id='word_1_346' title='bbox 1707 3933 1841 3986; x_wconf 89' lang='lat' dir='ltr'><strong>tan-</strong></span> 
     </span>
     <span class='ocr_line' id='line_1_59' title="bbox 365 4022 1842 4104; baseline 0.003 -24"><span class='ocrx_word' id='word_1_347' title='bbox 365 4023 672 4086; x_wconf 90' lang='lat' dir='ltr'><strong>tummodo</strong></span> <span class='ocrx_word' id='word_1_348' title='bbox 706 4022 836 4084; x_wconf 89' lang='lat' dir='ltr'><strong>illis</strong></span> <span class='ocrx_word' id='word_1_349' title='bbox 868 4023 977 4104; x_wconf 91' lang='lat' dir='ltr'><strong>qui</strong></span> <span class='ocrx_word' id='word_1_350' title='bbox 1012 4031 1138 4085; x_wconf 91' lang='lat' dir='ltr'><strong>tota</strong></span> <span class='ocrx_word' id='word_1_351' title='bbox 1177 4023 1408 4085; x_wconf 88' lang='lat' dir='ltr'><strong>mentis</strong></span> <span class='ocrx_word' id='word_1_352' title='bbox 1449 4042 1578 4086; x_wconf 81' lang='lat' dir='ltr'><strong>suae</strong></span> <span class='ocrx_word' id='word_1_353' title='bbox 1614 4023 1842 4085; x_wconf 91' lang='lat' dir='ltr'><strong>contri-</strong></span> 
     </span>
     <span class='ocr_line' id='line_1_60' title="bbox 366 4117 1115 4184; baseline 0.005 -6"><span class='ocrx_word' id='word_1_354' title='bbox 366 4117 519 4182; x_wconf 89' lang='lat' dir='ltr'><strong>tione</strong></span> <span class='ocrx_word' id='word_1_355' title='bbox 560 4120 926 4184; x_wconf 90' lang='lat' dir='ltr'><strong>deserviunt</strong></span> <span class='ocrx_word' id='word_1_356' title='bbox 969 4122 1115 4184; x_wconf 89' lang='lat' dir='ltr'><strong>Deo.</strong></span> 
     </span>
    </p>
   </div>
   <div class='ocr_carea' id='block_1_11' title="bbox 755 4373 1434 4438">
    <p class='ocr_par' dir='ltr' id='par_1_12' title="bbox 755 4373 1434 4438">
     <span class='ocr_line' id='line_1_61' title="bbox 755 4373 1434 4438; baseline -0.001 -1"><span class='ocrx_word' id='word_1_357' title='bbox 755 4373 1257 4438; x_wconf 87' lang='lat' dir='ltr'>CAPITULUM</span> <span class='ocrx_word' id='word_1_358' title='bbox 1320 4374 1434 4437; x_wconf 88' lang='lat' dir='ltr'><strong>VI.</strong></span> 
     </span>
    </p>
   </div>
   <div class='ocr_carea' id='block_1_12' title="bbox 401 4519 1808 4682">
    <p class='ocr_par' dir='ltr' id='par_1_13' title="bbox 401 4519 1808 4682">
     <span class='ocr_line' id='line_1_62' title="bbox 401 4519 1808 4592; baseline 0.001 -17"><span class='ocrx_word' id='word_1_359' title='bbox 401 4519 558 4586; x_wconf 86' lang='lat' dir='ltr'><strong>Quod</strong></span> <span class='ocrx_word' id='word_1_360' title='bbox 585 4521 718 4576; x_wconf 80' lang='lat' dir='ltr'><strong>sine</strong></span> <span class='ocrx_word' id='word_1_361' title='bbox 744 4521 956 4592; x_wconf 67' lang='lat' dir='ltr'><strong>qratia</strong></span> <span class='ocrx_word' id='word_1_362' title='bbox 981 4520 1095 4576; x_wconf 84' lang='lat' dir='ltr'><strong>Dei</strong></span> <span class='ocrx_word' id='word_1_363' title='bbox 1123 4520 1324 4576; x_wconf 78' lang='lat' dir='ltr'><strong>nullos</strong></span> <span class='ocrx_word' id='word_1_364' title='bbox 1351 4527 1604 4577; x_wconf 74' lang='lat' dir='ltr'><strong>conatus</strong></span> <span class='ocrx_word' id='word_1_365' title='bbox 1633 4526 1808 4577; x_wconf 81' lang='lat' dir='ltr'><strong>natu-</strong></span> 
     </span>
     <span class='ocr_line' id='line_1_63' title="bbox 520 4609 1668 4682; baseline 0.002 -20"><span class='ocrx_word' id='word_1_366' title='bbox 520 4609 676 4666; x_wconf 78' lang='lat' dir='ltr'><strong>ralis</strong></span> <span class='ocrx_word' id='word_1_367' title='bbox 705 4609 1034 4666; x_wconf 77' lang='lat' dir='ltr'><strong>industriae</strong></span> <span class='ocrx_word' id='word_1_368' title='bbox 1061 4611 1314 4682; x_wconf 75' lang='lat' dir='ltr'><strong>eoesequi</strong></span> <span class='ocrx_word' id='word_1_369' title='bbox 1341 4609 1668 4667; x_wconf 77' lang='lat' dir='ltr'><strong>valeamus.</strong></span> 
     </span>
    </p>
   </div>
   <div class='ocr_carea' id='block_1_13' title="bbox 367 4803 1848 5377">
    <p class='ocr_par' dir='ltr' id='par_1_14' title="bbox 367 4803 1848 5377">
     <span class='ocr_line' id='line_1_64' title="bbox 499 4803 1843 4888; baseline 0.002 -22"><span class='ocrx_word' id='word_1_370' title='bbox 499 4805 626 4868; x_wconf 83' lang='lat' dir='ltr'><strong>INC</strong></span> <span class='ocrx_word' id='word_1_371' title='bbox 665 4803 960 4886; x_wconf 91' lang='lat' dir='ltr'><strong>quamvis</strong></span> <span class='ocrx_word' id='word_1_372' title='bbox 999 4805 1198 4886; x_wconf 89' lang='lat' dir='ltr'><strong>possit</strong></span> <span class='ocrx_word' id='word_1_373' title='bbox 1238 4805 1483 4867; x_wconf 91' lang='lat' dir='ltr'><strong>ostendi</strong></span> <span class='ocrx_word' id='word_1_374' title='bbox 1526 4807 1696 4888; x_wconf 92' lang='lat' dir='ltr'><strong>quod</strong></span> <span class='ocrx_word' id='word_1_375' title='bbox 1735 4807 1843 4868; x_wconf 91' lang='lat' dir='ltr'><strong>ho-</strong></span> 
     </span>
     <span class='ocr_line' id='line_1_65' title="bbox 519 4903 1845 4986; baseline 0.001 -20"><span class='ocrx_word' id='word_1_376' title='bbox 519 4904 724 4966; x_wconf 88' lang='lat' dir='ltr'><strong>mines</strong></span> <span class='ocrx_word' id='word_1_377' title='bbox 765 4903 1088 4984; x_wconf 81' lang='lat' dir='ltr'><strong>indigeant</strong></span> <span class='ocrx_word' id='word_1_378' title='bbox 1117 4923 1370 4986; x_wconf 88' lang='lat' dir='ltr'><strong>semper</strong></span> <span class='ocrx_word' id='word_1_379' title='bbox 1397 4906 1598 4986; x_wconf 88' lang='lat' dir='ltr'><strong>gratia</strong></span> <span class='ocrx_word' id='word_1_380' title='bbox 1628 4905 1738 4967; x_wconf 89' lang='lat' dir='ltr'><strong>Dei</strong></span> <span class='ocrx_word' id='word_1_381' title='bbox 1781 4907 1845 4967; x_wconf 91' lang='lat' dir='ltr'><strong>in</strong></span> 
     </span>
     <span class='ocr_line' id='line_1_66' title="bbox 367 5001 1844 5076; baseline 0.001 -14"><span class='ocrx_word' id='word_1_382' title='bbox 367 5001 592 5076; x_wconf 84' lang='lat' dir='ltr'><strong>multis,</strong></span> <span class='ocrx_word' id='word_1_383' title='bbox 646 5001 777 5064; x_wconf 90' lang='lat' dir='ltr'><strong>imo</strong></span> <span class='ocrx_word' id='word_1_384' title='bbox 828 5001 895 5063; x_wconf 93' lang='lat' dir='ltr'><strong>in</strong></span> <span class='ocrx_word' id='word_1_385' title='bbox 949 5001 1271 5076; x_wconf 79' lang='lat' dir='ltr'><strong>omnibuS,</strong></span> <span class='ocrx_word' id='word_1_386' title='bbox 1323 5021 1441 5064; x_wconf 90' lang='lat' dir='ltr'><strong>nec</strong></span> <span class='ocrx_word' id='word_1_387' title='bbox 1500 5001 1844 5064; x_wconf 88' lang='lat' dir='ltr'><strong>humanam</strong></span> 
     </span>
     <span class='ocr_line' id='line_1_67' title="bbox 369 5097 1847 5182; baseline 0.004 -26"><span class='ocrx_word' id='word_1_388' title='bbox 369 5097 754 5180; x_wconf 79' lang='lat' dir='ltr'><strong>fragilitatem</strong></span> <span class='ocrx_word' id='word_1_389' title='bbox 797 5117 982 5181; x_wconf 88' lang='lat' dir='ltr'><strong>posse</strong></span> <span class='ocrx_word' id='word_1_390' title='bbox 1024 5098 1334 5182; x_wconf 90' lang='lat' dir='ltr'><strong>perficere</strong></span> <span class='ocrx_word' id='word_1_391' title='bbox 1373 5101 1616 5182; x_wconf 89' lang='lat' dir='ltr'><strong>aliquid</strong></span> <span class='ocrx_word' id='word_1_392' title='bbox 1656 5101 1847 5182; x_wconf 90' lang='lat' dir='ltr'><strong>perti-</strong></span> 
     </span>
     <span class='ocr_line' id='line_1_68' title="bbox 369 5197 1848 5279; baseline 0.001 -21"><span class='ocrx_word' id='word_1_393' title='bbox 369 5215 512 5260; x_wconf 87' lang='lat' dir='ltr'><strong>nens</strong></span> <span class='ocrx_word' id='word_1_394' title='bbox 559 5199 638 5260; x_wconf 90' lang='lat' dir='ltr'><strong>ad</strong></span> <span class='ocrx_word' id='word_1_395' title='bbox 687 5197 978 5270; x_wconf 90' lang='lat' dir='ltr'><strong>salutem,</strong></span> <span class='ocrx_word' id='word_1_396' title='bbox 1033 5216 1147 5279; x_wconf 89' lang='lat' dir='ltr'><strong>per</strong></span> <span class='ocrx_word' id='word_1_397' title='bbox 1193 5216 1259 5259; x_wconf 88' lang='lat' dir='ltr'><strong>se</strong></span> <span class='ocrx_word' id='word_1_398' title='bbox 1309 5199 1532 5272; x_wconf 90' lang='lat' dir='ltr'><strong>solam,</strong></span> <span class='ocrx_word' id='word_1_399' title='bbox 1583 5198 1704 5260; x_wconf 94' lang='lat' dir='ltr'><strong>hoc</strong></span> <span class='ocrx_word' id='word_1_400' title='bbox 1753 5206 1848 5260; x_wconf 90' lang='lat' dir='ltr'><strong>est</strong></span> 
     </span>
     <span class='ocr_line' id='line_1_69' title="bbox 373 5293 1846 5377; baseline 0.003 -22"><span class='ocrx_word' id='word_1_401' title='bbox 373 5293 496 5356; x_wconf 90' lang='lat' dir='ltr'><strong>sine</strong></span> <span class='ocrx_word' id='word_1_402' title='bbox 551 5296 864 5377; x_wconf 88' lang='lat' dir='ltr'><strong>adjutorio</strong></span> <span class='ocrx_word' id='word_1_403' title='bbox 917 5294 1051 5370; x_wconf 90' lang='lat' dir='ltr'><strong>Dei,</strong></span> <span class='ocrx_word' id='word_1_404' title='bbox 1104 5294 1172 5356; x_wconf 91' lang='lat' dir='ltr'><strong>in</strong></span> <span class='ocrx_word' id='word_1_405' title='bbox 1229 5296 1408 5360; x_wconf 92' lang='lat' dir='ltr'><strong>nullo</strong></span> <span class='ocrx_word' id='word_1_406' title='bbox 1455 5304 1666 5359; x_wconf 87' lang='lat' dir='ltr'><strong>tamen</strong></span> <span class='ocrx_word' id='word_1_407' title='bbox 1727 5297 1846 5360; x_wconf 91' lang='lat' dir='ltr'><strong>hoc</strong></span> 
     </span>
    </p>
   </div>
   <div class='ocr_carea' id='block_1_14' title="bbox 1947 3138 3449 4202">
    <p class='ocr_par' dir='ltr' id='par_1_15' title="bbox 1947 3138 3449 4202">
     <span class='ocr_line' id='line_1_70' title="bbox 1949 3138 3443 3222; baseline -0.002 -20"><span class='ocrx_word' id='word_1_408' title='bbox 1949 3159 2028 3202; x_wconf 88' lang='lat' dir='ltr'><strong>ne</strong></span> <span class='ocrx_word' id='word_1_409' title='bbox 2073 3141 2138 3202; x_wconf 91' lang='lat' dir='ltr'><strong>in</strong></span> <span class='ocrx_word' id='word_1_410' title='bbox 2184 3140 2405 3202; x_wconf 91' lang='lat' dir='ltr'><strong>multis</strong></span> <span class='ocrx_word' id='word_1_411' title='bbox 2447 3159 2589 3221; x_wconf 84' lang='lat' dir='ltr'><strong>quae</strong></span> <span class='ocrx_word' id='word_1_412' title='bbox 2632 3147 2925 3222; x_wconf 91' lang='lat' dir='ltr'><strong>optamus</strong></span> <span class='ocrx_word' id='word_1_413' title='bbox 2970 3139 3207 3201; x_wconf 84' lang='lat' dir='ltr'><strong>utiliter</strong></span> <span class='ocrx_word' id='word_1_414' title='bbox 3248 3138 3443 3200; x_wconf 92' lang='lat' dir='ltr'><strong>adim-</strong></span> 
     </span>
     <span class='ocr_line' id='line_1_71' title="bbox 1951 3237 3445 3321; baseline -0.001 -22"><span class='ocrx_word' id='word_1_415' title='bbox 1951 3239 2146 3320; x_wconf 89' lang='lat' dir='ltr'><strong>plere,</strong></span> <span class='ocrx_word' id='word_1_416' title='bbox 2180 3239 2474 3321; x_wconf 89' lang='lat' dir='ltr'><strong>quamvis</strong></span> <span class='ocrx_word' id='word_1_417' title='bbox 2518 3238 2745 3320; x_wconf 88' lang='lat' dir='ltr'><strong>plenus</strong></span> <span class='ocrx_word' id='word_1_418' title='bbox 2787 3238 3085 3301; x_wconf 90' lang='lat' dir='ltr'><strong>desiderii</strong></span> <span class='ocrx_word' id='word_1_419' title='bbox 3129 3237 3340 3299; x_wconf 85' lang='lat' dir='ltr'><strong>fervor</strong></span> <span class='ocrx_word' id='word_1_420' title='bbox 3382 3243 3445 3297; x_wconf 87' lang='lat' dir='ltr'><strong>et</strong></span> 
     </span>
     <span class='ocr_line' id='line_1_72' title="bbox 1949 3333 3444 3418; baseline -0.001 -20"><span class='ocrx_word' id='word_1_421' title='bbox 1949 3338 2243 3400; x_wconf 89' lang='lat' dir='ltr'><strong>voluntas</strong></span> <span class='ocrx_word' id='word_1_422' title='bbox 2274 3335 2557 3418; x_wconf 87' lang='lat' dir='ltr'><strong>perfecta</strong></span> <span class='ocrx_word' id='word_1_423' title='bbox 2583 3336 2762 3410; x_wconf 89' lang='lat' dir='ltr'><strong>adsit,</strong></span> <span class='ocrx_word' id='word_1_424' title='bbox 2777 3343 2987 3398; x_wconf 89' lang='lat' dir='ltr'><strong>tamen</strong></span> <span class='ocrx_word' id='word_1_425' title='bbox 3016 3333 3444 3398; x_wconf 88' lang='lat' dir='ltr'><strong>interveniens</strong></span> 
     </span>
     <span class='ocr_line' id='line_1_73' title="bbox 1948 3433 3444 3516; baseline -0.003 -19"><span class='ocrx_word' id='word_1_426' title='bbox 1948 3453 2371 3516; x_wconf 84' lang='lat' dir='ltr'><strong>quaecumque</strong></span> <span class='ocrx_word' id='word_1_427' title='bbox 2420 3433 2728 3515; x_wconf 83' lang='lat' dir='ltr'><strong>fragilitas</strong></span> <span class='ocrx_word' id='word_1_428' title='bbox 2777 3434 3045 3516; x_wconf 90' lang='lat' dir='ltr'><strong>impedit</strong></span> <span class='ocrx_word' id='word_1_429' title='bbox 3085 3433 3165 3495; x_wconf 92' lang='lat' dir='ltr'><strong>ab</strong></span> <span class='ocrx_word' id='word_1_430' title='bbox 3208 3433 3444 3496; x_wconf 88' lang='lat' dir='ltr'><strong>effectu</strong></span> 
     </span>
     <span class='ocr_line' id='line_1_74' title="bbox 1948 3530 3449 3615; baseline -0.001 -21"><span class='ocrx_word' id='word_1_431' title='bbox 1948 3539 2094 3595; x_wconf 87' lang='lat' dir='ltr'><strong>vota</strong></span> <span class='ocrx_word' id='word_1_432' title='bbox 2123 3540 2447 3615; x_wconf 89' lang='lat' dir='ltr'><strong>concepta,</strong></span> <span class='ocrx_word' id='word_1_433' title='bbox 2466 3551 2581 3592; x_wconf 92' lang='lat' dir='ltr'><strong>nec</strong></span> <span class='ocrx_word' id='word_1_434' title='bbox 2614 3530 2885 3592; x_wconf 87' lang='lat' dir='ltr'><strong>effectus</strong></span> <span class='ocrx_word' id='word_1_435' title='bbox 2916 3531 3313 3613; x_wconf 90' lang='lat' dir='ltr'><strong>propositum</strong></span> <span class='ocrx_word' id='word_1_436' title='bbox 3344 3548 3449 3593; x_wconf 91' lang='lat' dir='ltr'><strong>no·</strong></span> 
     </span>
     <span class='ocr_line' id='line_1_75' title="bbox 1948 3627 3443 3711; baseline -0.001 -19"><span class='ocrx_word' id='word_1_437' title='bbox 1948 3638 2152 3692; x_wconf 91' lang='lat' dir='ltr'><strong>strum</strong></span> <span class='ocrx_word' id='word_1_438' title='bbox 2192 3630 2623 3711; x_wconf 88' lang='lat' dir='ltr'><strong>consequitur,</strong></span> <span class='ocrx_word' id='word_1_439' title='bbox 2658 3628 2782 3690; x_wconf 89' lang='lat' dir='ltr'><strong>nisi</strong></span> <span class='ocrx_word' id='word_1_440' title='bbox 2822 3629 3025 3690; x_wconf 89' lang='lat' dir='ltr'><strong>virtus</strong></span> <span class='ocrx_word' id='word_1_441' title='bbox 3068 3627 3443 3711; x_wconf 88' lang='lat' dir='ltr'><strong>perficiendi</strong></span> 
     </span>
     <span class='ocr_line' id='line_1_76' title="bbox 1947 3727 3447 3809; baseline -0.002 -19"><span class='ocrx_word' id='word_1_442' title='bbox 1947 3728 2269 3791; x_wconf 88' lang='lat' dir='ltr'><strong>tribuatur</strong></span> <span class='ocrx_word' id='word_1_443' title='bbox 2297 3748 2334 3791; x_wconf 91' lang='lat' dir='ltr'><strong>a</strong></span> <span class='ocrx_word' id='word_1_444' title='bbox 2364 3728 2672 3790; x_wconf 89' lang='lat' dir='ltr'><strong>Domino:</strong></span> <span class='ocrx_word' id='word_1_445' title='bbox 2704 3727 2791 3789; x_wconf 91' lang='lat' dir='ltr'><strong>ita</strong></span> <span class='ocrx_word' id='word_1_446' title='bbox 2822 3735 2891 3789; x_wconf 91' lang='lat' dir='ltr'><strong>ut</strong></span> <span class='ocrx_word' id='word_1_447' title='bbox 2921 3746 3120 3809; x_wconf 92' lang='lat' dir='ltr'><strong>quum</strong></span> <span class='ocrx_word' id='word_1_448' title='bbox 3152 3727 3231 3788; x_wconf 91' lang='lat' dir='ltr'><strong>sit</strong></span> <span class='ocrx_word' id='word_1_449' title='bbox 3267 3727 3447 3788; x_wconf 90' lang='lat' dir='ltr'><strong>innu-</strong></span> 
     </span>
     <span class='ocr_line' id='line_1_77' title="bbox 1951 3824 3446 3907; baseline -0.003 -18"><span class='ocrx_word' id='word_1_450' title='bbox 1951 3846 2124 3889; x_wconf 88' lang='lat' dir='ltr'><strong>mera</strong></span> <span class='ocrx_word' id='word_1_451' title='bbox 2165 3826 2499 3889; x_wconf 90' lang='lat' dir='ltr'><strong>hominum</strong></span> <span class='ocrx_word' id='word_1_452' title='bbox 2546 3825 2890 3887; x_wconf 89' lang='lat' dir='ltr'><strong>multitudo</strong></span> <span class='ocrx_word' id='word_1_453' title='bbox 2928 3844 3069 3907; x_wconf 82' lang='lat' dir='ltr'><strong>quae</strong></span> <span class='ocrx_word' id='word_1_454' title='bbox 3110 3824 3288 3907; x_wconf 92' lang='lat' dir='ltr'><strong>cupit</strong></span> <span class='ocrx_word' id='word_1_455' title='bbox 3326 3824 3446 3887; x_wconf 87' lang='lat' dir='ltr'><strong>vir-</strong></span> 
     </span>
     <span class='ocr_line' id='line_1_78' title="bbox 1949 3921 3446 3998; baseline -0.001 -12"><span class='ocrx_word' id='word_1_456' title='bbox 1949 3932 2158 3986; x_wconf 89' lang='lat' dir='ltr'><strong>tutum</strong></span> <span class='ocrx_word' id='word_1_457' title='bbox 2196 3924 2423 3986; x_wconf 91' lang='lat' dir='ltr'><strong>studiis</strong></span> <span class='ocrx_word' id='word_1_458' title='bbox 2464 3922 2742 3985; x_wconf 90' lang='lat' dir='ltr'><strong>fideliter</strong></span> <span class='ocrx_word' id='word_1_459' title='bbox 2773 3922 3101 3998; x_wconf 83' lang='lat' dir='ltr'><strong>inbaerere,</strong></span> <span class='ocrx_word' id='word_1_460' title='bbox 3134 3921 3446 3984; x_wconf 89' lang='lat' dir='ltr'><strong>rarissimi</strong></span> 
     </span>
     <span class='ocr_line' id='line_1_79' title="bbox 1951 4019 3446 4104; baseline -0.001 -22"><span class='ocrx_word' id='word_1_461' title='bbox 1951 4029 2162 4084; x_wconf 89' lang='lat' dir='ltr'><strong>tamen</strong></span> <span class='ocrx_word' id='word_1_462' title='bbox 2205 4023 2333 4084; x_wconf 90' lang='lat' dir='ltr'><strong>sint</strong></span> <span class='ocrx_word' id='word_1_463' title='bbox 2368 4021 2479 4104; x_wconf 91' lang='lat' dir='ltr'><strong>qui</strong></span> <span class='ocrx_word' id='word_1_464' title='bbox 2519 4021 2653 4084; x_wconf 84' lang='lat' dir='ltr'><strong>haec</strong></span> <span class='ocrx_word' id='word_1_465' title='bbox 2698 4019 3008 4103; x_wconf 91' lang='lat' dir='ltr'><strong>perficere</strong></span> <span class='ocrx_word' id='word_1_466' title='bbox 3050 4021 3446 4102; x_wconf 88' lang='lat' dir='ltr'><strong>tolerareque</strong></span> 
     </span>
     <span class='ocr_line' id='line_1_80' title="bbox 1950 4118 3447 4202; baseline -0.001 -20"><span class='ocrx_word' id='word_1_467' title='bbox 1950 4120 2235 4199; x_wconf 85' lang='lat' dir='ltr'><strong>valeant3</strong></span> <span class='ocrx_word' id='word_1_468' title='bbox 2281 4128 2351 4182; x_wconf 90' lang='lat' dir='ltr'><strong>ut</strong></span> <span class='ocrx_word' id='word_1_469' title='bbox 2393 4119 2871 4202; x_wconf 78' lang='lat' dir='ltr'><strong>praetermittam</strong></span> <span class='ocrx_word' id='word_1_470' title='bbox 2916 4118 3085 4200; x_wconf 92' lang='lat' dir='ltr'><strong>quod</strong></span> <span class='ocrx_word' id='word_1_471' title='bbox 3134 4136 3251 4180; x_wconf 90' lang='lat' dir='ltr'><strong>nec</strong></span> <span class='ocrx_word' id='word_1_472' title='bbox 3293 4126 3447 4181; x_wconf 90' lang='lat' dir='ltr'><strong>tunc</strong></span> 
     </span>
    </p>
   </div>
   <div class='ocr_carea' id='block_1_15' title="bbox 1871 4217 3448 4300">
    <p class='ocr_par' dir='ltr' id='par_1_16' title="bbox 1871 4217 3448 4300">
     <span class='ocr_line' id='line_1_81' title="bbox 1871 4217 3448 4300; baseline -0.002 -18"><span class='ocrx_word' id='word_1_473' title='bbox 1871 4221 1920 4282; x_wconf 92' lang='lat' dir='ltr'>D</span> <span class='ocrx_word' id='word_1_474' title='bbox 1951 4218 2219 4281; x_wconf 90' lang='lat' dir='ltr'><strong>facultas</strong></span> <span class='ocrx_word' id='word_1_475' title='bbox 2258 4219 2483 4300; x_wconf 86' lang='lat' dir='ltr'><strong>agendi</strong></span> <span class='ocrx_word' id='word_1_476' title='bbox 2517 4219 2814 4281; x_wconf 91' lang='lat' dir='ltr'><strong>universa</strong></span> <span class='ocrx_word' id='word_1_477' title='bbox 2844 4237 2985 4299; x_wconf 83' lang='lat' dir='ltr'><strong>quae</strong></span> <span class='ocrx_word' id='word_1_478' title='bbox 3015 4217 3311 4279; x_wconf 90' lang='lat' dir='ltr'><strong>volumus</strong></span> <span class='ocrx_word' id='word_1_479' title='bbox 3343 4234 3448 4280; x_wconf 90' lang='lat' dir='ltr'><strong>no-</strong></span> 
     </span>
    </p>
   </div>
   <div class='ocr_carea' id='block_1_16' title="bbox 1951 4313 3451 5377">
    <p class='ocr_par' dir='ltr' id='par_1_17' title="bbox 1951 4313 3451 5377">
     <span class='ocr_line' id='line_1_82' title="bbox 1951 4313 3451 4398; baseline -0.001 -20"><span class='ocrx_word' id='word_1_480' title='bbox 1951 4324 2094 4379; x_wconf 84' lang='lat' dir='ltr'><strong>strae</strong></span> <span class='ocrx_word' id='word_1_481' title='bbox 2125 4316 2412 4398; x_wconf 85' lang='lat' dir='ltr'><strong>subjacet</strong></span> <span class='ocrx_word' id='word_1_482' title='bbox 2438 4315 2748 4398; x_wconf 90' lang='lat' dir='ltr'><strong>potestati,</strong></span> <span class='ocrx_word' id='word_1_483' title='bbox 2762 4315 2913 4377; x_wconf 91' lang='lat' dir='ltr'><strong>dum</strong></span> <span class='ocrx_word' id='word_1_484' title='bbox 2945 4313 3285 4377; x_wconf 86' lang='lat' dir='ltr'><strong>infirmitas</strong></span> <span class='ocrx_word' id='word_1_485' title='bbox 3315 4314 3451 4376; x_wconf 88' lang='lat' dir='ltr'><strong>nul·</strong></span> 
     </span>
     <span class='ocr_line' id='line_1_83' title="bbox 1952 4412 3451 4496; baseline -0.002 -20"><span class='ocrx_word' id='word_1_486' title='bbox 1952 4414 2012 4476; x_wconf 89' lang='lat' dir='ltr'><strong>la</strong></span> <span class='ocrx_word' id='word_1_487' title='bbox 2040 4431 2154 4476; x_wconf 89' lang='lat' dir='ltr'><strong>nos</strong></span> <span class='ocrx_word' id='word_1_488' title='bbox 2192 4413 2499 4496; x_wconf 67' lang='lat' dir='ltr'><strong>impedit?</strong></span> <span class='ocrx_word' id='word_1_489' title='bbox 2530 4413 2665 4475; x_wconf 88' lang='lat' dir='ltr'><strong>Non</strong></span> <span class='ocrx_word' id='word_1_490' title='bbox 2697 4413 2870 4474; x_wconf 91' lang='lat' dir='ltr'><strong>enim</strong></span> <span class='ocrx_word' id='word_1_491' title='bbox 2906 4421 3199 4474; x_wconf 88' lang='lat' dir='ltr'><strong>tenemus</strong></span> <span class='ocrx_word' id='word_1_492' title='bbox 3232 4412 3451 4474; x_wconf 89' lang='lat' dir='ltr'><strong>solitu-</strong></span> 
     </span>
     <span class='ocr_line' id='line_1_84' title="bbox 1951 4509 3445 4592; baseline -0.001 -18"><span class='ocrx_word' id='word_1_493' title='bbox 1951 4512 2120 4574; x_wconf 90' lang='lat' dir='ltr'><strong>dinis</strong></span> <span class='ocrx_word' id='word_1_494' title='bbox 2150 4511 2499 4586; x_wconf 89' lang='lat' dir='ltr'><strong>silentium,</strong></span> <span class='ocrx_word' id='word_1_495' title='bbox 2533 4511 2998 4574; x_wconf 90' lang='lat' dir='ltr'><strong>districtionem</strong></span> <span class='ocrx_word' id='word_1_496' title='bbox 3027 4509 3445 4592; x_wconf 87' lang='lat' dir='ltr'><strong>jejuniorum,</strong></span> 
     </span>
     <span class='ocr_line' id='line_1_85' title="bbox 1952 4609 3445 4692; baseline -0.001 -20"><span class='ocrx_word' id='word_1_497' title='bbox 1952 4610 2319 4672; x_wconf 88' lang='lat' dir='ltr'><strong>instantiam</strong></span> <span class='ocrx_word' id='word_1_498' title='bbox 2378 4610 2669 4673; x_wconf 90' lang='lat' dir='ltr'><strong>lectionis</strong></span> <span class='ocrx_word' id='word_1_499' title='bbox 2716 4627 2834 4692; x_wconf 89' lang='lat' dir='ltr'><strong>pro</strong></span> <span class='ocrx_word' id='word_1_500' title='bbox 2890 4616 3106 4672; x_wconf 89' lang='lat' dir='ltr'><strong>nostro</strong></span> <span class='ocrx_word' id='word_1_501' title='bbox 3158 4609 3445 4684; x_wconf 89' lang='lat' dir='ltr'><strong>arbitrio,</strong></span> 
     </span>
     <span class='ocr_line' id='line_1_86' title="bbox 1951 4708 3451 4791; baseline -0.001 -20"><span class='ocrx_word' id='word_1_502' title='bbox 1951 4710 2144 4771; x_wconf 88' lang='lat' dir='ltr'><strong>etiam</strong></span> <span class='ocrx_word' id='word_1_503' title='bbox 2175 4718 2461 4791; x_wconf 88' lang='lat' dir='ltr'><strong>tempore</strong></span> <span class='ocrx_word' id='word_1_504' title='bbox 2492 4708 2601 4771; x_wconf 93' lang='lat' dir='ltr'><strong>illo</strong></span> <span class='ocrx_word' id='word_1_505' title='bbox 2630 4726 2758 4790; x_wconf 92' lang='lat' dir='ltr'><strong>quo</strong></span> <span class='ocrx_word' id='word_1_506' title='bbox 2789 4725 3165 4790; x_wconf 90' lang='lat' dir='ltr'><strong>possumus;</strong></span> <span class='ocrx_word' id='word_1_507' title='bbox 3199 4708 3307 4770; x_wconf 91' lang='lat' dir='ltr'><strong>sed</strong></span> <span class='ocrx_word' id='word_1_508' title='bbox 3349 4725 3451 4770; x_wconf 91' lang='lat' dir='ltr'><strong>oc-</strong></span> 
     </span>
     <span class='ocr_line' id='line_1_87' title="bbox 1954 4805 3451 4887; baseline -0.001 -18"><span class='ocrx_word' id='word_1_509' title='bbox 1954 4806 2359 4869; x_wconf 88' lang='lat' dir='ltr'><strong>currentibus</strong></span> <span class='ocrx_word' id='word_1_510' title='bbox 2390 4806 2599 4868; x_wconf 91' lang='lat' dir='ltr'><strong>causis</strong></span> <span class='ocrx_word' id='word_1_511' title='bbox 2628 4805 3035 4887; x_wconf 90' lang='lat' dir='ltr'><strong>quibusdam,</strong></span> <span class='ocrx_word' id='word_1_512' title='bbox 3069 4805 3451 4867; x_wconf 91' lang='lat' dir='ltr'><strong>retrahimur</strong></span> 
     </span>
     <span class='ocr_line' id='line_1_88' title="bbox 1956 4902 3448 4986; baseline -0.001 -19"><span class='ocrx_word' id='word_1_513' title='bbox 1956 4923 2121 4986; x_wconf 85' lang='lat' dir='ltr'><strong>saepe</strong></span> <span class='ocrx_word' id='word_1_514' title='bbox 2175 4903 2547 4966; x_wconf 88' lang='lat' dir='ltr'><strong>invitissimi</strong></span> <span class='ocrx_word' id='word_1_515' title='bbox 2595 4922 2632 4965; x_wconf 89' lang='lat' dir='ltr'><strong>a</strong></span> <span class='ocrx_word' id='word_1_516' title='bbox 2679 4903 3063 4965; x_wconf 89' lang='lat' dir='ltr'><strong>salutaribus</strong></span> <span class='ocrx_word' id='word_1_517' title='bbox 3118 4902 3448 4978; x_wconf 82' lang='lat' dir='ltr'><strong>institutiS,</strong></span> 
     </span>
     <span class='ocr_line' id='line_1_89' title="bbox 1956 5000 3451 5083; baseline -0.003 -18"><span class='ocrx_word' id='word_1_518' title='bbox 1956 5005 2044 5065; x_wconf 91' lang='lat' dir='ltr'><strong>ita</strong></span> <span class='ocrx_word' id='word_1_519' title='bbox 2077 5010 2146 5063; x_wconf 90' lang='lat' dir='ltr'><strong>ut</strong></span> <span class='ocrx_word' id='word_1_520' title='bbox 2181 5019 2440 5064; x_wconf 87' lang='lat' dir='ltr'><strong>necesse</strong></span> <span class='ocrx_word' id='word_1_521' title='bbox 2480 5002 2561 5062; x_wconf 90' lang='lat' dir='ltr'><strong>sit</strong></span> <span class='ocrx_word' id='word_1_522' title='bbox 2594 5000 2779 5063; x_wconf 90' lang='lat' dir='ltr'><strong>nobis</strong></span> <span class='ocrx_word' id='word_1_523' title='bbox 2813 5001 3138 5083; x_wconf 88' lang='lat' dir='ltr'><strong>deprecari</strong></span> <span class='ocrx_word' id='word_1_524' title='bbox 3171 5019 3209 5061; x_wconf 91' lang='lat' dir='ltr'><strong>a</strong></span> <span class='ocrx_word' id='word_1_525' title='bbox 3243 5001 3451 5062; x_wconf 89' lang='lat' dir='ltr'><strong>Domi-</strong></span> 
     </span>
     <span class='ocr_line' id='line_1_90' title="bbox 1958 5096 3450 5182; baseline -0.001 -20"><span class='ocrx_word' id='word_1_526' title='bbox 1958 5119 2038 5163; x_wconf 89' lang='lat' dir='ltr'><strong>no</strong></span> <span class='ocrx_word' id='word_1_527' title='bbox 2069 5100 2321 5182; x_wconf 90' lang='lat' dir='ltr'><strong>copiam</strong></span> <span class='ocrx_word' id='word_1_528' title='bbox 2352 5099 2473 5162; x_wconf 91' lang='lat' dir='ltr'><strong>loci</strong></span> <span class='ocrx_word' id='word_1_529' title='bbox 2504 5118 2577 5161; x_wconf 90' lang='lat' dir='ltr'><strong>ac</strong></span> <span class='ocrx_word' id='word_1_530' title='bbox 2606 5099 2913 5181; x_wconf 89' lang='lat' dir='ltr'><strong>temporis</strong></span> <span class='ocrx_word' id='word_1_531' title='bbox 2949 5098 3014 5159; x_wconf 93' lang='lat' dir='ltr'><strong>in</strong></span> <span class='ocrx_word' id='word_1_532' title='bbox 3046 5097 3279 5179; x_wconf 90' lang='lat' dir='ltr'><strong>quibus</strong></span> <span class='ocrx_word' id='word_1_533' title='bbox 3315 5096 3450 5161; x_wconf 84' lang='lat' dir='ltr'><strong>haec</strong></span> 
     </span>
     <span class='ocr_line' id='line_1_91' title="bbox 1957 5196 3450 5280; baseline -0.001 -20"><span class='ocrx_word' id='word_1_534' title='bbox 1957 5217 2253 5261; x_wconf 86' lang='lat' dir='ltr'><strong>exercere</strong></span> <span class='ocrx_word' id='word_1_535' title='bbox 2284 5197 2622 5280; x_wconf 90' lang='lat' dir='ltr'><strong>possimus.</strong></span> <span class='ocrx_word' id='word_1_536' title='bbox 2650 5197 2724 5258; x_wconf 93' lang='lat' dir='ltr'><strong>Et</strong></span> <span class='ocrx_word' id='word_1_537' title='bbox 2756 5205 2999 5259; x_wconf 91' lang='lat' dir='ltr'><strong>certum</strong></span> <span class='ocrx_word' id='word_1_538' title='bbox 3031 5203 3128 5258; x_wconf 87' lang='lat' dir='ltr'><strong>est</strong></span> <span class='ocrx_word' id='word_1_539' title='bbox 3156 5211 3286 5257; x_wconf 93' lang='lat' dir='ltr'><strong>non</strong></span> <span class='ocrx_word' id='word_1_540' title='bbox 3318 5196 3450 5258; x_wconf 90' lang='lat' dir='ltr'><strong>suf-</strong></span> 
     </span>
     <span class='ocr_line' id='line_1_92' title="bbox 1959 5293 3445 5377; baseline -0.002 -18"><span class='ocrx_word' id='word_1_541' title='bbox 1959 5297 2156 5359; x_wconf 85' lang='lat' dir='ltr'><strong>ficere</strong></span> <span class='ocrx_word' id='word_1_542' title='bbox 2208 5296 2394 5359; x_wconf 92' lang='lat' dir='ltr'><strong>nobis</strong></span> <span class='ocrx_word' id='word_1_543' title='bbox 2443 5295 2563 5358; x_wconf 88' lang='lat' dir='ltr'><strong>hoc</strong></span> <span class='ocrx_word' id='word_1_544' title='bbox 2606 5295 2819 5377; x_wconf 89' lang='lat' dir='ltr'><strong>ipsum</strong></span> <span class='ocrx_word' id='word_1_545' title='bbox 2861 5293 3031 5377; x_wconf 90' lang='lat' dir='ltr'><strong>quod</strong></span> <span class='ocrx_word' id='word_1_546' title='bbox 3080 5309 3445 5375; x_wconf 74' lang='lat' dir='ltr'><strong>possumuS,</strong></span> 
     </span>
    </p>
   </div>
  </div>
 </body>
</html>
