4359 6267
1015 507 1434 555 commolunt
1475 507 1558 553 SS.
1593 507 1837 553 mmm!
1878 505 2053 552 LIBER
2094 506 2157 551 11.
2200 524 2281 534 —
2321 503 2606 551 coLLArto
2645 505 2760 550 xm

3314 483 3435 548 293

1343 887 2044 1001 COLLATIO
2145 888 2421 998 XIII

1209 1130 1595 1226 (Abbatis
1666 1129 2213 1206 Chaeremonis
2282 1130 2565 1224 tertia)

1415 1376 1518 1428 DE
1569 1373 2126 1427 PROTECTIONE
2179 1373 2341 1426 DEI.

611 1715 1115 1780 CAPITULUM
1170 1714 1540 1778 PRIMUM.

883 1854 1269 1911 Prooemium.

473 2050 634 2114 UUM
682 2057 826 2132 post
873 2048 1196 2112 modicum
1248 2067 1544 2112 somnum
1592 2050 1826 2112 redire-

341 2047 466 2249 Ο
495 2169 634 2212 mus
671 2149 750 2211 ad
793 2147 1170 2210 matutinam
1213 2148 1524 2232 synaxim,
1557 2148 1826 2230 reperis-

336 2265 670 2329 semusque
714 2265 956 2319 senem,
986 2245 1185 2309 abbas
1224 2246 1574 2309 Germanus
1618 2263 1827 2308 move-

337 2344 520 2406 batur
564 2344 866 2427 scrupulo
914 2361 1144 2426 magno
1185 2361 1200 2406 z
1242 2343 1546 2426 quoniam
1589 2342 1656 2404 in
1699 2342 1824 2406 col-

337 2442 564 2505 latione
621 2442 991 2525 praehabita,
1054 2462 1196 2524 quae
1258 2440 1578 2504 infuderat
1639 2441 1826 2504 nobis

337 2541 717 2603 desiderium
745 2542 1101 2603 maximum
1133 2540 1439 2602 castitatis
1470 2539 1820 2621 incognitae,

335 2638 548 2702 beatus
591 2657 783 2702 senex
823 2638 1160 2701 videbatur
1199 2657 1477 2700 cassasse
1522 2637 1820 2700 meritum

335 2736 618 2800 humanae
647 2737 998 2812 industriae,
1016 2754 1304 2799 asserens
1334 2736 1661 2799 hominem
1693 2754 1821 2799 non

1854 1653 2060 1716 Alam
2100 1652 2493 1716 indefessum
2533 1652 2813 1716 laborem
2855 1654 3222 1738 impendere
3262 1656 3431 1720 circa

1935 1751 2249 1814 culturam
2282 1760 2485 1825 terrae,
2520 1770 2648 1815 non
2677 1752 3113 1816 adscribamus
3144 1753 3427 1817 fructum

1934 1857 2116 1914 terrae
2159 1849 2331 1914 illius
2376 1850 2577 1914 labori
2618 1851 2930 1931 agricolas.

2340 2101 2845 2169 CAPITULUM
2904 2107 3023 2170 ΙΙΙ.

1933 2258 2287 2330 Responsio,
2318 2260 2481 2332 quod
2516 2260 2649 2315 sine
2686 2262 3004 2331 adjmorio
3038 2265 3155 2321 Dei
3188 2281 3295 2322 nec
3329 2282 3427 2322 ca-

2001 2347 2239 2403 stitatis
2276 2347 2575 2420 perfectio
2615 2365 2719 2405 nec
2758 2351 3005 2425 aliquid
3046 2355 3429 2411 meritorium

2001 2451 2126 2492 esse
2145 2438 2366 2509 possit.

2055 2631 2447 2696 HAEREMON
2492 2651 2507 2696 ε
2552 2634 2681 2698 Hoc
2730 2635 2869 2718 ipso
2917 2637 3211 2719 exemplo
3255 2640 3425 2720 quod

2074 2731 2517 2812 proposuistiS‚
2568 2733 2927 2796 evidentius
2977 2736 3427 2818 comprobatur

337 2851 512 2914 posse
559 2853 696 2897 esse
746 2842 1105 2917 compotem
1157 2833 1306 2896 boni
1356 2852 1468 2896 seu
1519 2833 1818 2895 idoneum
1853 2833 1901 2896 B
1930 2827 2308 2890 industriam
2346 2828 2689 2894 laborantis
2729 2831 2891 2894 nihil
2932 2850 3117 2914 posse
3155 2833 3427 2915 profice-

333 2931 406 2992 ad
455 2931 614 2994 bene
660 2933 999 3013 agendum,
1042 2931 1335 3014 quamvis
1383 2931 1531 2994 totis
1575 2930 1820 2994 viribus

335 3030 600 3092 enitatur
635 3031 714 3093 ad
753 3047 947 3112 opera
983 3031 1286 3104 virtuosa,
1321 3031 1445 3092 nisi
1493 3029 1650 3092 illud
1694 3029 1818 3092 sibi

335 3128 595 3189 donetur
633 3128 919 3210 largitate
960 3129 1178 3209 gratiae
1221 3129 1354 3202 Dei,
1387 3146 1514 3191 non
1561 3127 1820 3210 proprio

333 3226 554 3289 studio.
589 3227 787 3300 Quam
831 3227 1248 3309 quaestionem
1291 3227 1444 3288 dum
1495 3227 1660 3289 inter
1703 3244 1818 3289 nos

335 3341 472 3385 cum
519 3324 934 3387 admiratione
982 3324 1474 3398 revolveremus,
1525 3343 1817 3406 egressus

334 3421 546 3485 cellam
574 3441 752 3485 suam
787 3422 1008 3484 beatus
1040 3422 1430 3496 Chaeremon,
1449 3442 1648 3504 quum
1680 3441 1818 3485 sen-

333 3518 510 3582 sisset
546 3537 662 3582 nos
701 3520 978 3582 invicem
1019 3519 1379 3594 mussitare,
1413 3519 1644 3584 Officio
1683 3538 1817 3583 ora-

332 3616 566 3680 tionum
610 3626 673 3680 et
716 3617 1108 3700 psalmorum
1156 3636 1286 3699 prae
1329 3617 1515 3680 solito
1557 3618 1814 3681 brevius

335 3714 664 3793 persoluto,
699 3715 1109 3795 interrogavit
1150 3715 1306 3796 quid
1349 3734 1463 3778 nos
1506 3724 1806 3778 moveret.

735 3967 1238 4032 CAPITULUM
1303 3967 1391 4030 II.

387 4109 815 4184 Interroyatio,
865 4128 976 4168 cur
1017 4113 1240 4168 merita
1283 4111 1580 4168 virtutum
1625 4128 1747 4168 non

470 4200 909 4257 adscribantur
935 4201 1266 4257 industria!
1295 4199 1657 4256 laborantis.

460 4395 819 4459 ERMANUS
866 4415 881 4459 ε
934 4397 1250 4470 Quantum
1301 4397 1480 4487 quasi
1531 4398 1810 4461 excludi-

478 4513 622 4556 mur
657 4513 696 4557 a
731 4494 862 4557 fide
906 4494 1368 4577 possibilitatis,
1404 4503 1662 4578 propt-er
1706 4516 1808 4559 su-

331 4586 697 4654 blimitatem
729 4593 984 4655 virtutis
1019 4612 1129 4655 seu
1163 4594 1468 4655 castitatis
1497 4595 1808 4656 excellen-

329 4687 580 4752 tissimae
612 4709 754 4772 quae
790 4690 1126 4753 collatione
1155 4699 1465 4753 nocturna
1497 4691 1682 4753 nobis
1714 4700 1808 4754 est

331 4787 648 4864 patefacta,
661 4796 908 4850 tantum
940 4788 1124 4850 nobis
1155 4789 1406 4852 videtur
1436 4788 1804 4864 absurdum,

331 4882 377 4943 si
413 4885 800 4966 stipendium
841 4905 952 4948 seu
997 4885 1241 4948 fructus
1285 4886 1597 4961 laborum,
1631 4895 1810 4969 utpo-

329 4988 382 5043 te
410 4983 711 5046 castitatis
751 4984 1080 5065 perfectio,
1114 5003 1256 5066 quae
1285 4985 1639 5067 acquiritur
1667 5005 1810 5068 pro-

329 5079 438 5157 prii
471 5079 702 5142 laboris
734 5081 1055 5155 instantia,
1090 5098 1218 5143 non
1247 5082 1644 5144 adscribatur
1673 5102 1812 5164 spe-

1929 2943 1996 2987 re
2044 2925 2181 2988 sine
2224 2926 2540 3007 adjutorio
2584 2929 2716 2990 Dei.
2759 2929 2887 2992 Nec
2928 2931 3101 2992 enim
3149 2933 3426 3013 agricola

1928 3041 2127 3103 quum
2167 3025 2541 3106 expenderit
2571 3044 2791 3090 omnes
2832 3046 2979 3091 suos
3014 3037 3275 3092 conatus
3306 3032 3425 3092 cir-

1929 3138 2002 3183 ca
2043 3128 2227 3185 terrae
2271 3122 2607 3199 culturam,
2646 3125 2878 3206 poterit
2921 3125 3200 3190 fructum
3250 3147 3422 3210 sege-

1926 3225 2062 3280 tum
2105 3218 2587 3303 ubertatemque
2626 3221 2883 3304 frugum
2930 3243 3076 3287 mox
3118 3226 3423 3308 deputare

1926 3335 2056 3378 suae
2099 3317 2448 3392 industria»,
2482 3338 2675 3400 quam
2716 3319 3083 3403 frequenter
3124 3332 3422 3406 expertus

1924 3421 2022 3476 est
2068 3433 2207 3477 esse
2256 3424 2584 3491 cassatam,
2631 3417 2756 3480 nisi
2807 3438 2948 3482 eam
2998 3420 3423 3504 subsequatur

1923 3513 2365 3594 opportunitas
2423 3514 2787 3596 pluviarum
2849 3518 3141 3600 aerisque
3200 3539 3422 3584 serena

1921 3610 2389 3692 tranquillita83
2432 3611 2520 3674 ita
2553 3620 2623 3674 ut
2660 3613 3039 3697 plerumque
3071 3618 3419 3682 viderimus

1923 3706 2170 3770 fructus
2230 3716 2509 3772 maturos
2562 3711 2640 3774 de
2701 3729 2893 3775 manu
2951 3715 3419 3795 quodammodo

1919 3807 2275 3869 tenentium
2315 3826 2453 3870 esse
2494 3817 2859 3891 praereptoS,
2891 3819 2956 3873 et
2982 3814 3307 3876 assiduum
3343 3814 3416 3876 il-

1920 3902 2054 3965 lum
2086 3904 2367 3968 laborem
2399 3905 2835 3970 laborantibus
2867 3908 2955 3970 nil
2991 3911 3249 3992 penitus
3278 3931 3416 3995 pro-

1845 4011 1888 4074 c
1918 3999 2138 4077 fuisse,
2211 4003 2513 4085 quoniam
2582 4003 2759 4067 labor
2826 4005 2934 4068 ille
3002 4025 3129 4070 non
3192 4009 3413 4074 divino

1917 4100 2206 4164 subsidio
2244 4108 2722 4164 consummatus
2760 4110 2951 4185 atque
2986 4105 3261 4168 directus
3292 4116 3406 4171 est.

1917 4199 2459 4271 Quemadmodum
2522 4217 2672 4281 ergo
2735 4201 2951 4264 divina
3017 4203 3217 4284 pietas
3282 4224 3411 4269 non

1919 4295 2164 4359 confert
2203 4305 2487 4379 segetum
2536 4297 2889 4361 ubertatem
2935 4300 3131 4382 pigris
3174 4303 3412 4383 agrico-

1918 4396 2018 4469 lis,
2069 4395 2162 4458 sic
2213 4394 2483 4477 pervigil
2542 4396 2906 4461 sollicitudo
2955 4417 3081 4462 non
3130 4402 3411 4483 proderit

1919 4492 2372 4567 laborantibus,
2425 4493 2549 4556 nisi
2608 4494 2804 4557 fuerit
2851 4508 3217 4580 prosperata
3262 4501 3411 4563 sub-

1916 4592 2214 4654 ventione
2271 4592 2506 4654 divina.
2559 4594 2629 4654 In
2687 4612 2815 4676 quo
2864 4603 3076 4659 tamen
3135 4597 3413 4664 humana

1916 4690 2218 4772 superbia
2274 4709 2675 4772 nequaquam
2736 4695 3075 4757 contendat
3128 4715 3195 4759 se
3252 4699 3412 4762 adae-

1916 4806 2110 4869 quare
2169 4795 2279 4850 aut
2334 4789 2685 4852 admiscere
2743 4791 2959 4871 gratias
3018 4794 3151 4868 Dei,
3204 4815 3409 4879 neque

1916 4904 2031 4967 per
2074 4886 2195 4949 hoc
2236 4895 2499 4949 conetur
2536 4907 2675 4950 sese
2714 4889 2994 4952 inserere
3031 4893 3408 4976 participem

1918 4985 1984 5045 in
2025 4984 2399 5046 muneribus
2438 4984 2571 5059 Dei,
2607 4993 2678 5047 ut
2706 4986 2987 5050 laborem
3028 5008 3216 5052 suum
3246 4993 3409 5054 aesti·

1920 5089 2051 5144 met
2094 5100 2233 5144 esse
2281 5089 2603 5145 auctorem
2654 5084 2887 5148 divinae
2937 5086 3240 5167 largitatis
3294 5107 3407 5152 seu

330 5175 562 5239 cialiter
604 5179 930 5241 industriae
974 5178 1335 5242 laborantis.
1377 5181 1671 5262 Ineptum
1715 5188 1810 5244 est
1839 5190 1888 5252 D
1919 5181 2154 5263 gratiae,
2187 5179 2769 5263 abundantiamque
2810 5183 3237 5265 spiritualium
3275 5184 3405 5249 fru-

329 5274 518 5348 enim,
552 5282 621 5336 ut
649 5276 701 5338 si
734 5276 913 5338 verbi
942 5277 1164 5358 gratia,
1191 5277 1540 5341 viderimus
1571 5280 1808 5360 agrico-

1916 5286 2136 5342 ctuum
2159 5278 2467 5360 glorietur
2489 5281 2981 5362 correspondere
3007 5281 3251 5350 meritis
3276 5303 3406 5350 suae
