4359 6267
591 2925 706 2969 Ibid.
719 2938 835 2976 xxvi,

577 2991 642 3037 ¹5;
655 3000 782 3035 xxvu,
798 2989 838 3028 5.

877 466 958 529 86

1757 487 1836 531 ΒΕ
1879 486 2208 533 ΙΝ8ΤῙἸἮΤ18
2252 487 2336 531 SS.
2381 487 2643 533 PATRUM.
2688 504 2770 515 ··-·
2809 488 2984 533 LIBER
3023 488 3108 533 vlt

469 720 477 727 ,
583 672 848 777 gramm,
879 652 1040 715 licus
1090 672 1303 717 sermo
1360 655 1798 736 pronuntiavit
1855 655 2041 717 corde
2103 655 2376 717 moecha-
2404 655 2455 717 A
2486 654 2680 735 hujus
2718 654 3071 737 acquiritur
3110 656 3417 729 nuditate,
3458 674 3587 721 non
3624 656 3973 738 opulentia.

878 758 1013 812 tum
1047 752 1240 814 etiam
1282 771 1546 834 corpore
1579 770 1704 816 non
1737 753 2076 834 pollutum,
2111 754 2200 815 ita
2227 771 2377 834 quo-
2484 753 2790 834 Denique‚
2842 772 3043 834 quum
3088 754 3279 816 Judas
3336 754 3685 836 accepisset
3736 754 3978 817 loculos

877 870 1002 932 que
1046 850 1352 933 possibile
1396 860 1492 913 est
1536 870 1662 914 non
1708 859 2036 913 oneratum
2084 852 2373 933 pecuniae

876 950 1176 1029 pondere,
1229 968 1378 1011 cum
1427 949 1633 1011 avaris
1683 949 1969 1010 damnari
2019 948 2258 1011 affectu
2310 956 2371 1010 et

877 1054 1106 1108 mente.
1143 1048 1400 1111 Occasio
1429 1065 1705 1129 namque
1736 1046 2010 1109 habendi
2041 1046 2247 1109 defuit
2288 1046 2368 1119 ei,

874 1163 1001 1206 non
1060 1144 1378 1219 voluntaS‚
1430 1164 1573 1226 quae
1631 1144 1791 1206 solet
1846 1163 1883 1204 a
1941 1146 2069 1206 Deo
2117 1162 2371 1225 semper

874 1242 1212 1322 praemiari,
1253 1242 1474 1323 ·magis
1542 1261 1734 1324 quam
1797 1242 1937 1323 ipsa
2001 1242 2365 1304 necessitas.

873 1340 1088 1422 ltaque
1138 1340 1568 1403 festinandum
1619 1348 1716 1401 est
1763 1339 1971 1413 nobiS,
2012 1359 2092 1401 ne
2132 1337 2371 1402 emolu-

875 1447 1090 1501 menta
1129 1447 1192 1500 et
1232 1438 1478 1501 fructus
1521 1438 1808 1501 laborum
1847 1448 2209 1501 nostrorum
2242 1440 2372 1501 ina-

873 1538 1041 1599 niter
1084 1545 1344 1619 pereant
1379 1554 1392 1599 :
1431 1537 1790 1599 miserabile
1831 1556 2107 1618 namque
2144 1546 2241 1599 est
2280 1547 2369 1600 to-

875 1635 1106 1697 lerasse
1137 1636 1578 1697 exsecutiones
1618 1642 1680 1696 et
1719 1635 1924 1697 exitus
1967 1654 2079 1697 seu
2121 1635 2369 1697 labores

875 1734 1266 1814 paupertatis
1316 1751 1389 1794 ac
1439 1733 1765 1806 nuditatiS‚
1813 1740 1876 1794 et
1919 1732 2165 1794 fructus
2215 1752 2367 1814 pau-

872 1832 1132 1912 pertatis
1179 1831 1529 1912 perdidisse
1568 1830 1725 1892 vitio
1769 1831 2112 1893 voluntatis
2159 1831 2365 1893 inanis
2404 1834 2451 1896 B

871 1946 944 1989 80
987 1947 1197 1992 GaSSae.

1207 2173 1711 2237 CAPITULUM
1775 2174 2030 2237 XXIII.

1271 2322 1634 2393 Exemplum
1671 2322 1745 2377 de
1780 2322 1961 2377 Juda.

1006 2519 1076 2581 IS
1115 2518 1280 2581 scire
1319 2537 1512 2600 quam
1550 2519 1906 2601 perniciose
1944 2537 2016 2581 ac
2057 2520 2245 2582 noxie
2279 2519 2368 2583 fo-

1037 2635 1172 2679 mes
1228 2617 1530 2691 avaritiae,
1593 2617 1716 2679 nisi
1775 2616 1968 2679 fuerit
2025 2616 2364 2698 diligenter

868 2713 1141 2787 excisus,
1186 2712 1535 2775 fructificet
1573 2715 1652 2776 ad
1699 2714 2026 2777 interitum
2070 2715 2211 2794 ejus
2251 2715 2363 2796 qui

872 2811 1081 2893 ipsum
1113 2812 1301 2873 corde
1333 2812 1718 2894 conceperit,
1743 2819 1803 2873 et
1836 2812 2192 2874 omnifariis
2225 2812 2364 2894 pul—

871 2909 1026 2971 lulet
1057 2910 1434 2971 ramusculis
1465 2910 1764 2972 vitiorum
1790 2914 1812 2971 2
1843 2910 2106 2992 Respice
2136 2911 2359 2972 Iudam

2484 850 2943 932 dispensationi
3012 852 3547 935 subventionique
3618 871 3975 934 pauperum

2482 947 2838 1029 deputatOS,
2880 948 2963 1011 oh
3011 949 3133 1011 hoc
3184 968 3314 1013 suae
3364 950 3658 1032 potestati
3700 949 3975 1012 creditos

2483 1053 2553 1107 ut
2600 1046 2823 1109 saltem
2883 1048 3301 1129 pecuniarum
3360 1047 3747 1110 abundantia
3794 1048 3977 1110 satia-

2481 1150 2605 1217 tuS,
2641 1144 2997 1227 imponeret
3028 1146 3287 1207 modum
3329 1166 3459 1209 suae
3490 1146 3865 1227 cupiditati3
3898 1165 3976 1207 ex

2480 1260 2698 1303 earum
2750 1244 2935 1324 copia
2976 1244 3210 1305 exarsit
3255 1244 3320 1305 in
3363 1243 3653 1306 fomitem
3695 1244 3977 1306 avaritiae

2482 1340 2546 1402 in
2597 1348 2845 1402 tantum
2896 1342 3226 1422 majorem,
3272 1351 3340 1404 ut
3388 1361 3515 1405 non
3565 1342 3770 1405 solum
3818 1361 3975 1423 prae-

2480 1439 2825 1521 sumpserit
2877 1438 3115 1502 loculos
3165 1440 3328 1501 clam
3376 1440 3595 1514 furari,
3643 1440 3754 1502 sed
3802 1440 3978 1502 Chri-

2480 1543 2647 1597 stum
2683 1553 2938 1617 quoque
2968 1538 3348 1599 venundare.
3384 1537 3542 1599 Nam
3572 1536 3752 1599 furor
3780 1536 3975 1617 hujus

2480 1633 2847 1715 cupiditatis
2902 1634 3229 1696 universas
3289 1634 3658 1696 divitiarum
3717 1642 3977 1715 superat

2480 1731 2863 1811 quantitates
2904 1740 2968 1793 et
3010 1733 3244 1814 copias.

2834 1985 3337 2048 CAPITULUM
3398 1986 3619 2048 XXV.

2588 2124 2673 2178 De
2701 2124 2877 2179 exitu
2906 2124 3189 2188 Anam‘oe,
3218 2124 3528 2196 Sa'plziroe,
3560 2140 3632 2180 ac
3657 2124 3851 2179 Judoe.

2618 2319 2931 2392 ENIQUE
2998 2320 3297 2403 princeps
3353 2320 3799 2403 Apostolorum
3866 2319 3971 2381 his

2644 2418 2936 2482 eruditus
2992 2419 3327 2500 exemplis,
3379 2418 3589 2481 sciens
3646 2436 3795 2480 eum
3855 2418 3969 2499 qui

2472 2515 2716 2598 aliquid
2745 2510 2965 2589 habet,
2982 2534 3109 2578 non
3141 2534 3325 2598 posse
3356 2516 3633 2578 faciliter
3662 2515 3975 2598 cupidita-

2474 2613 2554 2674 tis
2587 2613 2899 2695 impetum
2938 2614 3271 2687 moderari,
3301 2633 3419 2676 nec
3448 2614 3733 2676 avaritiae
3767 2611 3971 2675 finem

2474 2710 2821 2773 consistere
2871 2712 2936 2772 in
2986 2730 3235 2773 summa
3273 2730 3487 2793 parva,
3532 2719 3644 2773 aut
3690 2728 3917 2790 magna
3954 2728 3969 2772 ε

2476 2816 2675 2870 morte
2705 2808 2959 2890 punivit
2988 2810 3296 2871 Ananiam
3330 2827 3404 2871 ac
3435 2808 3783 2891 Saphiram,
3817 2827 3975 2890 quo-
4028 2836 4137 2878 Λα.
4160 2848 4199 2885 ι,
4226 2838 4261 2881 2.

2474 2925 2615 2968 rum
2674 2906 2968 2988 superius
3027 2907 3299 2970 fecimus
3352 2908 3763 2981 mentionem,
3816 2925 3974 2989 quo-
4003 2900 4135 3014 ⁵:²¹2·-

869 3008 1034 3069 inter
1063 3007 1395 3089 Apostolos
1428 3016 1889 3089 computatum,
1909 3007 2184 3090 qualiter
2213 3027 2362 3070 eum
2399 3011 2444 3075 C
2474 3006 2645 3069 niam
2690 3006 2932 3088 aliquid
2982 3007 3105 3069 sibi
3149 3008 3227 3069 de
3272 3026 3385 3069 sua
3427 3015 3839 3070 servaverunt
3883 3006 3974 3069 fa-

868 3124 983 3168 suo
1043 3124 1289 3168 veneno
1349 3106 1707 3187 peremerit.
1761 3106 1918 3179 Quia
1977 3124 2102 3168 non
2161 3106 2365 3168 voluit

867 3202 1270 3265 mortiferum
1318 3211 1510 3284 caput
1551 3203 1744 3283 hujus
1790 3204 2102 3286 serpentis
2153 3211 2367 3266 conte-

866 3320 1026 3375 rere,
1071 3302 1212 3363 ideo
1258 3301 1483 3363 Judam
1535 3301 1718 3363 illum
1769 3302 2012 3382 laqueis
2062 3302 2365 3383 concupi-

866 3400 1124 3463 scentiae
1183 3400 1519 3472 irretitum,
1581 3399 1660 3460 ad
1718 3406 1965 3461 tantum
2024 3400 2364 3482 praecipitii

865 3498 1107 3560 crimen
1150 3497 1440 3571 detrusit,
1477 3504 1546 3559 ut
1586 3515 1926 3578 persuasus
1967 3498 2050 3560 sit
2089 3499 2363 3561 vendere

865 3597 1351 3676 Redemptorem
1404 3594 1627 3656 mundi
1677 3603 1742 3657 et
1788 3595 2083 3660 humanae
2141 3595 2363 3658 salutis

866 3701 1189 3756 auctorem
1241 3710 1355 3774 pro
1407 3693 1666 3774 triginta
1714 3694 2048 3774 argenteis,
2093 3693 2212 3766 Qui
2260 3713 2365 3755 ne·

866 3810 1186 3874 quaquam
1218 3791 1551 3873 prolapsus
1582 3799 1748 3853 esset
1779 3790 1858 3853 ad
1899 3798 2029 3853 tam
2056 3792 2361 3854 vitiosum

868 3889 1076 3952 scelus
1128 3890 1527 3971 proditionis,
1581 3890 1704 3951 nisi
1761 3889 2034 3952 infectus
2083 3890 2363 3953 avaritiae

867 3988 1111 4061 morh0,
1154 3988 1380 4050 fuisset
1428 3988 1650 4050 solitus
1699 3988 1971 4050 creditos
2020 3988 2143 4050 sibi
2192 3989 2362 4052 locu-

867 4086 960 4148 los
1007 4086 1225 4168 inique
1266 4104 1340 4147 ac
1383 4084 1604 4147 furtim
1648 4103 1897 4166 augere.

1204 4339 1708 4403 CAPITULUM
1772 4339 2020 4402 XXIV.

1078 4486 1249 4554 Quod
1281 4487 1560 4543 avaritia
1597 4488 1764 4542 vinci
1802 4503 1922 4543 non
1953 4488 2152 4559 possit
2241 4558 2256 4570 .

1370 4574 1497 4630 nisi
1535 4575 1834 4631 nuditate.

945 4770 1220 4835 MMANE
1259 4770 1410 4833 satis
1450 4790 1523 4832 ac
1562 4770 1823 4832 evidens
1863 4777 1959 4831 est
1996 4771 2363 4853 exemplum

973 4889 1087 4932 seu
1136 4887 1297 4950 opus
1345 4868 1538 4948 hujus
1584 4868 1956 4950 tyrannidis,
1999 4876 2217 4950 utpote
2260 4888 2367 4931 cu-

867 4969 1176 5053 piditatis,
1225 4987 1367 5049 quae
1413 4968 1514 5047 (ut
1561 4967 1870 5045 diximus)
1915 4966 1968 5028 si
2018 4968 2216 5029 semel
2266 4987 2363 5031 ca-

868 5068 1208 5151 ptivaverit
1245 5066 1548 5140 animam,
1584 5084 1710 5127 non
1747 5066 2059 5146 permittit
2089 5085 2230 5127 eam
2262 5086 2367 5128 cu-

867 5166 1102 5229 stodire
1153 5164 1501 5228 honestatis
1549 5163 1834 5245 regulam
1891 5163 2195 5246 aliquam,
2248 5184 2366 5228 nec

869 5264 1000 5326 ulla
1030 5263 1191 5326 lucri
1221 5261 1545 5327 additione
1575 5262 1807 5324 satiari.
1841 5262 1998 5325 Nam
2038 5261 2192 5325 finis
2224 5264 2363 5325 vitii

2474 3103 2728 3179 cultam,
2791 3112 2861 3166 ut
2922 3104 3275 3179 interitum,
3336 3124 3529 3187 quem
3585 3106 3773 3167 Judas
3842 3104 3971 3168 sibi

2474 3209 2697 3283 sponte
2738 3202 3035 3264 intulerat
3079 3220 3193 3284 pro
3233 3211 3409 3265 reatu
3449 3204 3789 3266 dominicae
3829 3220 3975 3284 pro-

2472 3300 2754 3375 ditioniS‚
2790 3301 2893 3362 isti
2927 3318 3042 3382 pro
3074 3301 3406 3364 mendacio
3437 3320 3568 3364 suae
3597 3299 3973 3382 cupiditatis

2471 3399 2853 3480 acciperent.
2902 3399 3062 3460 Ecce
3105 3407 3342 3480 quanta
3380 3399 3444 3460 in
3487 3399 3606 3462 hoc
3645 3399 3975 3461 concurrit

2473 3497 2829 3560 similitudo
2886 3497 3187 3560 facinoris
3244 3506 3434 3579 atque
3494 3498 3819 3579 supplicii.
3874 3497 3973 3559 lbi

2474 3596 2768 3677 proditio,
2802 3596 2907 3657 hic
2938 3596 3177 3657 falsitas
3207 3595 3539 3658 avaritiam
3571 3603 3667 3657 est
3706 3602 3925 3657 secuta
3952 3614 3971 3675 ;

2472 3692 2563 3754 ibi
2594 3694 2836 3755 Veritas
2878 3694 3187 3775 proditur,
3222 3694 3327 3755 hic
3368 3693 3683 3755 mendacii
3720 3693 3969 3755 crimen

2472 3792 2847 3853 admittitur.
2882 3792 3056 3853 Licet
3094 3791 3267 3853 enim
3307 3791 3639 3853 dissimilis
3677 3790 3972 3852 videatur

2473 3908 2611 3951 esse
2660 3889 2931 3951 effectus
2980 3889 3190 3971 operis
3242 3907 3487 3963 eorum,
3544 3908 3707 3951 unus
3756 3896 3973 3951 tamen

2472 3986 2625 4049 finis
2673 3988 2737 4048 in
2784 3987 3069 4068 utrisque
3118 3987 3456 4050 concurrit.
3499 3986 3690 4048 Judas
3728 3986 3973 4068 quippe

2472 4084 2793 4166 refugiens
2854 4093 3314 4167 paupertatem,
3371 4084 3740 4165 concupivit
3799 4102 3977 4145 resu-

2392 4191 2441 4251 D
2475 4202 2646 4245 mere
2696 4202 2837 4264 quae
2884 4182 3161 4262 abjecit3
3212 4182 3487 4245 Ananias
3534 4198 3687 4243 vero
3744 4189 3809 4243 et
3864 4182 3975 4243 Sa-

2472 4281 2657 4362 phira
2686 4300 2765 4343 ne
2797 4281 3026 4342 fierent
3057 4287 3813 4362 paupereS,tentaverunt
3844 4278 3973 4341 sibi

2470 4379 2712 4460 aliquid
2759 4380 3031 4441 retinere
3074 4379 3152 4441 de
3196 4377 3552 4440 substantia
3596 4397 3730 4452 sua,
3777 4396 3974 4459 quam

2471 4476 2823 4539 debuerant
2870 4484 3064 4540 totam
3123 4474 3442 4558 Apostolis
3493 4475 3771 4537 fideliter
3821 4494 3979 4557 prze—

2473 4583 2742 4649 semare,
2795 4583 2900 4637 aut
2960 4574 3263 4637 fratribus
3322 4574 3819 4636 communicare.
3874 4574 3973 4635 Id-

2474 4674 2645 4737 circo
2693 4675 2978 4756 utrisque
3040 4673 3355 4754 infligitur
3413 4672 3663 4754 punitio
3724 4672 3971 4747 mortiS‚

2474 4773 2777 4855 quoniam
2836 4773 3079 4834 crimen
3132 4790 3353 4836 eorum
3412 4772 3491 4833 de
3538 4770 3819 4834 avaritiae
3870 4790 3973 4833 ra-

2474 4870 2725 4933 dicibus
2773 4871 3111 4932 emanavit.

2554 4970 2770 5051 Itaque
2806 4969 2858 5030 si
2890 4976 3017 5030 tam
3048 4987 3268 5030 severa
3306 4968 3622 5030 sententia
3662 4967 3975 5050 processit

2488 5068 2552 5129 in
2584 5086 2691 5129 eos
2728 5068 2838 5149 qui
2874 5085 3003 5130 non
3035 5068 3376 5149 cupierunt
3404 5066 3643 5130 alienas
3682 5065 3975 5129 substan-

2476 5166 2617 5239 tiaS,
2660 5165 2771 5227 sed
2822 5165 3096 5248 propriis
3145 5164 3333 5228 rebus
3386 5183 3644 5247 parcere
3694 5172 3974 5227 tentave-

2477 5271 2645 5335 runt,
2680 5263 2922 5344 aliquid
2965 5262 3088 5325 sibi
3138 5262 3283 5325 iude
3326 5263 3660 5338 servand0‚
3702 5282 3818 5325 nec
3858 5262 3968 5325 ha-

4160 2973 4241 3001 xlv.
