4359 6267
1087 529 1506 577 coLLA'rmNUM
1545 530 1630 574 SS.
1666 528 1910 574 PA‘rmm
1950 527 2126 574 Lmen
2166 528 2229 573 11.
2277 546 2361 560 —·
2397 527 2682 576 COLLATIO
2724 530 2854 575 XXII

3400 509 3521 574 393

405 705 516 759 tur
551 716 753 780 aqua3
784 707 848 761 et
888 707 1030 781 post
1067 699 1220 762 solis
1258 717 1554 762 occasum
1599 699 1910 779 regredie-
1939 697 1990 760 A
2020 717 2088 759 re
2133 699 2213 760 ad
2255 699 2771 762 communionem
2814 698 3137 773 accedere,
3171 717 3252 760 ne
3297 697 3523 780 perdu-

404 805 517 858 tur
558 798 624 859 in
667 806 892 859 castra.

815 1024 1318 1088 CAPITULUM
1385 1026 1503 1089 VI.

405 1147 582 1214 Quod
609 1147 918 1202 interdum
943 1149 1298 1219 operatione
1324 1147 1563 1204 diaboli
1591 1149 1908 1219 contingat

977 1237 1190 1293 illusio
1220 1236 1354 1293 illa.

531 1386 633 1448 ΕΙ)
665 1395 738 1448 ut
768 1386 1170 1450 manifestius
1209 1388 1700 1470 comprobemus
1740 1388 1909 1470 quod

551 1485 891 1566 impuritas
932 1486 1052 1548 ista
1080 1487 1372 1548 eliciatur
1393 1474 1730 1549 'interdum
1761 1505 1909 1568 ope-

405 1583 654 1645 ratione
724 1584 985 1658 diaboli,
1059 1585 1356 1647 novimus
1427 1585 1726 1658 Fratrem,
1799 1585 1909 1666 qui

405 1701 610 1763 quum
648 1681 889 1763 jugiter
919 1683 1272 1764 possideret
1301 1683 1528 1745 ceteris
1560 1681 1786 1745 diebus
1817 1701 1916 1744 ca-

401 1780 776 1843 stimoniam
827 1781 1035 1842 cordis
1084 1789 1148 1844 et
1195 1781 1477 1863 corporis
1535 1781 1912 1863 acquisitam

2025 798 2221 860 rando
2254 798 2317 860 in
2350 798 2700 880 privatione
2732 798 3109 860 sacramenti
3141 795 3518 877 dignissimi,

2021 896 2411 977 obligaretur
2435 897 2707 959 versut-is
2741 897 2977 978 laqueis
3007 896 3207 958 hostis
3238 894 3518 976 maligni,

2022 1012 2138 1056 nec
2191 995 2509 1076 particeps
2552 1013 2690 1057 esse
2734 1002 2947 1077 posset
2995 992 3519 1057 sanctificationis

2021 1093 2305 1173 corporis
2338 1093 2591 1166 Christi,
2611 1101 2800 1175 atque
2831 1111 2945 1176 per
2970 1093 3091 1155 hoc
3122 1092 3521 1154 fraudaretur

2021 1198 2331 1272 perpetuo
2371 1191 2689 1253 medicina
2728 1191 2991 1254 remedii
3034 1189 3346 1252 salutaris,
3387 1188 3521 1262 Quo

2021 1287 2209 1362 facto,
2269 1289 2354 1350 ita
2401 1289 2715 1371 patefacta
2764 1297 2861 1352 est
2910 1271 3081 1352 fraus
3135 1287 3403 1361 inimici,
3452 1295 3522 1349 ut

2021 1387 2415 1449 consuetudo
2440 1387 2756 1450 illusionis
2789 1387 3133 1470 praeteritae,
3148 1404 3293 1448 mox
3324 1403 3522 1448 cessa-

2023 1493 2139 1559 ret,
2164 1485 2400 1547 virtute
2431 1486 2735 1548 dominici
2777 1486 3059 1568 corporis
3096 1493 3415 1568 operante.
3450 1485 3521 1546 In

2024 1601 2150 1664 quo
2191 1583 2374 1646 dolus
2408 1583 2645 1646 diaboli
2680 1585 3007 1647 evidenter
3036 1583 3351 1666 apparuit,
3385 1602 3523 1644 sen·

2025 1681 2225 1744 tentia
2269 1700 2521 1764 quoque
2566 1683 2889 1746 seniorum
2939 1683 3253 1744 declarata
3304 1688 3400 1744 est
3448 1699 3521 1743 ac

2029 1780 2311 1861 probata,
2358 1780 2469 1861 qui
2513 1781 2810 1842 dixerunt
2854 1780 3359 1862 impurissimum
3404 1778 3523 1840 flu-

403 1897 660 1940 summa
702 1879 1298 1962 circumspectione,
1332 1899 1450 1942 nec
1482 1880 1810 1942 nocturnis
1845 1879 1915 1940 il-
1951 1877 1998 1939 B
2028 1897 2180 1940 xum
2225 1878 2419 1940 istum
2460 1878 2745 1940 vicissim
2789 1879 3155 1959 contingere
3199 1897 3325 1941 non
3365 1877 3522 1940 vitio

405 1975 770 2039 lusionibus
831 1985 1198 2053 tentaretur,
1251 1978 1779 2060 quotiescumque
1831 1985 1916 2038 ta-

404 2093 554 2137 men
594 2075 844 2157 paravit
873 2094 940 2138 se
971 2076 1048 2138 ad
1087 2094 1332 2138 sacram
1362 2075 1909 2150 communionem,

404 2171 868 2254 inquinabatur
914 2174 981 2235 in
1031 2192 1254 2238 somno
1311 2173 1492 2236 fluxu
1552 2173 1904 2236 immundo.

402 2269 746 2352 Quumque
785 2271 896 2333 diu
935 2271 1348 2334 abstinuisset
1376 2291 1414 2333 a
1447 2273 1644 2333 sacris
1687 2279 1914 2354 myste-

405 2367 543 2441 riis,
577 2370 836 2431 tandem
878 2369 1106 2431 detulit
1145 2369 1560 2452 quaestionem
1606 2370 1795 2431 istam
1834 2369 1912 2431 ad

405 2467 717 2540 senioreS,
771 2467 1102 2531 confidens
1161 2487 1229 2530 se
1279 2475 1771 2531 consecuturum
1823 2485 1915 2529 re-

405 2565 696 2627 medium
729 2565 1228 2647 impugnationis
1257 2586 1330 2628 ac
1357 2567 1591 2630 doloris
1624 2566 1721 2629 sui
1756 2567 1916 2647 ipso·

405 2681 554 2724 rum
603 2663 892 2726 consili0.
937 2664 1054 2737 Qui
1103 2683 1302 2746 quum
1353 2665 1741 2728 discuterent
1790 2663 1914 2746 pri-

407 2779 582 2824 mam
623 2780 882 2824 causam
922 2763 1382 2844 inquinationis
1425 2763 1630 2837 istiuS,
1664 2783 1804 2844 quae
1836 2781 1912 2824 ex

404 2859 704 2923 ciborum
732 2860 1121 2922 abundantia
1148 2860 1372 2935 oritur,
1405 2868 1470 2923 et
1499 2868 1914 2940 agnoscerent

403 2977 550 3020 eam
589 2977 718 3020 non
763 2959 997 3021 habere
1041 2959 1249 3021 locum
1295 2959 1360 3021 in
1401 2960 1613 3020 Fratre
1653 2956 1915 3040 praefato

2029 1977 2237 2038 carnis
2268 1983 2378 2038 aut
2400 1977 2643 2048 animae,
2658 1977 2767 2038 sed
2795 1976 3031 2039 diaboli
3065 1976 3517 2040 ludificatione.

2410 2195 2915 2259 CAPITULUM
2980 2195 3129 2259 VII.

2097 2317 2376 2384 Qualiter
2402 2318 2611 2390 fimus
2642 2317 2755 2372 iste
2784 2319 3126 2374 immundus
3152 2316 3447 2387 frenetur.

2167 2469 2213 2530 T
2260 2486 2409 2550 ergo
2456 2468 2646 2531 fallax
2706 2469 3074 2550 imaginatio
3126 2469 3521 2531 somniorum

2184 2585 2533 2648 provocans
2578 2575 2939 2648 praetactam
2981 2567 3365 2630 effusionem
3411 2567 3524 2628 im-

2027 2683 2252 2746 puram
2298 2665 2624 2745 ignoretur
2671 2674 3001 2748 perpetu0,
3043 2672 3153 2727 aut
3197 2672 3365 2728 certe
3409 2682 3524 2746 per

2024 2763 2271 2845 aliquos
2323 2782 2572 2826 menses
2611 2765 2711 2845 (ut
2760 2764 2851 2826 sic
2900 2765 3123 2846 loquar
3168 2765 3521 2826 secundum

2025 2878 2433 2924 communem
2495 2861 3031 2944 humilioremque
3089 2862 3371 2942 statum),
3422 2861 3519 2923 vi-

2022 2961 2213 3024 tanda
2255 2967 2351 3022 est
2391 2960 2801 3042 superfluitas
2842 2960 2970 3023 cibi
3012 2980 3087 3023 ac
3125 2967 3334 3043 potus,
3369 2978 3524 3041 prae—

400 3055 579 3136 (ejus
615 3055 924 3119 sobrietas
959 3056 1240 3136 rigorosa
1269 3057 1516 3118 cunctis
1548 3055 1912 3134 constabat3
1951 3063 1993 3125 C
2025 3059 2442 3140 supponendo
2488 3058 2553 3119 in
2594 3059 2820 3140 primis
2869 3057 3148 3121 fideliter
3192 3058 3360 3140 quod
3411 3077 3524 3140 pu-

405 3153 540 3214 illis
579 3172 836 3235 quoque
867 3153 1092 3216 diebus
1132 3154 1502 3217 solennibus
1543 3154 1780 3236 quibus
1822 3154 1915 3215 sic

401 3250 821 3326 illudebatur,
867 3252 1069 3333 major
1111 3253 1496 3315 abstinentia
1544 3252 1715 3332 fuit),
1761 3261 1915 3314 tunc

399 3349 874 3412 transtulerunt
903 3369 970 3412 se
998 3350 1078 3412 ad
1118 3351 1571 3432 inquirendum
1612 3371 1694 3413 an
1736 3350 1914 3414 foedi-

403 3455 504 3510 tas
544 3447 656 3509 illa
695 3449 1074 3530 processerit
1115 3467 1190 3510 ex
1229 3450 1506 3512 secunda
1547 3469 1739 3513 causa
1777 3449 1914 3512 tali-

400 3565 522 3608 um
555 3545 1019 3628 pollutionum:
1044 3546 1164 3609 hoc
1194 3555 1404 3622 est,an
1435 3565 1580 3610 caro
1610 3548 1914 3610 exhausta

396 3643 676 3726 jejuniis
720 3644 814 3706 sic
859 3644 1285 3707 macularetur
1326 3665 1403 3708 ex
1453 3647 1682 3709 animae
1727 3646 1916 3728 culpa

401 3761 526 3804 seu
569 3741 972 3824 negligentia,
1009 3750 1266 3824 propter
1308 3763 1501 3825 quam
1540 3745 1732 3806 etiam
1776 3744 1916 3806 abs-

405 3840 830 3902 tinentissimi
869 3841 990 3902 viri
1031 3841 1124 3902 sic
1162 3840 1538 3915 illuduntur,
1573 3861 1772 3924 quum
1820 3841 1915 3903 fu-

401 3938 584 4001 erint
621 3938 698 4000 de
737 3958 852 4000 sua
891 3939 1166 4020 puritate
1207 3939 1481 4002 inaniter
1515 3941 1764 4021 gloriati
1804 3948 1913 4002 aut

403 4055 642 4120 parum
679 4037 850 4112 elati,
882 4055 958 4100 eo
997 4038 1166 4120 quod
1205 4038 1659 4102 aestimaverint
1700 4058 1768 4101 se
1808 4040 1915 4102 ob-

401 4135 683 4198 tinuisse
732 4136 1006 4218 propriis
1054 4137 1302 4200 viribus
1352 4137 1751 4219 praecipuum
1801 4138 1910 4200 Dei

2027 3157 2276 3218 ritatem
2318 3156 2481 3219 hanc
2521 3175 2775 3238 sperare
2809 3156 3119 3219 debemus
3150 3158 3229 3220 de
3258 3156 3523 3239 speciali

2022 3254 2223 3334 gratia
2252 3254 2382 3316 Dei.
2418 3255 2688 3317 Necesse
2717 3261 2812 3316 est
2841 3255 3014 3317 enim
3047 3255 3345 3318 humores
3378 3255 3522 3317 illos

2025 3353 2345 3434 copiosius
2374 3353 2549 3435 gigni
2580 3372 2658 3415 ex
2689 3353 3107 3416 redundantia
3136 3343 3525 3427 alimenti‚et

2025 3451 2175 3532 quia
2214 3470 2471 3514 necesse
2511 3459 2606 3514 est
2648 3451 2801 3514 tales
2842 3452 3140 3514 humores
3182 3452 3524 3534 aliquando

2023 3549 2239 3631 egredi
2285 3549 2417 3630 lege
2462 3549 2683 3632 utique
2725 3549 3021 3624 naturali,
3056 3550 3206 3611 hinc
3244 3549 3525 3611 effluunt

2025 3647 2144 3710 sub
2190 3647 2520 3710 occasione
2563 3647 3031 3729 cujuscumque
3076 3647 3392 3709 illusionis
3437 3655 3525 3708 at-

2023 3764 2148 3827 que
2192 3745 2495 3827 pruritus.
2531 3745 2719 3807 Porro
2757 3745 3043 3807 satietate
3084 3764 3373 3808 escarum
3415 3763 3528 3826 po-

2023 3851 2335 3925 tuumque
2374 3842 2717 3918 subtracta,
2752 3861 3011 3906 necesse
3050 3851 3147 3906 est
3183 3843 3523 3906 emanatio-

2024 3961 2136 4004 nes
2167 3942 2307 4004 illas
2340 3942 2700 4004 immundas
2730 3942 2971 4005 tardius
3002 3943 3289 4020 evenire3
3309 3941 3521 4025 sicque

2027 4041 2101 4102 fit
2144 4048 2213 4102 ut
2252 4041 2418 4103 sicut
2456 4040 2695 4111 fluxus,
2730 4040 2817 4102 ita
2853 4047 2917 4103 et
2954 4040 3168 4103 illusio
3211 4040 3523 4122 inquietet

2023 4139 2409 4202 dormientes
2452 4137 2653 4200 rarius
2685 4138 2818 4200 sive
2850 4137 3169 4212 subtilius,
3204 4139 3354 4220 quia
3392 4155 3519 4200 non

403 4234 678 4308 donum,
711 4242 930 4316 utpote
976 4237 1259 4317 corporis
1304 4235 1678 4298 castitatem.
1718 4237 1913 4299 luter·
1945 4239 1994 4300 D
2023 4237 2231 4300 solum
2292 4236 2527 4300 effusio
2584 4236 2869 4318 procedit
2914 4254 2991 4298 ex
3044 4235 3516 4316 imaginatione,

404 4340 795 4412 rogaverunt
839 4332 1051 4415 itaque
1097 4334 1375 4396 Fratrem
1422 4353 1502 4396 an
1552 4341 1804 4416 putaret
1845 4354 1913 4397 se

405 4449 530 4512 per
570 4432 890 4512 propriam
921 4431 1300 4494 industriam
1342 4433 1478 4494 sine
1507 4433 1746 4495 auxilio
1780 4452 1916 4513 gra-

401 4528 518 4592 tiae
548 4529 660 4591 Dei
690 4530 987 4614 consequi
1011 4534 1201 4612 'posse
1233 4531 1508 4614 corporis
1540 4532 1908 4594 castitatem.

403 4627 531 4700 Qui
586 4627 736 4690 dum
795 4646 1046 4690 summa
1096 4629 1510 4692 detestatione
1563 4615 1915 4692 exsecrare-

403 4734 521 4787 tur
559 4725 746 4788 talem
787 4727 1178 4808 opinionem,
1208 4726 1543 4791 affirmans
1585 4728 1915 4790 humiliter

2021 4337 2132 4398 sed
2182 4335 2551 4418 imaginatio
2598 4352 2853 4417 quoque
2900 4341 3195 4396 causatur
3236 4352 3313 4395 ex
3355 4332 3520 4394 effu-

2023 4434 2221 4497 sionis
2272 4433 2621 4496 nimietate.

2102 4530 2525 4605 Quamobrem
2573 4530 2625 4592 si
2672 4529 2966 4592 volumus
3018 4528 3274 4592 liberari
3322 4528 3402 4591 ab
3448 4529 3520 4591 il-

2024 4630 2291 4693 lecebris
2343 4629 2715 4691 illusionum
2766 4628 3054 4702 istarum,
3103 4635 3234 4691 tota
3282 4627 3517 4691 virtute

2024 4728 2237 4790 conari
2279 4726 2588 4790 debemus
2632 4727 2697 4789 in
2742 4726 2989 4809 primis,
3024 4734 3336 4809 quatenus
3379 4745 3518 4808 pas-

402 4841 543 4887 non
587 4825 869 4907 potuisse
913 4844 980 4887 se
1024 4827 1252 4889 ceteris
1296 4826 1521 4888 diebus
1573 4828 1913 4908 puritatem

408 4924 602 4984 istam
644 4932 882 4997 tenere,
917 4923 1040 4985 nisi
1081 4924 1147 4985 in
1178 4924 1481 4987 omnibus
1521 4923 1748 4987 fuisset
1780 4944 1915 5006 gra-

407 5022 502 5083 tia
533 5021 644 5083 Dei
682 5021 963 5103 adjutus,
995 5022 1204 5084 Patres
1248 5031 1653 5085 recurrerunt
1686 5023 1764 5084 ad
1795 5031 1916 5085 ter-

403 5121 570 5182 tiam
615 5138 895 5193 causam,
938 5128 1276 5202 pensantes
1322 5121 1492 5204 quod
1543 5121 1756 5184 illusio
1807 5121 1915 5183 illa

407 5218 643 5281 fuisset
691 5239 770 5282 ex
818 5218 1042 5281 fraude
1089 5219 1326 5282 diaboli
1374 5239 1387 5282 :
1440 5227 1699 5302 propter
1745 5221 1914 5302 quod
2024 5219 2347 5281 lecebroso
2404 5237 2516 5280 seu
2578 5216 2919 5279 libidinoso
2979 5232 3238 5297 prorsus
3297 5217 3511 5281 sedato

409 5315 966 5380 confidentissime
1000 5326 1386 5380 censuerunt
1415 5319 1691 5381 Fratrem
1730 5319 1914 5381 debe-
2023 5337 2097 5382 ac
2140 5317 2366 5399 sopito,
2408 5332 2811 5400 nequaquam
2853 5313 3269 5376 exhibeamus
3313 5333 3510 5377 mem·
3566 5327 3684 5374 Ioza.
3708 5333 3773 5374 η.

671 5451 735 5502 Τ.
773 5451 852 5502 27.
3198 5447 3261 5498 25

2023 4827 2200 4890 sione
2230 4825 2667 4889 fornicationis
2698 4825 2958 4898 devicta,
2972 4843 3099 4887 non
3131 4833 3349 4905 regnet
3379 4844 3519 4906 pec-
3544 4841 3806 4893 Romanis.

2024 4934 2234 4987 catum
2280 4925 2345 4985 in
2389 4923 2642 4987 mortali
2687 4941 2948 5004 corpore
2991 4930 3207 4985 nostro
3254 4923 3331 4985 ad
3372 4923 3517 4986 obe-

2023 5023 2327 5086 diendum
2382 5021 2920 5104 concupiscentiis
2979 5021 3140 5101 ejus,
3204 5028 3276 5082 ut
3330 5021 3515 5084 docet

2022 5121 2377 5203 Apostolus.
2421 5120 2733 5193 Secundo,
2777 5126 2847 5180 ut
2888 5125 3065 5180 motu
3109 5118 3395 5199 corporis
3439 5119 3511 5180 il-
