4359 6267
813 483 888 547 14
2000 500 2058 543 n.
2107 498 2377 544 moNYsu
2418 496 2732 543 ramulo

813 676 1135 739 carissimi
1189 672 1654 754 asseruerunt),
1703 672 1887 735 labor
1932 671 2134 752 hujus
2181 669 2630 733 translationis
2679 685 2811 732 non
2863 670 2987 733 erit
3035 670 3314 748 inutilis,
3354 669 3471 732 sed
3516 670 3909 734 concedente

813 784 1125 859 Domino,
1182 782 1559 845 fructuosus
1613 799 1627 840 ε
1686 779 1999 860 quoniam
2056 778 2405 841 difficultas
2455 776 2863 857 intelligendi
2920 794 2996 840 ea
3046 796 3193 859 quae
3244 777 3571 857 leguntur,
3622 777 3911 841 fructum

813 891 1116 953 lectionis
1151 907 1284 953 non
1325 888 1743 951 mediocriter
1778 886 1974 965 tollit,
2002 886 2118 947 aut
2154 886 2353 948 etiam
2392 885 2657 965 penitus
2694 885 2995 966 impedit,
3038 886 3172 948 imo
3212 887 3278 948 et
3313 885 3585 949 taedium
3621 886 3815 966 parit,
3848 886 3915 948 et

817 997 1063 1061 multos
1101 996 1337 1059 avertit
1378 1016 1392 1056 ε
1436 995 1592 1075 quia
1628 994 1789 1057 dum
1831 995 1935 1056 vis
1973 992 2372 1055 intellectiva
2418 992 2501 1054 ad
2540 992 2928 1073 capiendum
2972 1009 3243 1055 sensum
3282 992 3494 1055 valide
3533 994 3909 1073 occupatur,

815 1105 918 1167 vis
955 1104 1254 1167 affectiva
1293 1103 1513 1164 minus
1543 1101 1939 1180 accenditur,
1965 1101 2159 1181 juxta
2197 1099 2447 1162 dictum
2486 1098 2649 1161 illud
2682 1116 3033 1163 commune
3066 1119 3080 1159 ε
3114 1100 3373 1173 Quanto
3404 1099 3625 1162 anima
3660 1099 3729 1161 in
3766 1100 3914 1162 actu

815 1212 1015 1274 unius
1061 1211 1370 1291 potentiae
1420 1208 1873 1272 vehementius
1925 1209 2023 1271 est
2061 1208 2333 1285 intenta,
2374 1208 2554 1269 tanto
2603 1206 2672 1269 in
2722 1205 2999 1270 aliarum
3048 1207 3488 1287 potentiarum
3541 1205 3796 1269 actibus
3839 1207 3916 1269 fit

797 1320 1029 1399 ‘magis
1080 1317 1376 1381 remissa.
1423 1317 1626 1378 Porro
1681 1302 2040 1395 temperata
2092 1314 2484 1377 characteris
2535 1314 2843 1377 venustas
2894 1316 2959 1377 et
3010 1313 3419 1395 intelligendi
3477 1313 3777 1391 facilitas,
3822 1314 3914 1377 le-

817 1427 1078 1507 gentem
1132 1427 1196 1488 et
1245 1426 1569 1490 delectant
1614 1427 1678 1487 et
1723 1424 2021 1487 alliciunt
2066 1423 2147 1486 ad
2197 1421 2569 1502 legendum,
2616 1440 2690 1484 ac
2738 1423 2970 1485 ceteris
3022 1420 3315 1503 paribUS‚
3362 1422 3648 1483 mentem
3702 1421 3913 1501 magis

817 1534 1218 1612 illuminant,
1272 1535 1337 1595 et
1388 1533 1691 1596 affectum
1742 1531 2071 1595 salubrius
2120 1530 2536 1610 validiusque
2582 1528 3016 1609 inflammant,
3066 1528 3654 1608 communitatique
3702 1527 3913 1607 magis

816 1640 1306 1721 proportionate
1353 1639 1855 1719 cognoscuntur.

952 1748 1328 1832 Postremo2
1373 1746 1686 1827 quoniam
1742 1746 1912 1809 inter
1965 1745 2307 1808 volumina
2361 1744 2657 1807 Cassiani
2715 1762 2889 1807 nunc
2944 1743 3413 1821 transferenda,
3467 1726 3756 1823 primum
3813 1745 3913 1806 est

819 1855 900 1917 de
951 1854 1280 1917 Institutis
1336 1856 1714 1918 sanctorum
1765 1855 2081 1935 Patrum3
2136 1852 2377 1915 idcirco
2433 1851 2515 1915 ab
2566 1852 2681 1917 illo
2740 1869 3001 1915 sumam
3059 1851 3428 1930 exordium,
3484 1851 3549 1913 et
3602 1850 3817 1931 primo
3874 1868 3914 1913 a

819 1959 1092 2045 prologo
1143 1960 1308 2041 ejus,
