4359 6267
1067 529 1482 577 commonuit
1526 529 1611 576 ss.
1647 529 1890 576 Parnon
1930 529 2105 576 mnan
2145 530 2185 575 1.
2227 547 2307 559 —
2348 529 2632 576 coLLArm
2673 530 2715 576 x
3320 509 3439 574 257

1463 923 2157 1037 COLLATIO
2250 925 2337 1035 X

1254 1167 1366 1261 (A
1390 1165 1682 1243 bbatis
1759 1167 2018 1244 Isaac
2101 1169 2529 1265 secunda)

1385 1413 1486 1464 DE
1527 1411 1960 1466 ORATIONIS
1999 1415 2407 1466 JUGITATE.

572 1742 1146 1808 CAPITULUM
1208 1743 1620 1806 PRIMUM.
1869 1694 1920 1757 Α
1948 1694 2358 1808 Alexandrini
2400 1699 2724 1779 pontificis
2769 1699 2977 1762 missae
3020 1699 3443 1782 sunt,·paucis

1950 1794 2221 1857 evolutis
2254 1796 2479 1858 diebus
2509 1817 2545 1859 a
2576 1805 2860 1880 tempore
2892 1816 3018 1880 quo
3048 1799 3243 1861 abbas
3273 1800 3443 1861 Isaac

901 1892 1283 1948 Prooemium.
1950 1891 2102 1954 fecit
2141 1893 2326 1956 nobis
2368 1896 2829 1976 praecedentem
2874 1897 3297 1959 collationem.
3332 1898 3446 1959 De-

1950 1991 2145 2072 nique
2193 1991 2258 2053 in
2302 1991 2582 2074 praesatis
2626 1993 2914 2075 epistolis
2965 1995 3133 2058 idem
3181 1995 3444 2059 antistes

427 2087 625 2150 NTER
669 2095 877 2150 cetera
927 2089 1047 2151 ista
1093 2089 1616 2150 anachoretarum
1666 2089 1840 2150 insti-
1953 2090 2138 2170 longo
2198 2109 2489 2153 sermone
2546 2092 2895 2174 disputavit
2945 2101 3163 2156 contra
3220 2096 3442 2157 rudem

446 2193 578 2247 tuta
607 2187 928 2263 sublimia,
950 2188 1098 2250 stilo
1128 2186 1603 2269 qualicumque,
1629 2208 1843 2270 quam·
1952 2188 2245 2250 haeresim
2304 2189 3121 2273 Anthropomorphitarum,
3184 2200 3247 2254 et
3302 2212 3442 2254 eam

355 2285 446 2346 vis
479 2287 794 2368 imperito,
827 2287 1165 2369 descripta,
1190 2287 1460 2349 Domino
1491 2289 1839 2350 conceden-
1948 2285 2278 2348 evidenter
2324 2288 2654 2350 destruxit.
2707 2289 2882 2361 Quod
2940 2291 3222 2352 universi
3281 2310 3443 2372 pene

357 2390 432 2457 te,
463 2386 613 2447 ordo
651 2385 1032 2448 narrationis
1075 2385 1405 2467 compellit
1444 2403 1557 2447 nos
1596 2385 1838 2468 aliquid
1951 2385 2245 2445 monachi
2292 2385 2357 2446 in
2396 2386 2660 2468 AEgypt‘o
2706 2395 3046 2461 moranteS,
3080 2406 3229 2451 cum
3272 2397 3444 2451 tanta

357 2480 620 2544 inserere
670 2484 838 2564 quod
883 2484 1171 2545 videatur
1216 2501 1536 2564 apponere
1586 2503 1836 2546 naevum
1949 2483 2373 2545 amaritudine
2430 2490 2835 2565 acceperunt,
2881 2503 2959 2547 ex
3014 2485 3441 2566 simplicitatis

355 2581 682 2661 quemdam
729 2582 910 2663 quasi
957 2581 1206 2663 corpori
1253 2581 1523 2662 pulchro
1564 2598 1578 2642 :
1622 2601 1840 2663 quam·
1949 2599 2078 2642 suae
2113 2599 2348 2657 errore,
2383 2590 2453 2642 ut:
2486 2601 2629 2663 pars
2671 2583 2949 2644 maxima
2985 2583 3306 2645 seniorum
3345 2585 3444 2664 Ju-

357 2677 444 2738 vis
491 2697 612 2741 non
662 2679 950 2740 dubitem
1003 2679 1157 2761 quin
1209 2699 1286 2740 ex
1337 2679 1456 2740 hoc
1508 2678 1646 2760 ipso
1696 2697 1840 2741 con·
1950 2677 2186 2740 dicaret
2231 2681 2529 2742 eumdem
2579 2681 2952 2762 pontificem
3003 2681 3083 2742 ab
3130 2683 3443 2745 universis

356 2774 584 2839 feretur
642 2778 1146 2860 simplicioribus
1215 2778 1552 2840 instructio
1612 2797 1839 2859 magna
1948 2776 2269 2840 Fratribus
2320 2779 2761 2842 detestandum
2805 2789 3105 2862 tanquam
3152 2781 3446 2862 gravissi-

238 2898 260 2932 ι.
319 2874 428 2936 .de
469 2876 920 2957 omnipotentis
966 2877 1078 2938 Dei
1125 2877 1400 2958 imagine
1444 2896 1585 2958 quae
1623 2876 1687 2938 in
1729 2876 1839 2938 Ge·
1866 2871 1912 2933 B
1951 2895 2051 2937 ma
2080 2874 2303 2938 haeresi
2334 2877 2748 2958 depravatum
2774 2898 2789 2942 2
2815 2887 3031 2960 utpote
3063 2879 3171 2960 qui
3204 2887 3445 2941 contra-

356 2973 484 3034 nesi
526 2973 756 3054 legitur
797 2993 812 3038 ε
857 2976 1208 3056 praesertim
1252 2995 1452 3057 quum
1494 2994 1684 3036 causa
1725 2994 1836 3037 seu
1946 2975 2185 3038 diceret
2210 2976 2460 3038 veritati
2494 2977 3145 3058 Scripturae,negando
3168 2977 3447 3059 omnipo-

355 3069 671 3152 inquisitio
707 3080 894 3134 tantae
930 3074 1232 3136 doctrinae
1261 3081 1565 3149 vertatur,
1598 3081 1667 3135 ut
1697 3075 1837 3154 ejus
1947 3081 2185 3136 tentem
2216 3074 2416 3136 Deum
2458 3074 2752 3138 humanae
2783 3075 3006 3157 figurae
3040 3076 3441 3138 lineamentis

351 3167 690 3248 ignorantia
740 3171 947 3233 inesse
991 3188 1118 3233 non
1172 3172 1372 3253 possit
1413 3171 1552 3234 sine
1595 3172 1869 3253 ingenti
1948 3172 2312 3247 formatum,
2347 3193 2547 3255 quum
2590 3174 2917 3255 Scriptura
2960 3174 3222 3238 Genesis
3265 3194 3442 3256 aper-

351 3267 735 3350 blasphcmia
793 3277 985 3352 atque
1045 3271 1372 3334 ca'tholicae
1429 3271 1584 3332 fidei
1645 3272 1836 3332 detri—
1944 3271 2190 3334 tissime
2222 3280 2606 3354 protestetur
2644 3274 2970 3336 hominem
3004 3273 3082 3335 ad
3118 3273 3228 3335 Dei
3264 3274 3439 3336 simi·
3486 3292 3724 3344 Gemma.

347 3373 566 3428 mento.
1943 3369 2281 3433 litudinem
2328 3389 2466 3434 esse
2516 3379 2819 3434 creatum.
2865 3372 3129 3454 Insuper
3172 3373 3442 3453 epistola

1943 3469 2187 3550 praefati
2232 3469 2518 3552 episcopi
2564 3471 2651 3531 ita
2694 3476 2789 3532 est
2836 3469 3105 3532 refutata
3150 3489 3185 3532 a
3230 3489 3443 3536 mona-

696 3597 706 3606 ·
752 3611 1256 3677 CAPITULUM
1320 3611 1386 3673 Π
1941 3568 2078 3630 chis
2123 3568 2188 3629 in
2220 3568 2435 3650 Scythi
2468 3568 2869 3649 degentibuS,
2898 3569 3010 3650 qui
3049 3570 3441 3650 perfectione

1395 3659 1408 3672 ’
1939 3685 2012 3727 ac
2071 3666 2337 3728 scientia
2395 3666 2898 3747 praeeminebant
2957 3668 3203 3730 cunctis
3261 3671 3441 3752 AEgy-

351 3768 426 3823 De
462 3761 876 3826 observatione
914 3785 1050 3843 quae
1088 3771 1156 3824 in
1186 3771 1448 3841 AEqypto
1487 3774 1723 3825 tenetur
1759 3769 1832 3825 de
1939 3763 2092 3845 ptiis
2139 3764 2490 3838 monachiS,
2528 3772 2596 3826 ut
2637 3773 2866 3846 praeter
2910 3765 3204 3828 abbatem
3248 3768 3443 3850 Paph-

700 3859 1157 3930 siym'ficatione
1195 3859 1458 3914 Pasclzoe.
1939 3862 2193 3923 nntium
2254 3862 2760 3943 congregationis
2826 3872 3057 3927 nostrae
3116 3865 3439 3948 presbyte-

1940 3979 2104 4033 rum,
2139 3960 2355 4022 nullus
2401 3969 2757 4023 ceterorum
2805 3962 3319 4046 presbyterorum
3371 3965 3435 4026 in

496 4055 582 4117 OS
613 4055 732 4117 iste
765 4055 828 4117 in
866 4055 1120 4135 regione
1150 4054 1399 4136 AEgypti
1435 4061 1722 4117 servatur
1750 4074 1826 4116 ex
1862 4059 1906 4122 C
1939 4059 2159 4120 eadem
2219 4076 2434 4120 eremo
2495 4059 2975 4140 praesidentium
3034 4061 3175 4122 aliis
3232 4061 3437 4123 tribus
3516 4107 3524 4115 .

515 4153 908 4216 institutione
952 4153 1234 4234 antiqua,
1280 4160 1349 4214 ut
1389 4161 1645 4234 peracto
1687 4152 1828 4234 Epi·
1939 4156 2263 4230 EcclesiiS,
2297 4157 2694 4238 permitteret
2724 4177 2864 4220 eam
2897 4157 2963 4219 in
2994 4158 3126 4220 suis
3164 4153 3469 4221 conven-‘

351 4249 714 4330 phaniorum
744 4252 847 4314 die
862 4252 1080 4335 (quem
1109 4252 1464 4314 sacerdot-es
1497 4251 1662 4313 illius
1693 4269 1830 4333 pro-
1938 4255 2111 4318 tibus
2158 4255 2280 4337 legi
2324 4264 2433 4318 aut
2476 4256 2749 4318 recitari.

347 4349 558 4412 vinciae
596 4351 820 4412 dicunt
849 4369 987 4412 esse
1021 4350 1190 4412 diem
1231 4350 1534 4432 baptismi
1568 4350 1822 4424 Christi,

347 4447 438 4508 vel
487 4448 830 4510 nativitatis
889 4449 1030 4510 e'us
1089 4449 1443 4510 secundum
1497 4468 1751 4511 carnem
1808 4467 1822 4511 ε

349 4547 502 4608 unde
539 4555 600 4609 et
644 4549 720 4610 de
767 4469 1035 4628 utraque
1079 4566 1145 4609 re
1190 4547 1299 4609 illa
1345 4567 1534 4609 unam
1581 4555 1824 4611 tantum
2339 4509 2843 4574 CAPITULUM
2908 4513 3027 4575 ῙῙῙ·

348 4642 572 4708 faciunt
613 4645 1097 4725 solenni‘tatem3
1144 4664 1270 4708 non
1316 4647 1493 4721 duas,
1538 4647 1703 4709 sicut
1748 4647 1827 4709 fit
1935 4659 2023 4714 De
2059 4657 2277 4713 abbate
2312 4659 2670 4729 Serapione,
2700 4666 2757 4714 et
2791 4661 3437 4732 Antltropomorpliita-

350 4743 407 4804 in
434 4743 927 4806 occidentalibus
959 4744 1289 4826 partibus),
1310 4752 1464 4808 tunc
1497 4746 1827 4808 mittantur
1975 4762 2109 4802 rum
2133 4746 2371 4810 Izoeresv',
2386 4763 2567 4818 quam
2589 4764 2669 4803 eoe
2690 4749 3087 4820 simplicitate
3113 4751 3396 4806 incurrit.

351 4842 614 4923 epistolae
651 4841 1063 4905 Alexandrini
1099 4842 1384 4925 episcopi
1428 4863 1542 4925 per
1578 4844 1828 4907 univer-

353 4959 444 5002 sas
472 4940 1078 5024 AEgyptiEcclesiaS,
1107 4941 1172 5002 in
1204 4941 1439 5022 quibus
1471 4942 1829 5005 insinuatur
2067 4943 2267 5006 ORRO
2327 4943 2493 5005 inter
2541 4962 2649 5006 eos
2708 4945 2815 5025 qui
2878 4946 3125 5028 decepti
3174 4947 3431 5010 fuerunt

355 5037 593 5101 initium
618 5038 1126 5118 Quadragesimae
1155 5047 1220 5100 et
1250 5038 1385 5102 dies
1411 5039 1682 5113 Paschae,
1705 5058 1828 5102 non
2085 5041 2311 5104 haeresi
2345 5041 2473 5115 illa,
2498 5041 2620 5103 suit
2652 5042 2978 5124 Serapion,
3002 5045 3103 5106 vir
3131 5045 3435 5127 antiquis-

354 5136 542 5198 solum
583 5156 695 5220 per
734 5137 1018 5217 singulas
1058 5135 1367 5210 civitateS,
1401 5137 1510 5199 scd
1551 5157 1664 5218 per
1702 5156 1832 5200 om-
1940 5139 2118 5202 simae
2162 5140 2579 5203 districtionis
2629 5149 2819 5222 atque
2869 5161 2982 5224 per
3024 5143 3239 5205 omnia
3285 5160 3430 5205 con-

355 5233 450 5312 nia
511 5253 762 5318 quoque
830 5234 1139 5298 coenobia.
1205 5235 1410 5316 Atque
1475 5237 1827 5298 secundum
1858 5239 1909 5301 D
1940 5245 2296 5300 summatus
2345 5239 2412 5299 in
2457 5238 2588 5300 vita
2633 5239 2887 5303 activa:
2924 5240 3108 5320 cujus
3152 5257 3328 5302 error
3370 5249 3432 5303 et

355 5330 509 5395 hunc
546 5350 811 5406 more-m,
844 5331 1136 5395 solennes
1178 5332 1463 5415 epist-olae
1495 5333 1828 5417 Theophili
1942 5335 2267 5419 imperitia
2301 5343 2549 5398 tantum
2579 5336 3016 5419 praejudicavit
3056 5338 3303 5402 cunctis
3334 5357 3432 5402 ve·
