4359 6267
536 666 802 718 Malthanx,

536 732 560 772 8
578 745 588 782 ;
629 730 762 772 Deul.

538 805 651 842 xxiv.
682 797 696 835 Ἰ
709 824 720 835 .

563 1445 713 1551 ἔπεσά.
731 1459 803 1498 xx,

539 1513 556 1550 ί
593 1541 605 1553 .

537 1642 798 1693 ΜαέιΙι.κικ,

537 1709 608 1748 29.

553 2529 724 2586 Ephe&
743 2543 799 2580 vi,

531 2593 799 2698 3331&an

557 3023 729 3068 Maffh.
753 3038 794 3076 v,

531 3089 596 3129 32.

833 452 952 517 376

1522 471 1938 518 COLLATIONUM
1982 472 2066 518 SS.
2099 472 2346 517 mmm!
2386 471 2561 517 LIBER
2602 472 2665 517 11.
2712 490 2793 499 —
2834 472 3121 520 COLLATIO
3159 475 3267 520 xxl

910 641 1160 724 Adjecit
1195 659 1450 725 quoque
1485 660 1499 704 ε
1533 642 1596 704 Si
1628 643 1870 725 Moyses
1912 641 2205 724 permisit
2241 659 2332 702 re·
2360 639 2411 702 A
2440 640 2757 722 scipulatu
2804 661 2903 705 me
2943 643 3244 718 retrahaS,
3276 642 3550 706 viriliter
3584 644 3955 726 apprehen-

831 739 1036 822 linqui
1062 759 1289 804 uxores
1320 749 1579 822 propter
1603 740 1905 803 duritiam
1937 739 2325 808 maritorum,

832 856 1027 919 quare
1062 838 1348 902 Christus
1384 856 1512 900 non
1546 838 1711 899 sinat
1741 839 1882 912 hoe,
1919 838 1968 899 si
2005 837 2119 898 l'iat
2149 836 2331 898 casti-

832 937 977 998 tatis
1011 939 1265 999 amore?
1295 936 1648 998 Praesertim
1683 956 1884 1018 quum
1921 936 2090 998 idem
2122 934 2331 997 Domi-

832 1053 952 1096 nus
993 1034 1281 1097 indieans
1321 1034 1487 1096 inter
1527 1043 1735 1096 cetera
1775 1053 1912 1097 esse
1953 1053 2080 1096 non
2120 1034 2328 1096 solum

829 1132 1243 1214 abjiciendaS,
1277 1134 1386 1196 sed
1419 1133 1612 1195 etiam
1642 1133 1945 1195 odiendas
1983 1151 2097 1215 pro
2127 1131 2330 1195 nomi-

832 1250 910 1292 ne
942 1249 1058 1293 suo
1081 1238 1146 1293 et
1172 1231 1582 1312 perfectionis
1614 1231 1929 1294 desiderio
1954 1231 2327 1294 affectiones

832 1337 1107 1412 patrum,
1144 1337 1416 1392 matrum
1455 1349 1528 1392 ac
1565 1329 1873 1404 filiorum,
1907 1329 2144 1413 quibus
2177 1349 2330 1411 prae-

831 1429 1110 1510 cipimur
1163 1446 1289 1490 non
1341 1428 1547 1490 solum
1605 1427 1740 1509 lege
1798 1429 2047 1512 MoysiS,
2099 1428 2208 1490 sed
2266 1433 2330 1489 et

833 1526 1086 1600 Christi,
1106 1546 1361 1589 omnem
1392 1527 1816 1589 reverentiam
1847 1526 2170 1599 exhibere,
2190 1543 2333 1587 con-

827 1626 1053 1707 jungat
1082 1626 1174 1688 eis
1205 1645 1440 1688 nomen
1485 1625 1720 1700 uxoris,
1755 1625 2025 1688 dicendo
2061 1643 2074 1686 ε
2110 1624 2329 1688 Omnis

830 1723 941 1805 qui
969 1724 1301 1806 reliquerit
1333 1724 1612 1798 domum,
1630 1730 1739 1786 aut
1768 1723 2012 1799 fratreS,
2032 1724 2130 1786 vel
2163 1741 2330 1786 soro-

2440 738 2584 800 dam
2615 740 2969 802 doctrinam
3012 741 3169 804 mihi
3212 742 3520 824 prolatam
3552 761 3660 805 ore
3690 742 3955 804 abbatis

2436 838 2715 912 loannis,
2750 838 2877 901 imo
2912 847 2976 900 et
3006 841 3369 916 SalvatoriS,
3404 842 3491 904 ita
3529 849 3598 903 ut
3634 841 3808 903 nulla
3850 839 3953 902 af-

2437 935 2629 998 fectio
2660 955 2762 998 me
2794 937 2992 1018 possit
3021 958 3058 1000 a
3086 938 3402 1020 spirituali
3441 939 3712 1002 avellere
3742 938 3947 1013 bono,

2439 1053 2639 1115 quum
2670 1035 2839 1097 dicat
2868 1035 3189 1099 Salvator:
3218 1037 3336 1111 Qui
3366 1055 3492 1100 non
3522 1039 3656 1101 odit
3686 1045 3945 1120 patrem
3994 1057 4321 1106 Lucan-,zet

2437 1139 2501 1194 et
2558 1141 2847 1207 matrem,
2904 1142 3048 1208 etc.‚
3104 1153 3234 1198 non
3290 1143 3499 1218 potest
3556 1155 3735 1198 meus
3791 1155 3947 1199 esse

2438 1231 2811 1314 discipulus

2517 1331 2733 1413 Itaque
2773 1352 2973 1414 quum
3016 1333 3284 1396 intentio
3319 1333 3607 1396 mulieris
3650 1351 3775 1396 non
3816 1333 3945 1396 fle-

2439 1436 2716 1492 cteretur
2756 1430 2856 1493 his
2900 1438 2963 1493 et
3005 1432 3451 1494 consimilibus
3494 1432 3727 1506 verbiS,
3760 1439 3824 1494 et
3872 1434 3949 1494 in

2439 1527 2659 1589 eadem
2690 1528 3136 1592 obstinationis
3171 1530 3407 1592 duritia
3435 1538 3807 1602 remaneret,
3846 1531 3950 1592 di-

2440 1625 2531 1686 xit
2579 1625 2862 1689 Theonas
2915 1647 2929 1691 :
2983 1628 3046 1690 Si
3104 1645 3221 1710 ego
3278 1645 3405 1690 non
3465 1646 3725 1710 possum
3785 1638 3853 1691 te
3904 1649 3949 1690 a

2441 1733 2642 1786 morte
2684 1725 3068 1814 abstrahere,
3112 1745 3227 1788 nec
3272 1734 3338 1788 tu
3382 1727 3707 1790 abstrahes
3752 1746 3858 1789 me
3904 1747 3949 1789 a

830 1841 950 1897 res,
983 1831 1090 1884 aut
1121 1830 1388 1904 patrem,
1421 1831 1529 1884 aut
1574 1830 1863 1897 matrem,
1897 1830 2006 1884 aut
2039 1839 2324 1896 uxorem,
2363 1824 2411 1885 B
2441 1823 2733 1902 Christo;
2784 1824 2983 1885 tutius
3038 1824 3195 1885 mihi
3248 1831 3345 1886 est
3392 1824 3624 1887 habere
3675 1825 3947 1888 divorti-

827 1921 1200 2003 centuplum
1232 1921 1519 2002 accipiet,
1541 1929 1604 1983 et
1628 1921 1826 1983 vitam
1857 1929 2156 1983 aeternam
2191 1937 2329 2002 pos-

825 2019 1078 2082 sidebit.
1113 2022 1184 2083 ln
1215 2027 1460 2082 tantum
1496 2020 1689 2100 igitur
1721 2020 2008 2083 Christus
2041 2037 2168 2082 non
2200 2038 2330 2080 sus-

825 2117 985 2181 tinet
1026 2119 1268 2201 aliquid
1307 2117 1662 2201 comparari
1709 2117 2087 2200 perfectioni
2133 2135 2327 2198 quam

828 2216 1148 2297 praedicat,
1201 2225 1270 2278 ut
1317 2217 1620 2279 dissolvat
1670 2216 1863 2277 etiam
1914 2215 2329 2277 necessitudi-

825 2333 974 2376 nem
1007 2315 1203 2397 patris
1233 2335 1306 2377 ac
1338 2314 1579 2389 matriS,
1599 2315 1676 2376 de
1706 2313 1940 2396 quibus
1971 2314 2326 2376 secundum

826 2412 1199 2495 Apostolum
1243 2421 1339 2476 est
1381 2413 1662 2495 primum
1712 2413 2080 2474 mandatum
2131 2412 2197 2473 in
2243 2411 2326 2474 le-

826 2531 924 2593 ge,
972 2512 1290 2587 videlicet,
1337 2513 1584 2574 Honora
1635 2519 1878 2593 patrem
1924 2517 1985 2573 et
2029 2519 2322 2585 matrem,

828 2610 997 2692 quod
1027 2617 1122 2672 est
1155 2609 1522 2672 mandatum
1555 2610 1836 2691 primum
1868 2609 1933 2670 in
1965 2609 2329 2690 promissio-

826 2727 928 2783 ne,
973 2719 1043 2772 ut
1087 2710 1249 2771 bene
1299 2709 1382 2770 sit
1427 2709 1566 2782 tibi,
1609 2717 1672 2770 et
1716 2708 1802 2770 sis
1854 2709 2174 2788 longaevus
2225 2728 2325 2770 su-

825 2827 940 2890 per
969 2815 1202 2870 terram
1232 2825 1246 2869 :
1280 2827 1552 2890 quorum
1583 2806 1990 2870 affectionem
2033 2807 2324 2889 praecipit

825 2907 1110 2970 Christus
1156 2925 1271 2989 pro
1310 2925 1427 2969 suo
1469 2924 1683 2969 amore
1725 2907 2068 2968 contemni.
2104 2907 2320 2987 Itaque

2442 1939 2549 1982 um
2593 1921 2670 1983 ab
2720 1921 2999 1997 homine,
3045 1942 3239 2004 quam
3280 1943 3316 1984 a
3360 1923 3505 1986 Deo.
3552 1923 3943 2006 Adspirante

2438 2018 2631 2100 igitur
2686 2021 2889 2100 gratia
2945 2021 3078 2095 Dei,
3134 2028 3497 2083 constanter
3555 2030 3941 2104 prosecutus

2436 2123 2533 2178 est
2574 2138 2762 2180 suum
2806 2118 3227 2201 propositum,
3270 2137 3389 2180 nec
3430 2139 3653 2201 passus
3694 2128 3791 2182 est
3834 2139 3939 2181 ar-

2436 2215 2654 2278 dorem
2685 2217 2982 2279 desiderii
3018 2217 3116 2280 sui
3153 2224 3475 2299 tepescere
3506 2236 3622 2299 per
3646 2217 3939 2299 aliquam

2437 2333 2697 2377 moram.
2732 2316 2871 2377 Mox
2903 2315 3143 2398 quippe
3174 2315 3395 2378 relicta
3425 2316 3600 2378 omni
3631 2315 3941 2379 facultate

2436 2415 2776 2488 mundana,
2814 2415 3267 2477 monasterium
3308 2423 3405 2478 est
3442 2415 3783 2496 ingressu8‚
3817 2415 3941 2479 ubi

2384 2571 2391 2577 .
2435 2510 2500 2572 in
2550 2511 2728 2574 brevi
2778 2513 3041 2574 emicuit
3089 2520 3265 2575 tanto
3312 2513 3665 2575 sanctitatis
3709 2521 3773 2575 et
3812 2513 3939 2576 hu-

2436 2609 2721 2672 militatis
2772 2610 3132 2692 splendore,
3187 2618 3256 2672 ut
3302 2618 3442 2693 post
3496 2619 3769 2674 mortem
3819 2612 3941 2674 ab-

2433 2707 2595 2770 batis
2633 2709 2889 2770 loannis
2932 2709 3445 2791 successorisque
3486 2709 3628 2791 ejus
3672 2710 3731 2772 S.
3777 2710 3940 2774 Eliae

2431 2805 2699 2881 abbatiS,
2762 2807 3211 2888 praedecessori
3270 2824 3387 2870 suo
3446 2825 3575 2870 non
3638 2808 3935 2890 impariS,

2430 2904 2495 2965 B.
2559 2905 2844 2967 Theonas
2906 2905 2997 2966 eis
3058 2905 3437 2967 successerit
3497 2906 3564 2966 in
3621 2906 3937 2970 diaconiae

822 3005 988 3067 sicut
1044 3006 1448 3087 evangelicus
1507 3022 1716 3067 sermo
1775 3005 2154 3067 condemnat
2212 3023 2320 3066 eos
2357 3008 2401 3071 C
2430 3003 2922 3084 dispensatione,
2969 3003 3341 3085 praeelectus
3389 3005 3468 3066 ad
3510 3005 3630 3067 hoc
3673 3005 3937 3068 univer-

823 3103 933 3185 qui
981 3112 1158 3166 extra
1203 3103 1499 3166 adulterii
1547 3122 1768 3166 casum
1827 3110 2135 3184 rumpunt
2181 3103 2318 3164 vin-

822 3201 1040 3263 culum
1089 3201 1442 3282 conjugale,
1487 3201 1579 3262 sic
1629 3201 1957 3263 evidenter
2004 3200 2321 3282 promittit

823 3300 1120 3380 centupla
1169 3299 1431 3381 praemia
1486 3298 1586 3360 his
1635 3299 1744 3381 qui
1791 3299 2020 3379 jugum
2068 3297 2319 3360 carnale

821 3395 1121 3476 rejiciunt
1160 3404 1420 3479 propter
1450 3396 1682 3459 Christi
1721 3414 2004 3459 amorem
2042 3404 2106 3459 et
2141 3397 2323 3458 casti-

823 3494 1052 3558 moniae
1093 3496 1469 3578 appetitum.

901 3593 1293 3677 Quapropter
1350 3594 1402 3656 si
1461 3593 1604 3656 fieri
1665 3602 1892 3676 potest,
1947 3601 2016 3656 ut
2075 3593 2317 3656 ratione

819 3700 1098 3774 accepta,
1134 3693 1388 3755 tandem
1428 3693 1710 3756 flectaris
1749 3693 1826 3754 ad
1868 3701 2112 3774 partem
2153 3694 2316 3755 hanc

819 3790 1422 3853 desideratissimam
1453 3791 1634 3865 mihi,
1670 3799 1742 3853 ut
1771 3791 2017 3854 scilicet
2044 3790 2316 3855 Domino

819 3889 1190 3964 servientes,
1245 3891 1483 3972 pariter
1529 3890 1843 3953 evitemus
1902 3908 2158 3972 poenam
2214 3908 2317 3970 ge-

817 3989 1064 4064 hennae,
1097 4006 1225 4051 non
1258 3989 1466 4050 refuto
1497 3989 1778 4069 conjugii
1811 3989 2159 4062 caritatem,
2188 3989 2316 4050 imo

819 4087 1058 4168 maJ'ore
1088 4086 1429 4149 dilectione
1459 4078 1822 4168 amplector.
1835 4086 2122 4168 Agnosco
2146 4107 2318 4149 nam-

2429 3120 2645 3164 sorum
2688 3120 2963 3164 consona
3004 3119 3177 3165 VOCO.

2846 3329 3350 3393 CAPITULUM
3412 3331 3499 3393 X.

2424 3451 2808 3522 Satisfactio,
2844 3451 3007 3524 quod
3042 3467 3163 3507 non
3202 3451 3486 3507 intendat
3520 3453 3774 3508 suadere
3810 3459 3935 3510 aut

2586 3541 2934 3614 approbare
2960 3542 3385 3597 discessionem
3414 3557 3454 3596 a
3483 3541 3757 3613 conjuyc.

2566 3693 2723 3756 ΕΜΟ
2756 3701 2970 3756 autem
3012 3701 3191 3775 putet
3223 3711 3335 3756 nos
3378 3694 3499 3756 ista
3538 3693 3937 3757 introduxis-

2582 3809 2649 3854 se
2692 3791 2772 3853 ad
2818 3791 3290 3874 provocandum
3340 3790 3786 3873 conjugiorum
3833 3793 3939 3855 di-

2425 3891 2645 3964 vortia,
2707 3891 2819 3972 qui
2875 3890 3133 3972 nuptias
3192 3907 3319 3952 non
3376 3891 3585 3953 solum
3644 3908 3772 3953 non
3832 3911 3935 3954 re-

2425 3988 2791 4070 probamuS,
2834 3989 2964 4050 imo
3009 3996 3075 4051 et
3120 3988 3533 4070 apostolicam
3582 3997 3933 4071 sequentes

2424 4088 2825 4161 sententiam,
2883 4087 3181 4162 dicimuS,
3238 4087 3621 4149 Honorabile
3680 4105 3933 4151 connu-
4006 4123 4303 4176 new-m,

818 4204 941 4267 que
981 4193 1045 4247 et
1083 4203 1351 4247 veneror
1389 4185 1728 4265 conjugem
1767 4184 2146 4266 adjutricem
2190 4204 2316 4254 mer
2345 4192 2396 4255 D
2425 4185 2603 4248 bium
2649 4186 2715 4248 in
2756 4185 3079 4260 omnibuS‚
3111 4193 3175 4247 et
3216 4193 3391 4248 torus
3436 4186 3933 4267 immaculatus;
3970 4191 4026 4230 ⁸-

817 4303 920 4346 am
967 4283 1127 4346 mihi
1175 4284 1542 4366 deputatam
1594 4300 1708 4365 per
1746 4284 1857 4345 Dei
1907 4283 2311 4360 sententiam,

818 4401 937 4445 nec
987 4400 1219 4464 respuo
1265 4382 1324 4444 ei
1377 4383 1691 4445 cohaerere
1743 4381 1807 4443 in
1860 4382 2108 4445 Christo
2156 4383 2316 4445 indi-

818 4488 1008 4562 rupto
1055 4481 1293 4544 l’oedere
1341 4481 1657 4559 caritatis;
1701 4499 1819 4543 nec
1867 4497 2090 4561 separo
2131 4500 2168 4543 a
2214 4501 2313 4543 me

818 4581 987 4661 quod
1018 4579 1323 4642 Dominus
1367 4578 1525 4641 mihi
1557 4579 1891 4659 conjunxit
1921 4579 2056 4659 lege
2092 4579 2315 4660 primae

819 4677 1223 4751 conditionis,
1275 4677 1622 4739 dummodo
1681 4678 1766 4738 sis
1823 4684 1886 4738 et
1934 4684 2002 4738 tu
2059 4696 2314 4760 quoque

818 4776 990 4857 quod
1029 4775 1283 4838 Creator
1318 4783 1380 4838 te
1420 4795 1558 4838 esse
1587 4775 1807 4838 voluit.
1845 4775 1907 4837 Si
1950 4795 2100 4838 vero
2139 4777 2317 4838 nolu-

817 4875 942 4936 eris
991 4883 1052 4937 te
1103 4875 1168 4936 in
1215 4874 1603 4956 adjutorium
1666 4874 1825 4935 mihi
1874 4893 2034 4948 esse,
2085 4875 2197 4937 sed
2247 4875 2313 4936 in

816 4974 1303 5056 deceptionem3
1348 4980 1413 5035 et
1455 4973 1755 5035 malueris
1800 4980 1859 5034 te
1903 4973 2203 5035 exhibere
2248 4973 2313 5035 in

815 5073 1278 5135 adminiculum
1309 5089 1436 5134 non
1470 5072 1651 5145 mihi,
1685 5071 1794 5133 sed
1826 5072 2014 5146 hosti,
2038 5079 2101 5132 et
2129 5080 2314 5154 putas

817 5171 1188 5254 conjugium
1233 5171 1452 5233 datum
1499 5171 1579 5233 ad
1619 5170 1740 5232 hoc
1786 5177 1854 5231 ut
1897 5168 2152 5232 fraudes
2201 5189 2313 5233 seu

816 5271 1027 5352 prives
1078 5279 1142 5334 te
1195 5269 1398 5333 salute
1456 5267 1688 5344 oblata,
1739 5276 1803 5331 et
1851 5287 1888 5330 a
1939 5267 2172 5331 Christi
2221 5268 2314 5331 di-

2424 4285 2534 4346 sed
2580 4293 2649 4346 ut
2692 4285 2970 4347 fideliter
3012 4285 3436 4367 panderemus
3482 4284 3701 4347 lectori
3752 4285 3939 4349 initi-

2426 4403 2533 4446 um
2576 4383 3008 4447 conversionis
3049 4400 3177 4464 quo
3215 4390 3427 4444 tantus
3462 4384 3562 4444 vir
3596 4400 3941 4446 consecra-

2426 4489 2526 4544 tus
2584 4489 2680 4543 est
2736 4482 2883 4545 Deo.
2934 4483 2986 4542 A
3035 4498 3162 4562 quo
3220 4481 3453 4543 lectore
3513 4481 3938 4563 deposcimus

2424 4580 2633 4661 primo
2663 4580 2796 4642 haec
2834 4596 2951 4660 pro
2982 4578 3145 4641 bona
3185 4579 3649 4659 regradatione,
3685 4587 3754 4640 ut
3782 4581 3939 4644 sive

2426 4677 2663 4740 factum
2705 4677 2862 4739 illud
2905 4675 3028 4738 sibi
3070 4676 3380 4758 placuerit
3417 4677 3551 4738 sive
3595 4694 3744 4752 non,
3778 4697 3937 4759 per-

2424 4777 2633 4838 mittat
2667 4795 2767 4839 me
2804 4795 2941 4838 esse
2970 4795 3007 4838 a
3037 4776 3357 4837 calumnia
3394 4776 3698 4850 alienum,
3732 4795 3937 4858 opus-

2424 4895 2547 4957 que
2599 4875 2757 4936 illud
2808 4875 3021 4937 laudet
3066 4883 3175 4936 aut
3224 4875 3644 4956 reprehendat
3689 4876 3755 4936 in
3804 4895 3937 4940 suo

2421 4981 2698 5036 auctore.
2734 4971 2863 5054 Ego
2892 4980 3105 5035 autem
3136 4973 3246 5055 qui
3281 4990 3407 5035 non
3440 4973 3664 5035 induxi
3693 4973 3770 5034 de
3800 4973 3933 5036 hac

2424 5090 2490 5133 re
2534 5091 2743 5134 meam
2787 5071 3190 5138 sententiam,
3234 5071 3346 5133 sed
3388 5071 3671 5152 simplici
3711 5090 3937 5134 narra-

2424 5171 2595 5233 tione
2637 5170 2977 5252 perstrinxi
3010 5169 3101 5232 rei
3139 5177 3331 5250 gestae
3361 5169 3717 5242 historiam,
3746 5169 3931 5250 juste

2424 5269 2682 5331 vindico
2725 5268 2907 5342 mihi,
2948 5277 3019 5331 ut
3058 5267 3226 5330 sicut
3262 5266 3424 5329 nihil
3469 5266 3635 5329 mihi
3680 5285 3929 5349 usurpo
