4359 6267
835 469 958 534 362

1519 487 1936 535 couATmNtm
1977 488 2061 534 SS.
2097 487 2343 534 PATRUM
2383 486 2558 533 LIBER
2598 487 2661 533 11.
2707 505 2789 516 --
2829 487 3115 535 COLLATIO
3155 489 3263 534 xlx

839 665 991 719 tunc
1038 658 1249 740 potius
1293 659 1620 742 publicare
1664 658 1815 740 quia
1857 657 1968 720 diu
2014 656 2331 720 latuerint.
2368 655 2418 720 A
2448 656 2814 718 henduntur
2845 656 3079 720 indicia
3108 656 3453 738 cujuslibet
3482 655 3795 739 passionis
3834 663 3963 717 aut

839 756 1070 839 Sicque
1119 757 1436 820 solitarius
1497 757 1753 819 indiciis
1802 757 1991 818 certis
2039 764 2338 838 agnoscet

839 855 1083 918 radices
1132 856 1596 938 cujuscumque
1637 855 1776 918 vitii
1827 855 1891 916 in
1936 874 2002 917 se
2045 874 2182 917 esse
2234 855 2338 917 de-

837 952 1023 1026 fixas,
1066 954 1178 1036 qui
1229 954 1542 1016 studuerit
1585 954 1926 1036 puritatem
1977 973 2156 1016 suam
2209 972 2335 1016 non

837 1051 1208 1115 hominibus
1247 1060 1584 1124 ostentare,
1619 1053 1728 1115 sed
1771 1052 1946 1114 illius
1990 1059 2335 1134 conspectu

837 1149 1140 1214 exhibere
1170 1171 1360 1233 quem
1393 1171 1620 1214 arcana
1651 1152 1857 1213 cordis
1888 1158 2217 1233 nequeunt
2248 1151 2334 1212 la-

836 1259 988 1312 tere.

1205 1467 1709 1532 CAPITULUM
1772 1469 1960 1532 XIII.

837 1596 1273 1669 Interroqatae'o,
1304 1596 1576 1669 qualiter
1605 1598 1804 1669 possit
1840 1597 2054 1653 curari
2092 1598 2203 1670 qui
2243 1597 2334 1651 in-

975 1701 1216 1757 qressus
1243 1691 1332 1741 est
1359 1686 1751 1743 solitudinem
1775 1703 1896 1742 non
1923 1693 2194 1742 curatus.

2447 755 2672 837 eulpae‚
2723 755 2914 818 etiam
2971 757 3253 818 remedia
3300 763 3546 839 oportet
3594 755 3954 837 requirere.

2437 854 2989 927 ,Quemadmodum
3058 855 3232 916 enim
3296 855 3576 917 diximus
3643 852 3961 916 solitariis

2446 970 2573 1014 non
2620 952 2837 1014 deesse
2882 953 3037 1014 vitia
3081 953 3579 1016 conversationis
3622 953 3955 1023 humanae,

2447 1048 2534 1111 ita
2569 1049 2879 1112 virtutum
2921 1051 3129 1114 studia
3168 1052 3691 1132 curationumque
3734 1049 3961 1111 media

2446 1166 2570 1211 non
2631 1167 2936 1230 negamus
3001 1169 3186 1233 posse
3245 1159 3584 1233 suppetere
3641 1147 3958 1212 omnibus

2442 1247 2633 1309 etiam
2683 1247 2763 1309 ab
2806 1248 3086 1310 humana
3134 1249 3614 1310 conversatione
3656 1246 3950 1309 remotis.

2443 1345 2649 1418 Quum
2690 1364 2839 1427 ergo
2879 1346 3319 1429 unusquisque
3354 1345 3843 1429 deprehenderit
3878 1364 3955 1406 se

2443 1444 2685 1506 moveri
2745 1444 3220 1526 perturbatione
3282 1446 3389 1508 irae
3444 1453 3553 1508 aut
3610 1443 3958 1527 impatien-

2443 1541 2545 1604 tiae
2578 1561 2691 1624 per
2721 1543 2958 1604 indicia
2997 1551 3365 1617 memorata,
3398 1551 3687 1604 exerceat
3714 1549 3957 1604 semet-

2444 1639 2656 1720 ipsum
2695 1659 2949 1723 semper
2978 1640 3445 1721 objectionibus
3476 1640 3955 1722 eventibusque

2443 1738 2776 1800 contrariis
2820 1757 2932 1800 seu
2977 1739 3282 1813 adversiS,
3324 1746 3394 1800 ut
3432 1738 3773 1821 propositis
3814 1737 3953 1799 sibi

979 1836 1338 1901 ERMANUS
1373 1858 1386 1902 :
1423 1839 1584 1901 Satis
1631 1839 1839 1902 lucide
1878 1847 1940 1901 et
1979 1846 2195 1921 aperte
2242 1839 2331 1900 in-
2367 1837 2413 1898 B
2445 1836 2839 1899 multimodis
2886 1836 3139 1917 injuriis
3183 1846 3371 1919 atque
3414 1836 3765 1919 dispendiis
3804 1844 3955 1898 tan-

997 1936 1359 1999 telleximus
1420 1937 1656 2000 indicia
1702 1937 1936 2020 quibus
1999 1938 2330 2000 interiores

837 2033 1244 2096 infirmitates
1274 2043 1337 2096 et
1367 2036 1692 2118 passiones
1723 2044 2085 2110 noscantur,
2117 2044 2181 2098 et
2211 2036 2335 2098 dis-

836 2133 1295 2194 cernendarum
1340 2134 1791 2214 aegritudinum
1838 2134 2170 2208 rationem,
2205 2151 2332 2216 quo

835 2229 1081 2292 scilicet
1125 2237 1308 2312 pacto
1347 2231 1736 2313 deprehendi
1778 2232 2030 2295 valeant
2069 2232 2226 2295 vitia
2264 2232 2331 2293 in

833 2327 1020 2390 nobis
1071 2328 1364 2409 latentia3
1407 2331 1625 2393 omnia
1673 2350 1948 2413 namque
2000 2331 2333 2393 inveniun-

834 2433 939 2487 tur
995 2427 1088 2488 sic
1145 2446 1306 2502 esse,
1364 2436 1434 2490 ut
1490 2429 1733 2491 dictum
1795 2438 1910 2502 est,
1964 2429 2332 2511 quotidiana

834 2525 1227 2607 experientia
1273 2526 1719 2608 diuturnisque
1770 2528 2050 2590 motibus
2099 2528 2333 2609 cogita-

834 2623 1081 2687 tionum
1120 2632 1497 2687 nostrarum.
1535 2625 1834 2708 Superest
1865 2645 2014 2707 ergo
2055 2633 2121 2688 ut
2158 2642 2335 2688 mon-

833 2729 1068 2784 stretur
1097 2722 1282 2785 nobis
1314 2725 1713 2786 curationum
1749 2725 2014 2798 medela,
2034 2725 2334 2807 quemad-

833 2822 1084 2883 modum
1115 2821 1445 2904 patefactae
1475 2830 1622 2885 sunt
1647 2823 1828 2886 nobis
1859 2823 2333 2886 evidentissima

833 2919 1074 2982 ratione
1132 2920 1536 3002 probationes
1594 2922 1964 2985 morborum
2022 2941 2134 2984 seu
2193 2921 2336 2983 viti-

2442 1955 2635 2017 quam
2674 1936 2754 1998 ab
2785 1936 2910 1999 alio
2940 1936 3064 1998 sibi
3108 1936 3321 2011 illatis,
3353 1936 3729 1999 assuefaciat
3764 1955 3953 1998 men—

2442 2044 2570 2097 tem
2604 2054 2783 2097 suam
2826 2035 3107 2118 perfecta
3144 2036 3506 2098 humilitate
3536 2054 3835 2118 superare
3870 2055 3953 2098 ac

2441 2133 2731 2214 frangere
2777 2134 2843 2195 in
2882 2133 3182 2195 omnibus
3226 2154 3367 2216 quae
3411 2133 3783 2217 improbitas
3828 2152 3953 2216 po-

2440 2238 2563 2293 test
2608 2231 2879 2311 inferre3
2911 2249 3367 2314 opponensque
3406 2232 3530 2294 sibi
3572 2232 3956 2314 frequenter

2440 2348 2663 2412 aspera
2706 2338 2770 2391 et
2812 2330 3235 2392 intolerabilia
3274 2349 3565 2413 quaeque,
3598 2330 3953 2392 meditetur

2440 2428 2693 2489 assidue
2721 2427 2859 2509 jugi
2899 2428 3106 2489 cordis
3139 2429 3517 2491 contritione
3547 2437 3785 2511 quanta
3822 2429 3952 2490 mi-

2441 2526 2618 2589 titate
2648 2545 2721 2588 ac
2752 2527 3057 2609 patientia
3096 2527 3322 2590 debeat
3352 2529 3445 2589 eis
3475 2546 3825 2591 occurrere.
3868 2528 3952 2590 Et

2442 2625 2528 2686 ita
2578 2625 2928 2706 respiciens
2978 2626 3054 2686 ad
3107 2627 3581 2706 persecutiones
3629 2634 3693 2688 et
3740 2626 3956 2688 tribu-

2443 2724 2707 2787 lationes
2755 2725 3044 2786 omnium
3090 2725 3460 2799 electorum,
3506 2725 3635 2788 imo
3677 2725 3753 2786 ad
3800 2726 3953 2787 uni-

2441 2841 2624 2884 versa
2660 2841 2892 2904 genera
2932 2840 3059 2884 non
3100 2823 3307 2884 solum
3348 2823 3795 2896 convitiorum,
3828 2825 3951 2886 sed

2440 2921 2629 3008 etiam
2665 2928 3123 2983 tormentorum
3157 2921 3389 2985 Christi
3423 2922 3672 2984 Domini
3712 2922 3949 2995 nostri,

831 3035 1015 3080 orum
1080 3027 1144 3080 et
1201 3038 1426 3082 causae.
1487 3020 1657 3083 Nulli
1721 3041 1996 3104 namque
2059 3029 2156 3084 est
2212 3021 2330 3082 du·
2366 3025 2408 3088 C
2442 3019 2823 3103 praeparabit
2852 3039 2920 3082 se
2957 3020 3035 3081 ad
3067 3020 3466 3082 tolerantiam
3507 3020 3794 3082 omnium
3832 3021 3952 3082 ad-

831 3115 1034 3192 bium‚
1095 3117 1279 3180 illum
1343 3137 1528 3200 posse
1590 3120 1944 3182 rectissime
2007 3121 2330 3203 disputare

830 3214 909 3276 de
939 3216 1238 3278 remediis
1271 3217 1661 3299 passionum,
1697 3219 1804 3300 qui
1841 3218 2328 3301 deprehenderit

832 3315 1010 3396 prius
1041 3333 1262 3378 causas
1291 3316 1696 3399 originesque
1726 3336 1968 3392 earum,
2005 3317 2333 3380 conscien-

830 3413 921 3474 tia
963 3415 1402 3494 aegrotantium
1451 3423 1804 3478 attestante.
1850 3418 2065 3499 Itaque
2109 3435 2331 3499 quam-

832 3510 931 3573 vis
988 3512 1277 3575 doctrina
1339 3513 1752 3577 beatitudinis
1815 3523 1935 3578 tuae
1994 3515 2331 3578 nudaverit

832 3611 1134 3674 vitiorum
1178 3619 1539 3675 nostrorum
1584 3614 1854 3689 occulta,
1890 3615 1976 3676 ita
2025 3621 2094 3676 ut
2135 3615 2329 3676 etiam

831 3711 1178 3772 audeamus
1225 3731 1479 3794 sperare
1531 3713 1608 3775 de
1658 3713 1944 3796 ipsorum
2005 3714 2327 3788 remediis,

831 3809 983 3892 quia
1026 3817 1155 3871 tam
1199 3811 1462 3874 evidens
1508 3813 1850 3875 declaratio
1897 3812 2103 3875 morbi
2149 3831 2329 3894 spem

832 3907 1148 3989 promittit
1179 3909 1482 3989 remedii3
1524 3912 1826 3992 quoniam
1868 3920 2100 3985 tamen,
2137 3921 2207 3973 ut
2237 3931 2333 3973 as—

831 4005 1010 4079 seriS‚
1044 4006 1302 4068 initium
1342 4009 1563 4069 salutis
1603 4009 1665 4070 in
1709 4011 2195 4090 congregatione
2234 4028 2334 4070 ac-

831 4103 1130 4185 quiritur,
1171 4124 1291 4168 nec
1340 4107 1476 4168 sani
1528 4105 1592 4168 in
1642 4106 1987 4169 solitudine
2037 4126 2175 4169 esse
2225 4127 2329 4168 va-

2440 3136 2791 3192 versorum,
2809 3118 3227 3200 pronuntians
3258 3137 3332 3180 ea
3360 3137 3498 3181 esse
3530 3119 3776 3181 minora
3803 3119 3953 3181 suis

2439 3216 2783 3278 demeritis.

2536 3314 2870 3396 Quumque
2928 3313 3125 3376 fuerit
3178 3315 3497 3376 interdum
3548 3323 3808 3377 vocatus
3862 3315 3951 3377 ad

2441 3413 2726 3475 Fratrum
2789 3413 3231 3476 collectionem
3284 3413 3482 3495 (quod
3536 3421 3782 3494 oportet
3829 3413 3953 3475 ali-

2440 3511 2692 3591 quando
2724 3510 2981 3573 evenire
3013 3512 3203 3573 etiam
3234 3511 3405 3593 apud
3436 3511 3950 3574 districtissimos

2439 3611 2783 3690 eremitas),
2818 3610 2871 3671 si
2911 3609 3403 3692 deprehenderit
3436 3617 3715 3672 mentem
3754 3629 3949 3672 suam

2440 3707 2628 3768 tacite
2690 3707 2889 3770 fuisse
2952 3715 3337 3771 commotam
3400 3725 3515 3789 pro
3575 3707 3949 3789 quibusque

2443 3804 2690 3867 levibus
2740 3806 2952 3880 rebuS,
2993 3825 3137 3868 mox
3187 3814 3259 3868 ut
3309 3806 3568 3888 quidam
3619 3805 3953 3868 severissi-

2442 3923 2580 3965 mus
2640 3903 3033 3966 occultorum
3098 3912 3388 3966 motuum
3444 3904 3661 3985 judex,
3714 3923 3951 3986 expro-

2441 4002 2581 4064 bret
2612 4001 2735 4063 sibi
2781 4003 2887 4066 illa
2916 4002 3258 4064 durissima
3297 4003 3680 4084 injuriarum
3708 4020 3954 4083 genera

2440 4100 2675 4181 quibus
2717 4119 2783 4162 se
2820 4100 3031 4182 ipsum
3073 4100 3358 4176 exercuit
3388 4101 3775 4182 quotidianis
3816 4121 3955 4164 me-

832 4201 985 4276 lent,
1028 4203 1151 4265 nisi
1201 4223 1361 4287 quos
1410 4204 1686 4268 coenobii
1736 4206 2077 4287 disciplina
2122 4206 2331 4287 primo
2361 4202 2410 4264 D
2440 4198 2855 4260 ditationibus
2900 4199 2977 4260 ad
3024 4199 3397 4281 patientiam
3442 4199 3720 4281 plenam,
3753 4207 3953 4281 atque

830 4303 1169 4378 sanaverit,
1214 4304 1572 4385 perniciosa
1620 4305 2060 4387 desperatione
2109 4324 2329 4367 rursus

831 4401 1193 4481 dejicimur,
1229 4421 1309 4464 ne
1339 4402 1500 4464 forte
1531 4403 1641 4485 qui
1680 4402 2040 4486 imperfecti
2073 4421 2333 4483 congre-

831 4499 1150 4580 gationem
1210 4499 1612 4582 reliquimus,
1665 4520 2068 4583 nequaquam
2131 4500 2330 4584 possi-

835 4615 978 4658 mus
1019 4615 1158 4659 esse
1199 4605 1307 4658 aut
1351 4597 1498 4660 fieri
1542 4599 1808 4680 perfecti
1853 4600 1919 4660 in
1962 4617 2197 4662 eremo.

1207 4806 1712 4871 CAPITULUM
1774 4809 1958 4872 XIV.

961 4927 1291 5000 Responsio
1321 4930 1394 4986 de
1422 4930 1724 4987 medicina
1746 4933 2204 5004 praedictorum.

927 5079 1232 5142 OANNES
1264 5099 1278 5145 :
1311 5081 1684 5144 Remedium
1734 5083 2008 5145 salutare
2052 5101 2179 5145 non
2232 5084 2334 5144 de·

949 5177 1070 5240 erit
1100 5178 1392 5241 sollicitis
1423 5180 1501 5241 de
1533 5181 1857 5243 curatione
1888 5181 2189 5244 vitiorum
2230 5201 2335 5242 su—

831 5294 1055 5356 orum3
1107 5277 1345 5341 idcirco
1403 5279 1626 5341 eodem
1688 5280 1875 5341 modo
1932 5297 2059 5362 quo
2115 5280 2338 5362 depre—

2442 4298 2786 4379 objurgans
2834 4308 2899 4361 et
2947 4299 3282 4382 increpans
3335 4299 3423 4361 ita
3469 4299 3828 4381 alloquatur
3878 4319 3953 4362 se

2442 4398 2655 4479 ipsum
2700 4415 2713 4459 :
2758 4397 2931 4460 Tune
2976 4417 3045 4460 es
3099 4398 3206 4461 ille
3254 4398 3461 4461 bonus
3503 4399 3602 4460 vir
3642 4397 3754 4480 qui
3796 4417 3951 4460 con-

2441 4495 2830 4558 stantissime
2896 4497 3326 4578 praesumebas
3384 4505 3446 4559 te
3505 4497 3717 4559 omnia
3774 4498 3951 4559 mala

2442 4613 2555 4677 per
2585 4594 2956 4676 patientiam
2987 4603 3458 4676 superaturum,
3492 4595 3643 4657 dum
3678 4603 3738 4656 te
3766 4613 3949 4657 exer-

2442 4711 2616 4754 ceres
2659 4693 2724 4754 in
2766 4692 2874 4755 illa
2914 4693 3204 4776 palaestra
3246 4693 3607 4756 solitudinis
3649 4701 3791 4767 tuae,
3826 4695 3945 4774 qui

2440 4798 2502 4852 te
2550 4791 2794 4853 dudum
2849 4791 3149 4855 credebas
3207 4793 3361 4854 satis
3410 4792 3690 4854 validum
3746 4801 3947 4874 atque

2444 4889 2840 4952 immobilem
2886 4891 2962 4952 ad
3001 4909 3223 4953 omnes
3265 4891 3594 4973 procellaS,
3628 4909 3829 4972 quum
3870 4900 3949 4954 tu

2445 4987 2581 5069 ipse
2624 4987 2737 5049 tibi
2784 5006 3168 5070 proponeres
3213 5007 3338 5052 non
3380 4989 3587 5052 solum
3632 4989 3947 5052 maximas

2444 5085 2869 5148 convitiorum
2928 5085 3325 5160 acerbitateS,
3378 5087 3487 5148 sed
3548 5087 3951 5150 intoleranda

2445 5202 2698 5265 quoque
2755 5184 3119 5267 supplicia?
3166 5185 3489 5258 Quomodo
3538 5185 3777 5247 invicta
3833 5186 3951 5248 illa

2448 5281 2753 5363 patientia
2784 5281 3077 5344 confossa
3110 5291 3205 5344 est
3234 5282 3608 5345 confusione
3638 5283 3819 5345 verbi
3856 5285 3945 5344 le-
