4359 6267
871 459 994 524 390

1541 477 1957 526 COLLATlont
1999 478 2083 524 SS.
2119 479 2365 525 PATRUM
2404 477 2577 524 LIBER
2618 478 2681 522 Π.
2728 495 2809 506 -
2849 477 3136 526 coLLAno
3175 479 3305 525 XXI!

1886 878 2581 990 COLLATIO
2666 879 2973 989 XXII

1723 1122 1838 1216 (A
1859 1119 2151 1196 bbatis
2234 1119 2611 1196 Theonoe
2696 1121 3127 1218 secunda)

1803 1365 1905 1416 DE
1949 1362 2209 1416 NOCTU
2224 1365 2411 1417 RNIS
2454 1365 3047 1419 ILLUSIONIBUS.

1167 1678 1672 1743 CAPITULUM
1714 1678 2083 1743 PRIMUM.

1106 1829 1192 1884 De
1236 1828 1442 1884 reditu
1488 1833 1692 1883 nostro
1739 1827 1822 1883 ad
1867 1826 2145 1883 abbatem

1471 1917 1783 1972 Theonam.

1004 2123 1143 2186 OST
1174 2123 1307 2185 dies
1338 2121 1470 2184 fere
1499 2128 1760 2203 septem,
1779 2119 2156 2183 solennitate
2188 2119 2375 2192 Quin-

1024 2221 1406 2303 quagesimae
1431 2219 1563 2299 jam
1595 2226 1928 2290 transacta,
1949 2224 2092 2299 post
2119 2235 2375 2298 vesper-

879 2319 1078 2382 tinam
1109 2318 1397 2402 synaxim
1428 2317 1721 2398 suspensi
1752 2316 2225 2398 exspectatione
2255 2315 2379 2377 col-

881 2417 1134 2480 lationis
1158 2416 1719 2498 promissae,quum
1742 2414 2082 2476 fuissemus
2105 2413 2376 2494 regressi

880 2516 958 2578 ad
999 2515 1296 2578 cellulam
1327 2515 1386 2577 S.
1412 2513 1702 2586 Theonae,
1725 2513 1932 2575 alacer
1969 2529 2161 2573 senex
2204 2511 2377 2592 prior

880 2614 1208 2697 appellans
1253 2631 1366 2676 nos
1410 2612 1595 2674 hilari
1639 2611 1820 2673 vultu
1859 2629 1933 2672 ac
1979 2610 2211 2673 blando
2253 2629 2379 2672 ser-

885 2730 1092 2784 mone,
1116 2712 1278 2774 dixit
1311 2729 1325 2773 :
1360 2709 1628 2773 Mirabar
1656 2709 1826 2792 quod
1856 2708 2377 2771 ardentissimum

882 2811 1164 2874 studium
1208 2817 1490 2872 vestrum
1539 2808 1747 2890 potuit
1790 2827 1904 2889 per
1951 2815 2196 2889 septem
2244 2807 2379 2869 dies
2408 2810 2455 2871 B

882 2908 1144 2972 differre
1182 2907 1661 2990 responsionem
1712 2905 2049 2988 propositae
2091 2904 2381 2987 quaestio-

883 3009 1005 3083 nis,
1055 3015 1119 3069 et
1165 3006 1334 3088 quod
1395 3013 1633 3067 tantam
1691 3003 1953 3066 dedistis
2011 3003 2381 3065 dilationem

883 3105 1156 3168 debitori
1205 3112 1416 3167 vestro
1465 3103 1658 3165 etiam
1708 3119 1834 3164 non
1883 3101 2147 3182 roganti.
2201 3100 2383 3163 Nunc

885 3220 1035 3284 ergo
1079 3202 1510 3284 justissimum
1558 3207 1674 3273 est,
1721 3208 1788 3261 ut
1829 3198 2134 3281 quoniam
2181 3198 2385 3280 pietas

887 3309 1096 3364 vestra
1137 3300 1429 3382 praestitit
1457 3306 1682 3381 sponte
1713 3306 1915 3360 tantas
1951 3297 2240 3358 inducias
2272 3296 2388 3358 mi-

888 3400 978 3474 hi,
1011 3417 1127 3481 ego
1165 3417 1337 3460 nunc
1381 3397 1518 3460 sine
1563 3414 1740 3459 mora
1782 3396 2070 3458 debitum
2118 3395 2381 3457 solvam.

891 3497 1078 3561 Grata
1125 3513 1401 3579 namque
1443 3502 1539 3556 est
1579 3493 1914 3575 occupatio
1962 3491 2225 3555 foenoris
2274 3493 2389 3554 hu-

2902 1680 3408 1746 CAPITULUM
3471 1683 3560 1746 ΙΙ.

2632 1826 2935 1898 Repetitio
2966 1829 3325 1902 quoestionis
3346 1830 3832 1903 praemissorum.

2638 2020 2754 2096 OC,
2788 2022 2854 2083 ni
2884 2020 3091 2098 fallor,
3125 2023 3579 2106 interrogastis,
3614 2043 3728 2086 cur
3758 2024 3985 2087 remis-

2656 2120 2805 2195 sius¹
2824 2120 3188 2201 jejunantes
3222 2123 3628 2185 stimulemur
3658 2123 3987 2185 interdum

2489 2220 2833 2283 levioribus
2891 2222 3171 2286 motibus
3228 2224 3459 2298 carniS,
3515 2231 3705 2306 atque
3762 2224 3985 2286 distri-

2485 2318 2651 2381 ctius
2690 2319 3081 2384 abstinentes
3122 2322 3463 2385 incitemur
3495 2322 3783 2385 vicissim
3822 2323 3988 2384 acri-

2485 2417 2703 2480 oribus
2735 2417 3377 2502 incentiviS,corpore
3401 2420 3535 2502 jam
3564 2420 3874 2484 exhausto
3902 2429 3992 2482 at-

2486 2534 2612 2598 que
2642 2515 2923 2596 afflict03
2957 2517 3045 2579 ita
3073 2527 3143 2580 ut
3172 2519 3545 2600 evigilantes
3587 2519 3988 2601 reperiamus

2488 2631 2602 2675 nos
2631 2613 2972 2696 aliquando
2996 2633 3317 2697 respersos
3348 2617 3732 2678 naturalium
3764 2616 3991 2679 effusi-

2487 2729 2606 2773 one
2640 2712 3006 2786 humorum,
3039 2715 3577 2794 quemadmodum
3612 2714 3764 2777 fassi
3802 2715 3983 2777 estis,

2888 2965 3391 3031 CAPITULUM
3454 2969 3574 3031 ΙΙΙ.

2702 3103 3031 3175 Responsio
3058 3104 3144 3160 ad
3170 3105 3327 3162 lianc
3355 3107 3764 3179 quoestionem.

2649 3297 2927 3361 AJORES
2975 3300 3173 3362 nostri
3220 3301 3622 3381 assignarunt
3663 3301 3993 3383 triplicem

2669 3414 2924 3458 causam
2970 3397 3389 3460 infestationis
3433 3399 3637 3474 istius,
3670 3418 3786 3463 cur
3826 3400 3997 3462 acci-

2491 3494 2598 3556 dat
2628 3493 2841 3557 illusio
2870 3504 2978 3557 aut
3008 3494 3243 3588 effusio
3272 3497 3394 3558 ista
3422 3497 3697 3561 obscena
3729 3498 3795 3561 in
3826 3516 3995 3561 som—

885 3595 1015 3677 juS,
1058 3614 1200 3677 quae
1245 3594 1484 3674 maj0ra
1530 3592 1803 3674 acquirit
1845 3598 2185 3673 augmenta
2233 3591 2385 3652 dum
2494 3609 2595 3654 no.
2629 3591 2839 3655 Primo
2880 3593 3053 3655 enim
3092 3603 3388 3656 causatur
3425 3614 3503 3657 ex
3546 3595 3995 3678 superfluitate

889 3694 1194 3771 solvitur3
1227 3710 1344 3755 nec
1375 3691 1579 3754 solum
1611 3690 1769 3752 ditat
1797 3689 2243 3771 accipientem,
2277 3688 2385 3750 sed
2494 3708 2815 3768 escarum3
2849 3693 3149 3768 secund0‚
3184 3692 3459 3756 elabitur
3490 3713 3605 3776 per
3635 3695 3867 3757 mentis
3903 3695 3999 3757 in-

888 3801 952 3855 et
981 3792 1144 3854 nihil
1178 3790 1410 3852 minuit
1441 3788 1749 3870 largienti.
1771 3787 2178 3869 Dispensator
2210 3787 2392 3869 quip-
2496 3790 2776 3869 curiam3
2818 3790 3025 3864 tertio,
3075 3800 3454 3873 provocatur
3502 3792 3751 3855 insidiis
3800 3800 3993 3874 atque

889 3910 969 3974 pe
1010 3888 1439 3972 spiritualium
1481 3905 1693 3950 rerum
1735 3895 2072 3967 congregat
2107 3892 2387 3966 quaestus
2498 3886 3216 3951 illusionibus-inimici.
3252 3890 3460 3952 Primo
3507 3890 3718 3973 itaque
3759 3891 3997 3953 vitium

889 3989 1178 4071 duplices
1233 4003 1247 4048 :
1300 3986 1452 4068 quia
1500 3984 1912 4066 consequitur
1959 3983 2211 4045 lucrum
2260 4000 2386 4045 non
2421 3990 2465 4055 C
2496 3984 2661 4065 gulae
2718 3986 2996 4048 extrudit
3050 3987 3535 4050 redundantiam
3596 3989 3779 4050 istam
3841 3989 3999 4052 foedi

890 4087 1099 4150 solum
1141 4086 1208 4149 in
1245 4084 1564 4147 audientis
1604 4083 1916 4164 profectu,
1951 4082 2062 4144 sed
2092 4081 2287 4143 etiam
2322 4081 2387 4142 in

894 4185 1151 4271 propria
1179 4183 1729 4255 sermocinatione,
1762 4182 2114 4243 accendens
2143 4181 2220 4243 ad
2256 4199 2391 4262 per-

895 4283 1190 4347 fectionis
1218 4282 1608 4345 desiderium
1639 4296 1767 4342 non
1808 4280 2019 4341 minus
2052 4297 2118 4340 se
2152 4278 2387 4361 ipsum,

899 4384 1053 4445 dum
1085 4381 1338 4444 instruit
1369 4379 1744 4442 auditorem.
1781 4378 1939 4440 Hinc
1969 4377 2154 4439 ardor
2185 4384 2394 4439 vester

899 4489 996 4543 est
1044 4498 1224 4542 meus
1274 4477 1617 4560 profectus,
1667 4483 1728 4537 et
1777 4483 1986 4538 vestra
2031 4475 2393 4537 sollicitudo

902 4586 998 4641 est
1047 4596 1188 4640 mea
1243 4576 1669 4657 compunctio.
1722 4574 1880 4637 Nam
1938 4581 2002 4636 et
2048 4590 2165 4654 ego
2223 4591 2395 4634 nunc

905 4685 1116 4739 mente
1157 4683 1460 4756 teperem,
1495 4691 1613 4736 nec
1660 4672 1900 4755 aliquid
1945 4672 2132 4735 eorde
2175 4679 2397 4733 tracta-

905 4794 1039 4838 rem
1074 4775 1152 4836 de
1195 4773 1294 4834 his
1333 4790 1475 4853 quae
1514 4771 1751 4852 petitiS,
1786 4770 1910 4832 nisi
1951 4769 2161 4832 fervor
2190 4778 2399 4831 vester

906 4879 970 4936 et
1010 4870 1397 4954 exspectatio
1443 4869 1744 4931 excitaret
1787 4887 1888 4929 me
1933 4867 2400 4949 quodammodo

907 4971 1357 5036 dormitantem
1387 4968 1463 5030 ad
1497 4967 2064 5030 considerationem
2105 4965 2401 5046 spiritua-

911 5071 1069 5134 lium
1114 5086 1346 5131 rerum.
1381 5067 1547 5140 Ideo,
1589 5065 1642 5127 si
1688 5065 1959 5138 videtur,
1993 5064 2260 5146 quaestio
2302 5081 2404 5124 ve-

2500 4081 2803 4144 humoris.
2838 4082 2995 4144 Nam
3034 4091 3098 4146 et
3137 4084 3289 4145 dum
3334 4084 3565 4166 polluit
3600 4093 3837 4147 statum
3883 4105 4003 4167 pu-

2502 4179 2703 4241 ritatis
2762 4187 3045 4262 tempore
3106 4181 3507 4245 abstinentiae
3566 4184 3997 4254 districtioris,

2502 4295 2627 4340 non
2669 4275 2745 4340 fit
2772 4279 2893 4341 hoc
2923 4279 3000 4340 de
3031 4281 3327 4361 praesenti
3368 4281 3600 4355 inedia,
3637 4289 3703 4342 ut
3735 4282 3999 4363 putatis,

2502 4375 2612 4436 sed
2642 4375 2718 4436 de
2750 4375 3233 4438 immoderantia
3263 4377 3610 4439 saturitatis
3640 4379 3997 4459 praeteritae.

2504 4473 2679 4546 Quod
2726 4474 2899 4535 enim
2948 4473 3285 4536 collectum
3342 4473 3536 4536 fuerit
3586 4476 3650 4537 in
3700 4476 4005 4539 medullis

2506 4589 2620 4653 per
2646 4571 3006 4634 voracitatis
3038 4571 3410 4652 ingluviem,
3445 4591 3703 4636 necesse
3732 4582 3829 4636 est
3857 4593 4003 4656 ege-

2508 4669 2560 4730 ri
2611 4688 2725 4751 per
2772 4669 3297 4732 inadvertentiam
3344 4680 3453 4733 aut
3502 4673 3819 4752 pruritum
3868 4691 4011 4735 cor-

2510 4769 2680 4850 poris
2739 4769 3031 4850 quamvis
3092 4786 3319 4850 magno
3372 4769 3622 4850 jejunio
3680 4770 4003 4833 tabefacti.

2509 4867 2929 4940 Quamobrem
2978 4866 3427 4929 abstinendum
3476 4876 3572 4930 est
3620 4885 3745 4931 non
3794 4870 4011 4932 solum

2510 4983 2547 5026 a
2576 4964 2952 5027 lautioribus
2989 4964 3220 5046 epuliS,
3255 4965 3384 5028 imo
3421 4973 3485 5028 et
3522 4967 3751 5048 aequali
3798 4968 4015 5030 mode-

2512 5063 2754 5125 ramine
2804 5063 3127 5125 continere
3169 5071 3418 5145 oportet
3458 5083 3495 5124 a
3536 5065 3871 5128 vilioribus
3924 5068 4015 5129 ci-

908 5179 1038 5233 stra
1077 5166 1436 5251 proferatur
1476 5165 1542 5227 in
1585 5165 1890 5238 medium,
1925 5162 2109 5243 cujus
2148 5162 2405 5225 solutio·
2434 5165 2483 5228 D
2514 5161 2631 5223 bis,
2657 5160 2919 5222 Satietas
2950 5178 3203 5243 quoque
3235 5161 3417 5243 panis
3446 5170 3509 5224 et
3537 5181 3719 5245 aquae
3748 5164 4011 5226 vitanda

908 5287 1056 5331 nem
1099 5265 1465 5330 distulimus
1509 5279 1624 5348 pro
1665 5261 1958 5343 angustia
1998 5259 2328 5343 temporis,

2512 5267 2629 5334 est,
2663 5267 2733 5321 ut
2758 5259 3069 5342 acquisita
3102 5261 3345 5342 puritas
3384 5262 3665 5343 corporis
3706 5263 3909 5345 possit
3940 5265 4013 5326 in
