4359 6267
101 1366 161 1408 IV
173 1368 308 1421 Rey.
328 1382 378 1417 v,

73 3139 368 3187 aarum.

75 3205 122 3244 ἐς
133 3235 144 3243 .

72 3336 184 3378 Luc.
203 3350 268 3385 ιι,
281 3340 364 3379 u.

97 3532 222 3573 lud.
243 3546 360 3581 xva,

73 3600 116 3635 32
127 3627 138 3636 .

1285 498 1366 545 DE
1407 498 1735 545 INSTIT'UTIS
1779 500 1862 544 SS.
1907 498 2168 545 rutum.
2216 516 2297 527 --
2336 500 2511 546 LIBER
2552 502 2637 546 vn

411 664 690 729 buerunt
724 669 1116 733 desiderium
1154 670 1338 752 plura
1365 670 1762 752 acquirendi,
1797 669 1908 731 sed
1939 668 1992 731 A

413 767 855 829 tantummodo
901 769 1292 831 voluntatem
1340 768 1582 849 aliquid
1633 767 1908 829 retinen-

411 861 477 922 di
513 878 528 922 :
560 863 716 944 quid
757 866 1148 929 censendum
1188 872 1285 927 est
1312 866 1390 927 de
1431 865 1530 927 his
1571 866 1680 948 qui
1719 883 1907 947 pecu-

413 960 552 1022 nias
578 969 726 1023 ante
757 982 1088 1045 nunquam
1119 981 1440 1045 possessas
1469 963 1739 1044 cupiunt
1770 980 1912 1025 con-

409 1076 694 1139 gregare,
742 1067 806 1122 et
857 1061 1210 1123 nuditatem
1269 1078 1481 1123 coram
1538 1060 1907 1122 hominibus

411 1156 842 1231 ostendentes,
895 1177 1106 1221 coram
1170 1161 1298 1222 Deo
1357 1159 1586 1221 divites
1648 1159 1906 1222 demon—

411 1262 696 1316 strantur
754 1256 1122 1339 cupiditatis
1183 1257 1476 1320 affectu?
1532 1258 1646 1330 Qui
1712 1257 1909 1319 instar

412 1350 584 1414 Giezi
633 1353 866 1435 leprosi
911 1362 1060 1417 sunt
1101 1363 1314 1417 mente
1357 1375 1428 1417 ac
1473 1356 1702 1437 spiritu
1738 1373 1750 1416 :
1796 1356 1904 1437 qui

410 1450 806 1513 transitorias
870 1452 1331 1534 concupiscens
1393 1453 1648 1515 divitias
1712 1452 1906 1532 hujus

411 1550 660 1622 mundi,
702 1550 1077 1631 contagione
1129 1552 1663 1614 immundissimae
1715 1552 1906 1632 leprae

410 1645 712 1727 perfusus
749 1655 865 1710 est.
900 1648 1014 1711 Per
1053 1668 1247 1731 quam
1287 1650 1548 1712 evidens
1588 1649 1774 1711 nobis
1815 1669 1906 1711 re-

411 1743 600 1825 liquit
643 1745 1034 1827 exemplum,
1069 1749 1238 1829 quod
1283 1748 1490 1810 omnis
1539 1748 1752 1809 anima
1795 1766 1905 1809 cu-

3431 486 3511 550 87

2343 729 2845 793 CAPITULUM
2907 730 3188 793 XXVII.

2021 875 2192 942 Quod
2214 877 2477 931 victoria
2500 882 2712 932 contra
2741 878 3079 933 avaritiam
3101 877 3369 933 obtineri
3396 896 3517 936 non

2318 966 2537 1036 possit,
2569 966 2698 1020 nisi
2717 982 2836 1038 per
2862 968 3219 1023 nuditatem.

2171 1160 2243 1221 IC
2283 1168 2378 1221 est
2409 1160 2601 1241 igitur
2630 1161 2708 1223 de
2747 1160 3010 1224 avaritia
3051 1162 3373 1243 perfectus
3406 1164 3513 1225 tri-

2194 1258 2491 1338 umphuS,
2527 1265 2595 1319 ut
2634 1277 2759 1321 non
2802 1259 3086 1322 sinamus
3130 1261 3404 1323 residere
3447 1262 3513 1323 in

2020 1354 2207 1416 corde
2239 1362 2453 1417 nostro
2489 1356 2840 1437 igniculum
2882 1358 3347 1441 cujuscumque
3379 1378 3515 1441 par-

2018 1451 2298 1515 vissimae
2344 1453 2435 1514 rei
2480 1472 2493 1517 :
2538 1454 2695 1515 certi
2739 1456 2907 1536 quod
2958 1473 3085 1517 non
3134 1456 3513 1520 habebimus

2019 1547 2389 1612 facultatem
2434 1551 2855 1632 restringendi
2903 1552 3108 1627 illum,
3150 1554 3204 1615 si
3248 1562 3515 1636 quantu-

2019 1646 2425 1729 lamcumque
2462 1648 2809 1711 foverimus
2848 1651 2913 1711 in
2954 1651 3139 1713 nobis
3182 1653 3513 1715 materiam

2015 1743 2212 1824 hujus
2258 1745 2569 1808 scintillae.
2614 1746 2812 1819 Quam
2862 1747 3164 1811 virtutem
3214 1750 3510 1813 vincendi

405 1842 676 1923 piditate
717 1843 980 1925 polluta,
1024 1845 1342 1927 spirituali
1381 1844 1686 1907 vitiorum
1729 1845 1904 1927 lepra
1943 1846 1990 1908 B
2017 1841 2431 1922 cupiditatem
2490 1860 2619 1906 non
2667 1842 3022 1907 valebimus
3075 1846 3260 1908 aliter
3308 1846 3512 1909 illiba-

409 1958 558 2004 mox
611 1951 1037 2025 respergatur,
1085 1952 1275 2025 atque
1331 1945 1594 2026 perenni
1647 1944 1903 2007 maledi-

404 2041 620 2103 ctione
663 2048 994 2122 reputetur
1030 2043 1199 2124 apud
1244 2044 1444 2105 Deum
1489 2043 1837 2105 immunda.

746 2321 1248 2385 CAPITULUM
1311 2323 1558 2387 XXVI.

407 2515 784 2570 Testimonia
827 2515 902 2570 de
939 2516 1308 2587 Scripturis,
1349 2516 1570 2589 quibus
1613 2516 1904 2589 perfecti-

477 2620 650 2659 onem
702 2604 1060 2659 desiderans
1108 2606 1390 2661 edocetur
1433 2622 1554 2662 non
1609 2622 1906 2663 resumere

481 2694 648 2765 quod
681 2694 958 2766 reliquit.

537 2920 560 2981 Ι
591 2937 741 3000 ergo
775 2918 1186 3001 perfectionis
1215 2921 1532 2984 desiderio
1562 2931 1791 2985 cuncta
1820 2942 1908 2985 re-

2015 1945 2143 1999 tam
2188 1946 2425 2014 tenere,
2460 1940 2584 2002 nisi
2630 1940 2697 2003 in
2740 1943 3121 2005 monasterio
3161 1945 3510 2007 consisten-

2013 2043 2128 2109 tes,
2190 2044 2254 2097 et
2310 2036 2491 2117 juxta
2547 2038 2944 2120 Apostolum,
3008 2042 3251 2103 victum
3316 2050 3800 2125 athOITim.V1.8.

2011 2134 2315 2196 vestitum
2355 2135 2681 2209 habenteS,
2715 2137 2816 2198 his
2848 2139 3127 2201 contenti
3168 2140 3503 2203 fuerimus,

2093 2232 2571 2297 Damnationem
2616 2252 2766 2316 ergo
2807 2237 3065 2299 Ananiae
3108 2257 3181 2299 ac
3225 2239 3508 2321 Saphirae
3576 2260 3799 2313 Act.v,2.

2013 2332 2380 2394 memoriter
2415 2332 2781 2409 retinenteS,
2816 2336 3367 2415 perhorrescamus
3397 2338 3507 2400 ali·
3538 2327 3576 2373 δ’
3602 2326 3667 2367 ¹⁰·

2014 2429 2169 2509 quid
2220 2448 2539 2493 reservare
2581 2451 2659 2492 ex
2704 2432 2805 2494 his
2856 2453 2997 2515 quae
3044 2436 3504 2511 renuntianteS,

2015 2527 2306 2589 vovimus
2348 2530 2603 2610 penitus
2640 2529 2955 2593 abdicare.
2982 2532 3508 2597 Pertimescamus

2014 2643 2268 2707 quoquc
2316 2627 2683 2709 exemplum
2733 2628 3111 2711 plagamque
3158 2631 3353 2706 Giezi,
3397 2632 3509 2714 qui
3565 2657 3799 2713 wneqs,

2016 2731 2276 2805 propter
2332 2726 2612 2789 avaritiae
2670 2727 2947 2809 culpam,
3010 2736 3258 2792 aeternae
3318 2729 3509 2811 leprae
3538 2723 3604 2764 ²⁷·

2014 2822 2334 2902 supplicio
2368 2831 2463 2885 est
2493 2841 2852 2904 percussus.
2889 2827 3280 2888 Demeritum
3316 2827 3509 2889 etiam
3592 2846 3767 2891 mun.

2015 2926 2207 3000 atque
2254 2920 2582 2981 interitum
2619 2921 2794 2983 Judae
2838 2922 3154 2997 timenteS,
3190 2930 3317 2985 tota
3358 2924 3511 2987 vite·
3538 2922 3664 2961 '‘m'’
3694 2912 3735 2952 ⁵·

565 3016 882 3099 linquens,
913 3025 1170 3080 secutus
1209 3037 1276 3080 es
1309 3018 1630 3083 Christum
1665 3021 1782 3084 tibi
1817 3023 1906 3083 di·
1944 3025 1988 3090 C
2019 3035 2160 3077 mus
2198 3017 2430 3079 virtute
2469 3037 2789 3081 resumere
2829 3020 3178 3102 quidquam
3222 3023 3510 3103 pecuniae

405 3121 682 3188 centem,
717 3115 906 3189 Vade,
941 3116 1143 3179 vende
1173 3118 1389 3179 omnia
1417 3138 1558 3200 quae
1593 3118 1809 3193 habe8‚
1843 3127 1906 3181 et

403 3212 488 3273 da
517 3212 1013 3294 pauperibus,et
1040 3214 1188 3276 veni
1219 3222 1282 3277 et
1309 3234 1575 3297 sequere
1609 3235 1708 3278 me
1744 3237 1757 3280 :
1792 3236 1906 3279 cur

403 3328 602 3371 manu
641 3328 835 3391 super
862 3318 1142 3373 aratrum
1184 3311 1380 3375 missa
1409 3314 1673 3396 respicis
1714 3322 1900 3388 retro,

401 3414 476 3467 ut
505 3425 662 3469 voce
691 3408 982 3488 ejusdem
1014 3409 1268 3472 Domini
1309 3412 1739 3491 pronuntieris
1776 3430 1902 3476 non

397 3522 545 3566 esse
592 3513 780 3586 aptus
829 3524 1024 3588 regno
1067 3507 1224 3569 Dei?
1269 3506 1598 3571 Stabilitus
1648 3528 1902 3592 quoque

397 3622 600 3684 super
657 3611 898 3667 tectum
955 3604 1306 3686 evangelici
1365 3607 1686 3681 culminis,
1749 3609 1942 3690 quid·

397 3700 738 3762 descendis
782 3702 1003 3764 tollere
1043 3703 1284 3784 aliquid
1326 3704 1404 3765 de
1444 3704 1632 3768 domo
1665 3713 1784 3769 ‚tua
1825 3726 1902 3768 ex

395 3797 504 3859 his
545 3816 686 3879 quae
714 3808 902 3861 antea
941 3800 1427 3883 contempsisti?
1459 3803 1722 3884 Insuper
1756 3822 1902 3867 con-

393 3894 666 3957 stitutus
722 3897 786 3958 in
842 3916 993 3979 agro
1039 3906 1102 3959 et
1150 3900 1518 3981 operatione
1567 3904 1898 3977 virtutum,

394 3992 562 4073 quid
598 3994 848 4056 conaris
888 3998 1117 4058 reverti
1149 3997 1227 4058 ad
1259 3997 1676 4060 substantiam
1724 4018 1904 4061 mun-

393 4088 488 4162 di,
535 4108 729 4171 quam
774 4094 1166 4167 renuntianS,
1201 4102 1262 4156 tc
1305 4096 1525 4158 eadem
1572 4096 1900 4177 spoliasti?

2018 3133 2211 3196 quam
2254 3115 2451 3177 semel
2494 3135 2531 3177 a
2576 3116 2758 3180 nobis
2807 3117 3181 3197 abjecimus.
3219 3121 3507 3201 Insuper,

2016 3231 2210 3294 super
2253 3212 2388 3275 haec
2429 3215 2645 3277 omnia
2688 3216 3163 3279 consideremus
3206 3218 3512 3280 conditio-

2015 3328 2163 3371 nem
2203 3310 2511 3373 incertam
2551 3312 2793 3393 fragilis
2834 3321 3064 3378 nostrae
3094 3322 3372 3395 naturae3
3416 3335 3513 3377 ca-

2014 3425 2277 3469 veamus
2303 3412 2395 3470 'ne
2424 3408 2558 3471 dies
2599 3410 2853 3472 Domini
2892 3410 3058 3472 sicut
3086 3410 3192 3473 fur
3224 3412 3287 3474 in
3327 3420 3511 3475 nocte
3562 3436 3803 3486 mesu.

2013 3506 2737 3587 venienS,deprehendat
2762 3510 3210 3572 conscientiam
3241 3519 3513 3573 nostram
3540 3501 3581 3541 ²·

2013 3600 2114 3664 vel
2147 3620 2277 3665 uno
2306 3603 2491 3666 obolo
2524 3606 2924 3681 maculatam,
2961 3625 3088 3688 quo
3122 3625 3345 3670 omnes
3380 3609 3514 3670 fru-

2014 3708 2154 3762 ctus
2198 3709 2427 3765 nostrae
2471 3702 2957 3767 renuntiationis
3004 3705 3406 3780 dirimantur,
3449 3714 3513 3769 et

2015 3798 2265 3860 dicatur
2321 3800 2399 3861 ad
2459 3817 2573 3862 nos
2622 3818 2777 3863 voce
2835 3802 3155 3865 dominica
3212 3804 3382 3886 quod
3443 3805 3509 3867 in

2016 3896 2358 3977 Evangelio
2406 3898 2650 3960 dictum
2699 3906 2795 3961 est
2841 3900 3023 3962 diviti
3067 3919 3082 3962 τ
3126 3901 3349 3975 Stulte,
3393 3903 3510 3964 hac
3540 3925 3801 3975 maman.

2015 4001 2199 4055 nocte
2229 3994 2509 4057 animam
2542 4003 2714 4057 tuam
2748 4004 3033 4079 repetent
3058 4017 3094 4059 a
3119 4007 3212 4077 te3
3236 4019 3378 4081 quae
3407 4018 3512 4061 au-

2012 4098 2142 4153 tem
2173 4095 2562 4175 praeparasti,
2588 4095 2773 4174 cujus
2802 4100 3023 4158 erunt?
3051 4097 3207 4159 Hinc
3239 4097 3401 4159 nihil
3431 4098 3509 4160 de

393 4186 464 4249 Si
497 4206 650 4250 vero
682 4198 1050 4270 paupertate
1080 4200 1464 4273 praeventuS,
1499 4192 1589 4254 nil
1620 4194 1899 4256 habuisti
1931 4201 1980 4261 D
2011 4190 2287 4251 crastino
2318 4190 2678 4271 cogitantes,
2698 4213 3018 4274 nunquam
3052 4194 3368 4275 patiamur
3391 4213 3507 4258 nos

391 4286 572 4367 quod
603 4287 810 4367 possis
839 4286 1183 4364 dimittere,
1218 4289 1422 4352 multo
1453 4291 1664 4353 minus
1704 4292 1897 4354 debes

387 4384 730 4465 acquirere
784 4386 954 4466 quod
1003 4404 1121 4448 nec
1169 4396 1354 4449 antea
1402 4389 1758 4470 possedisti.
1806 4390 1897 4454 Ob

387 4482 464 4544 id
501 4482 678 4543 euim
717 4483 884 4544 Deus
921 4482 1036 4544 tibi
1077 4494 1520 4566 paupertatem
1560 4489 1892 4562 concessit,

393 4586 472 4640 ut
505 4578 588 4640 ad
627 4579 842 4660 ipsum
879 4581 1233 4662 expeditior
1273 4601 1512 4657 curras,
1553 4584 1746 4646 nullis
1791 4604 1896 4667 pe-

392 4676 740 4739 cuniarum
772 4678 1014 4759 laqueis
1046 4679 1410 4761 impeditus.
1446 4682 1897 4745 Verumtamen

393 4774 468 4836 in
515 4775 638 4837 hoc
697 4775 912 4837 nullus
973 4795 1213 4859 pauper
1264 4776 1592 4859 frangatur
1644 4798 1657 4842 :
1710 4798 1899 4842 nemo

389 4880 496 4935 est
539 4873 716 4935 enim
759 4874 870 4954 qui
920 4891 1048 4937 non
1096 4874 1323 4937 habeat
1367 4877 1536 4958 quod
1582 4877 1897 4958 dimittat3

392 4972 534 5033 imo
581 4970 896 5034 universis
948 4973 1170 5035 mundi
1213 4973 1624 5036 facultatibus
1671 4995 1901 5039 renun-

391 5069 606 5143 tiavit,
638 5070 1028 5151 quicumque
1072 5072 1374 5133 radicitus
1413 5074 1770 5154 amputavit
1811 5076 1902 5136 af-

393 5168 648 5231 fectum
693 5168 772 5229 ad
817 5186 941 5230 eas.

2013 4286 2203 4347 evelli
2234 4306 2271 4348 a
2300 4288 2639 4369 disciplina
2668 4290 2959 4353 coenobii.
2980 4291 3049 4352 ln
3074 4309 3199 4373 quo
3228 4293 3366 4354 sine
3397 4293 3509 4354 du-

2008 4383 2115 4446 bio
2145 4404 2549 4467 nequaquam
2578 4406 2950 4469 permanere
2985 4390 3358 4470 poterimuS,
3399 4410 3508 4453 ne-

2008 4501 2131 4563 que
2151 4482 2272 4544 sub
2294 4484 2512 4563 regula
2532 4485 2947 4549 institutionis
2976 4489 3338 4553 monasticae
3364 4508 3445 4571 pe
3457 4507 3513 4550 r-

2008 4599 2319 4654 severare,
2354 4581 2479 4643 nisi
2511 4582 2687 4663 prius
2719 4584 2919 4647 virtus
2954 4586 3278 4667 patientiae
3309 4586 3509 4649 fuerit

2010 4677 2075 4739 in
2115 4678 2302 4741 nobis
2344 4680 2489 4741 forti
2528 4681 2841 4743 soliditate
2880 4682 3134 4746 firmata
3167 4701 3180 4745 :
3217 4704 3358 4766 quae
3396 4704 3506 4767 pa-

2011 4776 2230 4838 tientia
2264 4796 2389 4842 non
2420 4778 2675 4842 aliunde
2707 4799 2897 4861 quam
2928 4783 3005 4843 de
3035 4782 3209 4845 fonte
3241 4784 3508 4846 humili-

2011 4876 2152 4936 tatis
2186 4877 2488 4957 procedit.
2514 4877 2626 4939 Illa
2656 4897 2944 4960 namque,
2966 4888 3118 4961 puta
3147 4882 3503 4956 humilitaS,

2011 4990 2136 5035 non
2169 4974 2346 5035 novit
2372 4974 2514 5036 aliis
2546 4976 3001 5039 commotiones
3032 4986 3141 5040 aut
3170 4980 3501 5061 perturba-

2013 5072 2218 5132 tiones
2252 5072 2523 5151 inferre;
2557 5075 2691 5137 haec
2722 5094 2893 5149 vero,
2928 5084 3144 5157 utpote
3176 5078 3501 5159 patientia,

2014 5170 2193 5231 novit
2232 5170 2355 5232 sibi
2400 5171 2602 5234 illatas
2645 5173 3133 5254 magnanimiter
3171 5176 3457 5239 tolerare.
