4359 6267
863 484 943 548 80
1752 502 1830 547 DE
1872 501 2201 547 INSTITUTIS
2244 502 2328 547 SS.
2363 500 2625 545 PATRUM.
2670 518 2750 527 —
2790 500 2965 545 LIBER
3004 500 3091 545 vn

865 691 944 733 ex
985 672 1360 733 necessitate
1401 671 1658 753 inopiae,
1700 672 2114 734 toleraturum
2155 689 2222 732 se
2262 671 2361 750 ju·
2391 671 2442 733 A
2472 689 2613 731 rum
2657 670 2956 744 radicem,
2989 689 3212 732 verum
3253 671 3443 733 etiam
3486 670 3799 733 idolorum
3839 690 3969 733 ser·
4315 736 4316 741 ,

864 770 1027 851 giter
1087 770 1280 833 vitam
1342 771 1740 845 laboriosam,
1794 771 2247 843 miserabilem,
2300 777 2361 831 et
2470 768 2760 841 vitutem,
2813 768 3081 831 dicendo
3134 786 3147 829 ε
3202 769 3277 830 Et
3332 768 3617 843 avaritia,
3668 788 3810 850 quae
3868 777 3969 831 est
4014 788 4266 837 coccam,
4315 776 4316 845 ἢ

865 868 1107 950 absque
1157 869 1288 932 ullo
1336 868 1668 951 profectu3
1713 870 1842 931 imo
1886 878 1949 931 et
1990 870 2248 950 inopem
2294 886 2361 929 se
2469 866 2956 928 simulacrorum
2995 868 3287 929 servituS.
3320 867 3601 930 Avaritia
3637 875 3852 929 autem
3896 868 3966 929 in
3996 854 4041 893 ⁵·

590 5086 654 5125 19.

864 985 937 1027 ac
987 967 1253 1041 nudum,
1305 987 1380 1029 ex
1435 968 1642 1029 aliena
1699 967 2052 1029 substantia
2109 984 2364 1047 semper

865 1082 992 1126 non
1043 1066 1180 1127 sine
1224 1066 1542 1147 vituperio
1591 1066 2094 1127 sustentandum.
2144 1065 2360 1145 Itaque

866 1182 1066 1244 quum
1117 1163 1380 1224 avaritia
1439 1163 1672 1225 talibus
1727 1160 2219 1243 cogitationibus
2266 1180 2362 1223 ca-

866 1261 1209 1342 ptivaverit
1251 1269 1552 1333 mentem,
1587 1262 1820 1342 cogitat
1857 1260 2128 1342 qualiter
2157 1279 2360 1321 unum

868 1360 1091 1421 saltem
1143 1359 1474 1422 denarium
1533 1361 1862 1441 acquirere
1912 1358 2130 1441 possit.
2186 1358 2361 1419 Tunc

868 1457 1140 1519 sollicita
1181 1466 1392 1519 mente
1434 1458 1750 1539 perquirit
1791 1457 2042 1538 aliquod
2085 1455 2361 1538 speciale

867 1574 1028 1637 opus
1068 1557 1238 1637 quod
1279 1556 1490 1629 faciat,
1525 1557 1848 1618 nesciente
1879 1554 2106 1617 abbate
2142 1572 2155 1616 ε
2192 1556 2360 1637 quod

866 1654 1149 1715 vendens
1207 1653 1476 1727 occulte,
1539 1663 1602 1715 et
1668 1661 1954 1735 optatum
2023 1672 2361 1714 nummum

867 1751 1154 1832 adethS‚
1215 1751 1424 1813 acrius
1481 1750 2050 1833 vehementiusque
2109 1758 2361 1832 torque-

865 1858 991 1922 tur,
1043 1850 1458 1929 excogitando
1505 1850 1778 1931 qualiter
1836 1849 2120 1930 duplicet
2167 1866 2357 1927 eum3
2396 1847 2444 1909 B

865 1947 1205 2028 ambiguus
1251 1948 1444 2009 etiam
1485 1947 1595 2009 ubi
1637 1955 1900 2029 reponat
1939 1947 2037 2009 vel
2082 1946 2187 2009 cui
2229 1965 2361 2008 cre-

865 2047 972 2108 dat
1021 2046 1338 2108 eumdem.
1384 2045 1622 2108 Deinde
1672 2045 1945 2126 graviori
1996 2063 2147 2107 cura
2194 2044 2360 2107 affli—

865 2144 1036 2225 gitur
1095 2144 1249 2225 quid
1309 2162 1455 2205 cum
1517 2144 1626 2205 illo
1689 2151 1857 2206 emat
1914 2144 2194 2217 denario,
2254 2150 2363 2204 aut

868 2241 1039 2323 quali
1099 2240 1483 2303 commercio
1542 2260 1690 2303 eum
1746 2242 1951 2303 valeat
2009 2241 2355 2322 duplicare.

867 2340 1067 2413 Quem
1111 2358 1312 2420 quum
1354 2340 1797 2420 duplicaverit,
1841 2339 2090 2400 avidius
2135 2338 2363 2421 incipit

867 2455 1133 2500 aureum
1183 2444 1484 2519 appetere
1534 2456 1894 2511 nummum,
1947 2445 2009 2499 et
2059 2444 2233 2499 tanto
2282 2438 2361 2498 ad

868 2537 987 2598 hoc
1019 2535 1458 2598 vehementius
1499 2535 1955 2609 inflammatur,
1989 2542 2227 2617 quanto
2256 2554 2360 2597 ex-

868 2634 1018 2695 inde
1067 2634 1274 2714 majus
1330 2633 1454 2696 sibi
1516 2634 1765 2695 lucrum
1824 2632 2148 2695 accrescit.
2204 2633 2361 2696 Cum

869 2732 1263 2795 incremento
1321 2751 1596 2814 namque
1654 2732 1942 2814 pecuniae
1997 2730 2205 2793 rabies
2257 2750 2363 2793 cu-

870 2830 1154 2912 piditatis
1205 2839 1489 2911 augetur.
1543 2830 1782 2892 Deinde
1832 2830 2177 2910 longaevam
2240 2829 2363 2891 sibi

867 2928 1066 2990 vitam
1115 2928 1260 2991 talis
1311 2929 1646 3010 promittit,
1688 2935 1750 2989 et
1791 2928 2022 3008 cogitat
2061 2929 2230 3009 quod
2273 2948 2365 2989 se-

2470 964 2684 1026 Graeco
2723 968 3054 1050 φιλαργυρία
3087 965 3341 1027 dicitur.
3376 966 3594 1029 Cernis
3631 965 3845 1046 itaque
3883 966 3965 1027 ad

2468 1070 2763 1144 quantam
2793 1063 3183 1143 impietatem
3214 1063 3422 1125 rabies
3453 1063 3820 1145 cupiditatis
3850 1083 3969 1146 per

2469 1160 2753 1241 singulos
2804 1168 3046 1223 crescat
3090 1162 3343 1241 graduS,
3393 1163 3479 1223 ita
3526 1170 3595 1223 ut
3642 1163 3832 1224 etiam
3881 1162 3966 1224 ab

2469 1259 2770 1340 Apostolo
2820 1260 3134 1322 idolorum
3178 1260 3451 1322 servitus
3495 1269 3903 1341 nuncupetur
3947 1278 3962 1321 ε

2469 1376 2544 1420 eo
2583 1358 2752 1439 quod
2794 1358 3219 1438 praetermissa
3257 1358 3533 1439 imagine
3570 1365 3634 1420 et
3671 1358 3969 1420 similitu-

2470 1455 2618 1516 dine
2668 1454 2781 1517 Dei
2824 1456 3044 1537 (quam
3088 1455 3310 1517 debuit
3360 1456 3425 1517 in
3468 1456 3813 1537 semetipso
3856 1475 3965 1518 cu—

2470 1553 2707 1615 stodire
2754 1554 3249 1628 immaculatam,
3302 1555 3429 1617 Deo
3486 1555 3711 1617 devote
3772 1554 3966 1616 mini-

2470 1652 2775 1731 strando),
2838 1652 3063 1714 maluit
3118 1652 3355 1733 figuras
3414 1652 3751 1715 hominum
3808 1672 3967 1716 auro

2474 1748 2835 1829 impressas,
2872 1768 2986 1831 pro
3024 1750 3144 1812 deo
3183 1750 3413 1812 intueri
3452 1758 3641 1831 atque
3674 1751 3959 1831 diligere.

2844 2003 3347 2067 CAPITULUM
3408 2002 3591 2067 VIII.

2555 2142 2726 2208 Quod
2753 2143 3033 2198 avaritia
3061 2159 3260 2198 omnes
3288 2144 3547 2199 virtutes
3578 2143 3891 2216 impediat.

2599 2339 2869 2401 ALIBUS
2932 2340 3125 2419 igitur
3182 2341 3585 2402 aversionum
3649 2358 3723 2401 ac
3784 2340 3967 2403 vitio-

2627 2456 2769 2499 rum
2820 2437 3231 2500 incrementis
3277 2438 3579 2500 avaritia*
3628 2438 3692 2499 in
3738 2438 3969 2501 deteri-

2475 2554 2548 2596 us
2598 2554 2910 2610 crescenS,
2964 2554 3081 2598 nec
3141 2537 3336 2599 ullam
3386 2537 3463 2599 de
3512 2546 3722 2600 cetero
3768 2538 3969 2599 virtu—

2473 2640 2623 2706 tem,
2650 2654 2767 2696 nec
2800 2634 3092 2697 umbram
3123 2634 3524 2709 humilitatiS,
3551 2635 3829 2699 caritatis
3858 2644 3971 2697 aut

2473 2731 2850 2796 obedientiae
2911 2734 3213 2809 retinens,
3277 2734 3641 2815 indignatur
3696 2736 3772 2796 ad
3831 2753 3970 2798 om-

2474 2831 2599 2905 nia,
2637 2839 2827 2913 atque
2870 2833 2949 2893 ad
2993 2832 3245 2913 singula
3283 2850 3477 2913 opera
3518 2832 3641 2894 sibi
3683 2832 3975 2913 injuncta

2476 2936 2833 2991 murmurat
2878 2948 2951 2991 ac
2996 2929 3291 3011 suspirat.
3345 2930 3473 2992 Nec
3516 2930 3796 3012 aliquam
3836 2931 3975 3011 ,iam

869 3033 1094 3088 cutura
1133 3035 1425 3089 senectus
1467 3046 1662 3088 curva
1696 3026 2231 3107 infirmitatesque
2262 3045 2365 3088 va·
2402 3024 2446 3086 C
2477 3027 2897 3089 reverentiam
2956 3046 3237 3100 servam,
3284 3027 3487 3089 fertur
3544 3029 3623 3090 ad
3684 3029 3977 3110 praecipi-

868 3125 980 3187 riae
1009 3143 1082 3186 ac
1121 3125 1384 3206 prolixae
1417 3125 1670 3186 tolerari
1713 3142 1840 3186 non
1881 3131 2200 3205 poterunt,
2238 3124 2363 3186 nisi

872 3222 1074 3303 maj0r
1105 3242 1354 3284 summa
1385 3222 1674 3305 pecuniae
1702 3221 1898 3284 fuerit
1936 3222 2002 3283 in
2028 3222 2365 3303 juveutute

871 3321 1153 3383 collecta.

951 3419 1094 3481 Istis
1140 3418 1352 3500 itaque
1392 3418 1777 3499 serpentinis
1822 3418 2096 3480 vinculis
2141 3417 2366 3480 infelix

872 3517 1086 3579 anima
1126 3517 1462 3598 captivata,
1496 3517 1648 3577 dum
1691 3516 2030 3598 pecuniam
2073 3517 2236 3579 male
2271 3536 2370 3578 ac-

876 3614 1178 3696 quisitam
1223 3614 1400 3695 cupit
1445 3612 1736 3696 nequiori
1783 3633 1934 3676 cura
1979 3633 2231 3694 augere,
2265 3634 2369 3696 pa-

877 3713 1047 3775 riens
1080 3712 1203 3775 sibi
1236 3720 1480 3794 pestem
1512 3730 1637 3794 qua
1667 3711 1889 3774 durius
1920 3710 2365 3785 inflammetur,

876 3819 939 3874 et
988 3811 1366 3892 cogitatione
1413 3810 1830 3893 appetituque
1881 3810 2043 3872 lucri
2093 3810 2371 3872 totaliter

875 3917 1203 3992 occupata,
1255 3910 1347 3970 nil
1395 3909 1569 3971 aliud
1617 3908 1879 3991 respicit
1924 3909 2112 3971 oculo
2162 3909 2371 3971 cordis

877 4027 1067 4089 quam
1121 4008 1288 4069 unde
1333 4007 1538 4069 valeat
1587 4006 1711 4069 sibi
1758 4024 2137 4088 congregare
2181 4026 2373 4088 pecu-

876 4107 1071 4181 niam,
1130 4125 1244 4188 per
1292 4124 1483 4188 quam
1545 4106 1745 4188 possit
1803 4105 2073 4168 celerius
2121 4106 2371 4167 evolare

875 4207 953 4267 de
1006 4204 1371 4267 monasterii
1422 4203 1782 4287 disciplina,
1837 4204 2080 4265 nullam
2133 4202 2372 4265 habens
2403 4205 2451 4266 D

875 4303 1072 4365 fidem
1123 4303 1234 4365 ubi
1279 4322 1424 4385 spes
1466 4303 1681 4384 aliqua
1720 4302 1967 4364 nummi
2011 4302 2244 4383 poterit
2284 4320 2375 4364 re-

878 4402 1141 4482 fulgere.
1175 4401 1334 4463 Hinc
1367 4419 1482 4483 pro
1513 4419 1780 4463 nummo
1810 4418 1938 4463 non
1981 4400 2375 4481 pertimescit

876 4500 1214 4562 admittere
1245 4500 1488 4561 crimen
1521 4498 1858 4571 mendacii,
1883 4498 2172 4580 perjurii,
2194 4498 2370 4573 furti,

877 4617 996 4660 nec
1028 4597 1226 4659 fidem
1259 4597 1568 4677 frangere,
1602 4598 1994 4677 noxiumque
2032 4596 2373 4659 iracundiae

882 4704 1125 4758 motum
1168 4695 1454 4776 implere.
1500 4696 1806 4776 Denique,
1851 4694 1901 4755 si
1944 4694 2192 4756 venerit
2228 4695 2373 4776 quis

881 4814 993 4876 spe
1025 4800 1327 4875 quaestuS,
1361 4811 1489 4855 non
1529 4793 1924 4874 pertimescit
1963 4794 2223 4856 modum
2264 4794 2373 4855 ho—

882 4894 1145 4957 nestatis
1201 4912 1274 4955 ac
1332 4892 1710 4955 humilitatis
1769 4893 2253 4972 transcendere3
2312 4901 2375 4955 et

586 5019 853 5075 Philippum
883 4995 1046 5057 sicut
1105 4992 1248 5054 aliis
1296 5000 1540 5065 venter,
1593 4991 1680 5052 ita
1736 4991 1794 5053 ei
1844 5010 2069 5053 aurum
2121 4998 2182 5053 et
2229 5010 2374 5073 spes

882 5092 1042 5155 lucri
1087 5099 1182 5153 est
1225 5108 1340 5172 pro
1383 5090 1520 5152 dec.
1560 5090 1735 5152 Unde
1778 5090 1998 5152 beatus
2035 5089 2375 5170 Apostolus

881 5190 1273 5274 perspiciens
1336 5187 1526 5252 noxia
1586 5188 1779 5269 hujus
1837 5187 2043 5249 morbi
2103 5206 2369 5261 venena,

877 5288 1126 5351 vocavit
1176 5306 1324 5350 eum
1375 5304 1502 5349 non
1553 5293 1799 5348 tantum
1852 5284 2140 5347 omnium
2193 5283 2374 5348 vitio-

2478 3126 2638 3188 tium
2685 3125 2925 3208 absque
2968 3126 3149 3188 freno
3196 3134 3499 3207 tanquam
3544 3145 3746 3209 equus
3792 3128 3978 3190 indo-

2481 3225 2717 3304 mitus3
2760 3243 2878 3286 nec
2919 3232 3318 3287 contentatur
3362 3224 3536 3286 victu
3581 3226 3977 3306 quotidiano,

2478 3342 2597 3385 nec
2632 3323 2818 3385 solito
2860 3323 3252 3386 indumento.
3289 3323 3577 3385 Testatur
3617 3341 3871 3406 quoque
3912 3344 3981 3387 se

2478 3422 2611 3484 haec
2656 3440 2782 3484 non
2824 3439 2962 3483 esse
3004 3422 3243 3483 diutius
3275 3422 3688 3484 toleraturum
3714 3440 3731 3501 3
3762 3429 3826 3484 et
3856 3423 3983 3485 cla-

2481 3527 2609 3581 mat
2650 3521 2850 3581 Deum
2893 3538 3021 3582 non
3060 3538 3199 3581 esse
3244 3519 3332 3581 ibi
3380 3521 3839 3595 tantummodo,
3874 3542 3983 3583 ne-

2480 3638 2605 3701 que
2640 3618 2907 3680 salutem
2950 3637 3131 3680 suam
3172 3636 3311 3680 esse
3353 3616 3716 3680 conclusam
3759 3618 3825 3681 in
3866 3619 3981 3683 illo

2483 3717 2621 3780 loco
2656 3735 2669 3779 :
2706 3716 2837 3778 imo
2867 3716 3223 3798 periturum
3266 3735 3334 3777 se
3374 3716 3664 3797 protinus
3702 3717 3981 3796 graviter

2482 3814 2863 3896 ingemiscit,
2899 3814 3024 3875 nisi
3062 3834 3099 3876 a
3139 3814 3276 3876 loco
3318 3814 3426 3876 illo
3467 3813 3737 3875 celerius
3770 3832 3983 3896 aspor-

2480 3921 2651 3975 tetur
2693 3919 2802 3974 aut
2843 3912 3046 3974 abeat.

2885 4166 3389 4231 CAPITULUM
3452 4166 3571 4229 IX.

2483 4315 2655 4382 Quod
2680 4314 3003 4370 monachus
3028 4313 3253 4369 habens
3270 4314 3595 4385 pecuniam
3618 4315 3687 4369 in
3709 4314 3979 4371 coenobt'o

2839 4418 3233 4474 perseverare
3262 4418 3383 4458 non
3401 4404 3620 4475 possit.

2634 4600 2883 4663 ABENS
2932 4618 3079 4681 ergo
3131 4598 3564 4661 instabilitatis
3616 4619 3747 4663 suae
3796 4599 3976 4661 viati-

2664 4717 2834 4771 cum,
2897 4705 3051 4779 puta
3107 4714 3405 4760 nummos
3468 4697 3802 4778 repositoS,
3862 4716 3979 4778 per

2482 4814 2642 4880 quos
2684 4804 2985 4877 tanquam
3033 4814 3147 4877 per
3189 4795 3319 4857 alas
3362 4814 3428 4857 se
3472 4802 3652 4876 parat
3691 4796 3769 4857 ad
3806 4812 3979 4857 rece-

2484 4895 2786 4966 dendum,
2818 4893 3079 4975 jamque
3118 4893 3194 4953 ad
3236 4892 3662 4954 recedendum
3698 4900 3975 4974 paratuS,

2482 4993 2561 5054 ad
2610 4991 2825 5053 omnia
2883 5011 3024 5072 quae
3082 4990 3206 5052 sibi
3251 4989 3581 5070 jubentur,
3636 4989 3979 5052 insolenter

2484 5090 2840 5170 respondet.
2896 5088 2973 5151 Se
3032 5106 3285 5169 quoque
3343 5096 3645 5168 tanquam
3707 5088 3979 5169 peregri—

2484 5207 2637 5249 num
2671 5194 2733 5249 et
2764 5194 3132 5249 extraneum
3165 5204 3411 5267 gerenS,
3442 5185 3709 5266 negligit
3738 5192 3799 5247 et
3829 5202 3977 5247 con·

2484 5286 2714 5347 temnit
2747 5303 3167 5367 quaecumque
3204 5282 3553 5365 indigentia
3584 5282 3975 5346 correctione

4042 2451 4063 2469 ·
4082 2462 4241 2490 anx-us
