4359 6267
851 476 932 545 92

847 669 1145 732 occidens
1194 668 1394 730 ‚finem
1443 668 1736 750 imponit,
1791 668 1899 729 sed
1952 668 2110 730 iram
2161 687 2341 729 suam
2375 667 2426 729 A

850 786 963 849 per
993 767 1127 829 dies
1159 765 1468 849 plurimos
1502 767 1960 848 protrahenteS,
1993 775 2185 848 atque
2216 786 2348 827 ran-

848 884 1060 928 corem
1105 865 1302 927 animi
1349 873 1740 927 reservantes
1782 866 2085 927 adversus
2127 883 2234 927 eos
2281 866 2344 926 in

844 981 1004 1045 quos
1034 963 1335 1026 commoti
1361 970 1525 1037 sunt,
1544 962 1753 1025 verbis
1785 982 1851 1024 se
1878 971 2109 1044 negant
2136 962 2341 1036 irasci,

846 1061 957 1123 sed
1006 1062 1215 1142 reipsa
1262 1080 1335 1123 ac
1382 1079 1572 1143 opere
1623 1060 1971 1143 probantur
2029 1060 2344 1141 indignari

847 1159 1241 1241 gravissime,
1276 1160 1426 1241 quia
1470 1178 1589 1221 nec
1631 1159 1796 1240 aptis
1835 1159 2048 1221 verbis
2088 1176 2196 1220 eos
2239 1178 2345 1240 ap-

848 1256 1109 1338 pellant,
1143 1277 1260 1320 nec
1301 1257 1486 1320 solita
1523 1258 1900 1320 affabilitate
1940 1259 2032 1320 eis
2074 1258 2343 1339 loquun-

848 1360 996 1418 tur?
1028 1357 1104 1418 Et
1143 1356 1225 1419 ob
1265 1357 1385 1419 hoc
1425 1376 1492 1419 se
1526 1357 1844 1421 aestimant
1885 1375 2011 1419 non
2053 1375 2339 1439 peccare,

847 1453 1000 1536 quia
1027 1462 1242 1537 aperte
1272 1472 1400 1518 non
1431 1462 1723 1537 quaerunt
1755 1456 2120 1517 vindictam.
2144 1455 2343 1527 Quam

847 1552 998 1633 quia
1029 1552 1362 1615 manifeste
1401 1571 1696 1615 exercere
1723 1561 1833 1614 aut
1864 1553 2181 1634 postulare
2215 1571 2341 1615 non

845 1652 1101 1726 audent,
1125 1659 1234 1713 aut
1265 1659 1434 1714 certe
1465 1669 1593 1715 non
1625 1658 1911 1733 possunt,
1937 1657 2343 1732 concoquunt

848 1748 1008 1810 iram
1065 1769 1244 1811 suam
1295 1751 1361 1811 in
1409 1750 1671 1831 proprio
1717 1750 1926 1822 corde,
1980 1757 2345 1830 retorquen-

846 1852 942 1910 tes
974 1848 1149 1910 virus
1187 1848 1532 1911 iracundiae
1562 1868 1691 1910 suae
1723 1848 1789 1909 in
1821 1847 2170 1929 perniciem
2204 1865 2344 1929 pro-
2378 1849 2426 1912 Β

847 1947 1092 2029 priam;
1125 1956 1188 2009 et
1217 1948 1393 2008 taciti
1422 1965 1496 2007 ac
1527 1946 1809 2019 silentes,
1843 1965 1985 2008 eam
2018 1946 2085 2008 in
2115 1953 2343 2008 semet-

847 2044 1004 2126 ipsis
1035 2053 1441 2119 consumunt,
1477 2062 1602 2106 non
1633 2044 2022 2125 expellentes
2053 2044 2343 2125 protinus

845 2142 1336 2205 amaritudinem
1394 2162 1522 2205 suae
1582 2142 1855 2204 tristitiae
1902 2160 2054 2204 vera
2112 2142 2345 2202 mentis

845 2242 1104 2315 virtute,
1136 2241 1246 2303 sed
1290 2240 1646 2322 digerentes
1685 2258 1824 2302 eam
1870 2258 2169 2321 processu
2215 2239 2344 2302 die-

847 2358 1015 2413 rum,
1065 2346 1129 2400 et
1179 2338 1538 2419 mitigantes
1595 2356 1736 2400 eam
1794 2336 2344 2418 qualitercumque

847 2435 1244 2517 longitudine
1288 2443 1668 2516 temporum.

1229 2723 1732 2787 CAPITULUM
1800 2724 1954 2786 XII.

924 2899 1043 2967 Qui
1081 2899 1240 2954 iram
1277 2913 1446 2954 suam
1483 2897 1902 2959 dissimulant,
1943 2912 2064 2951 non
2102 2911 2269 2951 secus

1056 2991 1311 3057 peccant
1339 3001 1519 3058 quam
1545 2986 1603 3039 si
1631 3000 1758 3040 eam
1776 2984 2127 3057 proderent.

2379 3027 2424 3091 C

929 3218 1052 3280 LLl
1085 3219 1298 3300 itaque
1330 3220 1416 3280 ita
1446 3238 1512 3280 se
1544 3219 1800 3291 habent,
1835 3218 2014 3299 quasi
2055 3216 2207 3279 finis
2241 3236 2346 3279 cu-

945 3316 1211 3397 juslibet
1257 3317 1516 3379 ultionis
1562 3334 1688 3379 non
1733 3316 1836 3390 sit,
1870 3323 1930 3378 et
1973 3316 2154 3397 quasi
2199 3316 2343 3396 quis

852 3435 980 3479 non
1020 3415 1400 3479 satisfecerit
1440 3415 1837 3477 abundanter
1878 3433 1992 3477 suo
2033 3415 2255 3487 furori,
2290 3414 2344 3476 si

855 3516 948 3577 ira
981 3516 1342 3595 instigante,
1377 3514 1792 3595 compleverit
1821 3514 1884 3575 id
1915 3513 2083 3595 quod
2115 3520 2340 3595 potest.

853 3613 1027 3686 Quod
1085 3612 1329 3674 faciunt
1376 3620 1438 3673 et
1486 3612 1551 3673 hi
1611 3612 1720 3693 qui
1781 3611 2079 3674 cohibent
2135 3620 2345 3673 motus

854 3728 1002 3774 suos
1048 3728 1174 3773 non
1217 3709 1457 3772 affectu
1503 3710 2032 3783 mansuetudiniS,
2077 3710 2187 3771 sed
2232 3710 2347 3770 im-

855 3809 1139 3891 potentia
1169 3807 1428 3870 ultionis
1458 3825 1471 3869 :
1506 3808 1666 3869 nihil
1698 3808 1870 3869 enim
1901 3807 2177 3890 amplius
2209 3827 2349 3889 pos-

854 3916 1002 3969 sunt
1051 3906 1288 3970 inferre
1343 3906 1442 3967 his
1501 3906 1736 3988 quibus
1786 3905 2167 3979 irascuntur,
2222 3905 2347 3967 nisi

855 4013 926 4067 ut
960 4023 1067 4069 eos
1107 4006 1292 4068 solita
1332 4004 1707 4067 affabilitate
1749 4022 1874 4066 non
1917 4004 2342 4085 alloquantur.

851 4105 949 4166 Ira
1008 4123 1286 4185 namque
1345 4120 1473 4166 non
1535 4102 1742 4166 solum
1807 4111 1904 4165 est
1963 4102 2393 4164 moderanda·

854 4210 917 4266 et
977 4202 1353 4264 refrenanda
1412 4208 1722 4283 quantum
1786 4201 1864 4262 ad
1925 4199 2189 4262 ultionis
2251 4200 2347 4261 ef·
2377 4205 2428 4267 D

853 4300 1116 4374 fectum,
1163 4300 1272 4362 sed
1323 4299 1601 4362 eruenda
1651 4307 1749 4360 est
1795 4298 2007 4380 potius
2055 4317 2092 4359 a
2137 4306 2347 4380 pecto-

855 4399 944 4460 ris
992 4398 1192 4460 nostri
1240 4398 1510 4472 arcaniS,
1563 4415 1644 4457 ne
1695 4395 2014 4459 obscurati
2065 4395 2347 4457 tenebris

855 4497 1018 4577 ejuS,
1067 4514 1457 4577 nequeamus
1515 4494 1848 4557 admittere
1909 4493 2126 4555 lumen
2188 4495 2350 4556 salu-

857 4594 989 4656 bris
1040 4593 1292 4655 consilii
1344 4600 1455 4654 aut
1506 4592 1799 4654 salutaris
1859 4592 2163 4665 scientiae,
2217 4593 2347 4654 imo

857 4711 994 4755 nec·
1035 4691 1359 4753 valeamus
1421 4690 1724 4752 exsistere
1783 4689 2095 4770 templum
2155 4690 2349 4772 Spiri-

857 4799 960 4854 tus
999 4789 1232 4864 Sancti,
1275 4788 1596 4851 habitante
1639 4788 1704 4849 in
1745 4788 1928 4850 nobis
1968 4788 2197 4869 spiritu
2240 4808 2348 4851 ne-

857 4908 1068 4972 quam.
1105 4890 1300 4950 Furor
1328 4886 1568 4968 quippe
1600 4885 1664 4946 in
1701 4886 1888 4947 corde
1929 4884 2248 4947 cohibitus
2287 4895 2351 4947 et

856 4988 1201 5050 absconsus
1249 4986 1569 5047 adstantes
1624 4983 1915 5045 homines
1973 5001 2098 5045 non
2148 4982 2352 5046 offen-

857 5087 970 5159 dit,
1026 5085 1136 5147 sed
1188 5102 1366 5165 aeque
1417 5081 1700 5144 excludit
1759 5082 2351 5162 splendidissimum

855 5183 1043 5265 jubar
1101 5182 1374 5263 Spiritus
1438 5180 1672 5254 Sancti,
1734 5198 1806 5241 ac
1870 5180 1922 5241 si
1984 5180 2352 5242 manifesta-

860 5290 1050 5345 retur.

1721 496 1800 543 ΠΒ
1841 496 2170 544 INSTITUTIS
2214 496 2300 543 SS.
2334 496 2596 544 PATRUM.
2642 515 2723 527 --
2762 498 2937 545 LIBER
2976 500 3087 545 vm

2820 719 3325 783 CAPITULUM
3388 720 3577 784 XIII.

2568 874 2740 941 Quod
2781 890 2903 930 non
2940 874 3121 931 liceat
3159 876 3242 931 ad
3278 881 3633 931 momentum
3670 876 3832 931 iram

3090 970 3305 1020 tenere.

2594 1158 2738 1221 EUS
2767 1160 3005 1221 etenim
3037 1177 3162 1223 non
3196 1160 3334 1223 vult
3362 1159 3521 1221 iram
3552 1160 3631 1221 ad
3662 1178 3949 1222 momen-

2610 1266 2747 1320 tum
2790 1259 2960 1320 intus
3002 1259 3225 1331 teneri,
3269 1258 3420 1339 quia
3462 1276 3591 1320 non
3634 1259 3951 1340 permittit

2452 1355 2575 1417 sibi
2605 1355 2827 1418 offerri
2856 1356 3211 1436 spiritualia
3240 1354 3560 1418 sacrificia
3585 1356 3947 1418 orationum

2451 1462 2831 1527 nostrarum,
2866 1454 2918 1515 si
2965 1454 3407 1534 cognoscimus
3449 1453 3551 1515 vel
3596 1454 3793 1515 alium
3836 1454 3949 1515 ha-

2451 1552 2602 1615 bere
2646 1552 2925 1615 rancoris
2974 1552 3215 1634 aliquid
3262 1559 3480 1616 contra
3528 1570 3643 1616 nos
3686 1572 3702 1616 ε
3746 1553 3809 1616 Si
3852 1552 3948 1615 of-

4004 1578 4191 1621 Mami.
4208 1593 4249 1625 τ,

2451 1649 2579 1712 fers
2618 1650 2972 1731 (inquiens)
3010 1669 3243 1712 munus
3291 1657 3473 1711 tuum
3516 1650 3594 1712 ad
3636 1650 3852 1725 altare,
3885 1658 3948 1713 et
3976 1642 4051 1691 ²³*
4074 1645 4148 1684 ²⁴·

2456 1747 2544 1809 ibi
2586 1748 2949 1810 recordatus
2990 1746 3189 1809 fueris
3220 1747 3389 1829 quod
3429 1746 3624 1810 frater
3652 1754 3799 1809 tuus
3839 1748 3949 1810 ha-

2456 1845 2560 1906 bet
2590 1844 2832 1927 aliquid
2872 1846 3209 1907 adversum
3242 1853 3323 1918 te,
3361 1845 3648 1927 relinque
3681 1845 3767 1908 ibi
3810 1866 3949 1907 mu·

2454 1965 2575 2006 nus
2615 1951 2797 2005 tuum
2843 1944 2920 2005 ad
2960 1943 3176 2017 altare,
3210 1951 3273 2005 et
3312 1944 3469 2005 vade
3509 1944 3687 2025 prius
3728 1963 3950 2007 recon-

2454 2042 2656 2104 ciliari
2714 2041 2894 2103 fratri
2954 2049 3083 2115 tuo,
3139 2048 3203 2102 et
3251 2042 3342 2103 sic
3392 2043 3656 2111 veniens
3714 2042 3948 2106 offeres

2454 2161 2687 2204 munus
2725 2149 2930 2202 tuum.
2965 2141 3288 2213 Quomodo
3328 2158 3475 2222 ergo
3516 2141 3948 2222 permittimur

2452 2246 2667 2301 tenere
2700 2239 2856 2300 iram
2888 2238 3021 2300 sive
3053 2238 3374 2299 tristitiam
3406 2247 3626 2301 contra
3662 2238 3944 2312 fratrem,

2454 2355 2579 2399 non
2620 2336 2827 2398 dicam
2869 2356 2983 2417 per
3024 2336 3240 2417 plures
3270 2336 3429 2410 dieS,
3464 2337 3572 2399 sed
3606 2337 3705 2400 vel
3744 2356 3947 2419 usque

2451 2437 2529 2499 ad
2576 2454 2873 2497 occasum
2922 2434 3072 2497 solis
3122 2434 3417 2507 visibilis,
3471 2436 3582 2517 qui
3630 2454 3757 2499 non
3806 2454 3947 2517 per-

2454 2534 2771 2596 mittimur
2826 2532 3140 2595 orationes
3198 2540 3442 2595 nostras
3501 2535 3629 2617 Deo
3686 2534 3944 2609 offerre,

2452 2632 2645 2694 fratre
2674 2632 2917 2713 aliquid
2950 2639 3168 2694 contra
3205 2648 3319 2694 nos
3354 2632 3675 2694 habente?
3705 2632 3949 2706 Quibus

2455 2730 2823 2812 praecipitur
2874 2730 2952 2791 ab
3002 2728 3303 2810 Apostolo
3356 2748 3369 2791 :
3425 2730 3573 2793 Sine
3631 2730 3949 2793 intermis-

2454 2828 2631 2890 sione
2680 2834 2852 2889 orate
2897 2826 2963 2888 in
3007 2825 3181 2888 omni
3226 2826 3384 2901 loco,
3433 2826 3711 2889 levantes
3756 2847 3948 2909 puras

2456 2945 2681 2987 manus
2723 2925 2858 2986 sine
2901 2924 2993 2986 ira
3031 2932 3095 2985 et
3133 2925 3608 3006 disceptatione.
3650 2926 3953 3007 Superest

2458 3023 2648 3104 igitur
2689 3030 2758 3084 ut
2798 3023 3142 3085 retinentes
3171 3022 3348 3084 virus
3392 3024 3500 3086 irae
3544 3023 3608 3084 in
3650 3023 3950 3086 cordibus

2453 3122 2707 3195 nostris,
2758 3129 2867 3183 aut
2914 3140 3243 3202 nunquam
3292 3138 3569 3195 oremuS‚
3620 3130 3684 3183 et
3734 3121 3951 3184 inobe-

2453 3220 2697 3282 dientes
2738 3220 2939 3281 simus
2980 3218 3327 3300 apostolico
3367 3220 3516 3280 huic
3556 3220 3950 3301 evangelico-

2455 3336 2578 3399 que
2620 3325 2936 3399 praecepto
2974 3334 3101 3398 quo
3138 3316 3443 3397 jubemur
3483 3316 3722 3399 ubique
3762 3326 3825 3380 et
3855 3318 3949 3379 in-

2454 3415 2815 3477 desinenter
2865 3432 3080 3494 orare;
3132 3423 3241 3476 aut
3288 3416 3340 3478 si
3391 3416 3785 3497 decipientes
3836 3434 3951 3478 uos

2457 3513 2649 3594 ipSOS‚
2670 3512 3116 3594 praesumimus
3147 3512 3414 3575 fundere
3445 3532 3701 3594 precem
3732 3522 3953 3576 contra

2457 3612 2565 3673 Dei
2617 3618 3028 3694 praeceptum,
3073 3612 3349 3673 sciamus
3392 3630 3517 3673 non
3559 3611 3791 3674 offerre
3836 3631 3953 3676 nos

2457 3710 2583 3772 Deo
2626 3710 2999 3782 orationem,
3034 3709 3143 3770 sed
3188 3728 3265 3771 ex
3310 3709 3538 3792 spiritu
3582 3709 3953 3774 rebellionis

2456 3808 2814 3869 elationem.

2826 4087 3329 4151 CAPITULUM
3392 4089 3574 4152 XIV.

2723 4263 2808 4317 De
2850 4256 3347 4317 reconcilidtione
3382 4260 3686 4332 fraterna.

2590 4494 2635 4555 T
2687 4492 2837 4575 quia
2892 4493 3257 4574 frequenter
3305 4494 3775 4557 contemnimus
3827 4494 3953 4558 fra-

2610 4599 2735 4653 tres
2770 4610 2806 4652 a
2837 4590 3023 4654 nobis
3055 4591 3235 4654 laesos
3264 4598 3373 4653 aut
3403 4593 3825 4667 contristat08‚
3851 4594 3953 4656 vel

2457 4690 2846 4773 despicimus
2877 4706 2983 4751 eos
3023 4690 3290 4752 dicendo
3321 4708 3428 4752 eos
3469 4708 3596 4753 non
3626 4710 3765 4754 esse
3796 4692 3958 4756 vitio

2458 4794 2671 4849 nostro
2710 4786 2990 4849 offensos
3025 4806 3038 4850 :
3074 4788 3226 4849 hinc
3268 4789 3553 4851 medicus
3595 4790 3955 4851 animarum

2456 4885 2673 4947 omnia
2721 4884 2929 4947 sciens
2978 4886 3246 4959 occulta,
3300 4886 3520 4948 volens
3570 4888 3869 4949 radicitus
3915 4907 3959 4949 a

2460 4984 2692 5045 nostris
2734 4984 3031 5045 cordibus
3061 4984 3295 5063 ejicere
3335 4985 3698 5047 occasiones
3728 4992 3791 5046 et
3822 5003 3957 5047 ino-

2460 5089 2561 5143 tus
2607 5082 2736 5154 irae,
2767 5082 2954 5162 jubet
2993 5089 3061 5142 ut
3104 5082 3507 5163 ignoscamus
3547 5090 3612 5145 et
3650 5082 3959 5146 fratribus

2462 5180 2693 5243 nostris
2740 5178 3249 5254 reconciliemur,
3288 5197 3438 5269 non*
3463 5180 3671 5243 solum
3720 5181 3772 5243 si
3822 5181 3958 5244 laesi

2465 5298 2709 5353 sumus,
2770 5286 2833 5340 et
2890 5277 3132 5339 nullam
3191 5286 3519 5341 teneamus
3583 5279 3957 5343 memoriam

3992 2752 4253 2799 lTheuAa
4305 2798 4306 2801 ,

3980 2818 4052 2859 ¹7.

3996 2879 4253 2927 trimus.
