4359 6267
173 1899 182 1940 l
195 1899 318 1941 sorau

161 1965 218 2002 1-2.

161 2683 238 2726 ltu.
249 2699 300 2732 m,
313 2691 344 2730 Β.

178 3077 252 3121 Itu.
274 3085 323 3123 ³1.

163 3563 234 3607 ltu.
245 3573 342 3618 ιιιι,8.

1021 537 1438 585 COLLATIONUM
1481 539 1565 583 SS.
1601 538 1844 583 PATRUM
1885 539 2060 584 Lmen
2101 539 2164 584 11.
2212 557 2292 566 —-
2332 538 2617 584 GOLLATIO
2658 539 2737 583 XV
2946 561 2963 578 ·
3309 513 3432 582 315

749 765 1253 830 CAPITULUM
1314 767 1400 830 II.

365 901 427 956 In
453 919 558 974 quo
590 903 896 958 admirari
933 906 1074 976 quis
1110 904 1323 961 debeat
1359 905 1526 960 viros
1562 909 1821 960 sanctos.

473 1101 856 1164 ROPTEREA
909 1121 1236 1184 nunquam
1284 1102 1582 1165 admirari
1640 1101 1826 1164 debe-

505 1217 632 1260 mus
695 1199 758 1260 in
813 1199 1014 1280 signis
1065 1200 1186 1273 his,
1230 1219 1336 1263 eos
1385 1201 1497 1281 qui
1547 1219 1620 1262 ea
1671 1199 1824 1261 affe-

367 1305 534 1365 ctant,
569 1298 673 1359 sed
718 1298 929 1379 potius
980 1300 1212 1362 intueri
1256 1319 1332 1362 an
1387 1299 1651 1382 perfecti
1697 1299 1826 1360 sint

365 1396 699 1476 expulsione
749 1398 1041 1459 omnium
1090 1398 1390 1461 vitiorum
1441 1398 1825 1460 emendatio-

369 1511 546 1574 neque
575 1512 818 1557 morum
855 1514 870 1558 ε
904 1513 1046 1576 quae
1077 1495 1384 1578 perfectio
1414 1496 1822 1578 dispensante

368 1592 476 1654 Deo
511 1595 868 1657 conceditur
905 1613 1032 1656 non
1075 1614 1190 1679 pro
1232 1595 1361 1658 fide
1397 1596 1682 1668 alterius,
1715 1603 1824 1657 aut

369 1709 468 1770 pro
505 1692 854 1755 diversitate
901 1713 1258 1765 causarum,
1299 1695 1408 1757 sed
1455 1713 1571 1776 pro
1607 1695 1822 1756 unius-

367 1789 644 1872 cujusque
673 1792 906 1854 labore.
940 1792 1084 1855 Haec
1123 1811 1398 1873 namque
1434 1800 1530 1854 est
1559 1792 1822 1854 actualis

365 1985 434 2046 ab
461 1987 760 2067 Apostolo,
795 1997 858 2050 et
897 1989 1036 2068 ejus
1077 1989 1450 2052 auctoritate
1492 1989 1826 2071 praefertur

367 2083 647 2146 universis
687 2086 922 2167 linguis
961 2087 1329 2169 angelorum
1359 2106 1434 2148 ac
1464 2088 1821 2159 hominum,

365 2189 416 2242 et
461 2181 824 2263 plenitudini
885 2185 1037 2247 fidei
1101 2195 1344 2249 montes
1396 2185 1822 2257 transferenti,

365 2281 517 2342 omni
546 2301 789 2364 quoque
821 2284 1102 2346 scientiae
1133 2293 1194 2346 et
1227 2285 1574 2366 prophetiae
1603 2291 1666 2345 et
1695 2302 1828 2346 ero-

365 2379 574 2457 gationi
602 2382 884 2442 omnium
926 2381 1324 2456 facultatum,
1357 2390 1548 2465 atque-
1588 2391 1826 2464 postre-

369 2494 456 2538 mo
497 2477 756 2558 glorioso
817 2481 1137 2562 martyrio.
1192 2481 1396 2554 Quum
1456 2481 1629 2543 enim
1677 2501 1830 2544 enu-

369 2586 638 2638 merasset
686 2578 982 2640 universa
1032 2579 1486 2642 charismatum
1536 2580 1719 2651 dona,
1767 2588 1828 2641 et

367 2672 619 2749 dixisset,
667 2677 789 2738 Alii
849 2677 1035 2739 datur
1089 2697 1202 2759 per
1253 2677 1560 2759 Spiritum
1619 2696 1829 2740 sermo

368 2773 680 2854 sapientiae,
713 2774 824 2837 alii
855 2794 1066 2838 sermo
1097 2776 1400 2849 scientiae,
1435 2784 1591 2854 etc.;
1630 2776 1832 2837 dictu-

370 2888 460 2932 rus
515 2872 585 2933 de
649 2873 932 2947 caritate,
998 2873 1270 2955 qualiter
1337 2873 1628 2956 praeferat
1690 2892 1830 2935 eam

367 2970 584 3032 cunctis
613 2972 1101 3034 charismatibus
1134 2973 1583 3055 compendiose
1615 2972 1832 3035 adver-

1853 708 1904 770 A
1935 715 2189 790 rogatus
2218 709 2283 770 B.
2318 708 2623 771 Macarius
2663 707 2743 770 ab
2774 707 2873 770 his
2905 708 3017 790 qui
3056 706 3429 787 gravissime

1935 806 2349 868 tristabantur
2388 807 2466 868 de
2510 813 2698 868 tantae
2742 804 3175 867 subversionis
3220 804 3426 878 ruina,

1934 906 2191 968 advenit
2232 913 2301 967 ut
2332 906 2523 968 totius
2554 905 2803 988 AEgypti
2844 905 3167 987 regionem
3210 903 3433 965 libera-

1935 1011 2030 1066 ret
2070 1003 2150 1065 ab
2196 1003 2595 1066 infidelitatis
2640 1003 2943 1084 periculo.
2988 1004 3185 1076 Quem
3228 1020 3430 1083 quum

1935 1103 2269 1164 haereticus
2313 1102 2538 1164 fuisset
2577 1102 2908 1164 dialectica
2950 1102 3291 1163 calliditate
3331 1118 3432 1178 ag-

1933 1219 2209 1281 gressuS‚
2242 1208 2305 1262 et
2336 1200 2732 1281 ignorantem
2772 1200 2961 1261 vellet
3000 1200 3311 1261 deducere
3351 1198 3427 1260 ad

1935 1299 2363 1361 Aristotelicas
2396 1300 2633 1380 spinaS‚
2668 1300 2725 1361 S.
2752 1299 3055 1360 Macarius
3084 1298 3429 1380 apostolica

1934 1399 2307 1460 auctoritate
2340 1398 2785 1480 loquacitatem
2823 1397 2995 1459 illius
3030 1416 3335 1478 superans
3366 1404 3429 1458 et

1936 1495 2321 1558 concludens
2366 1514 2380 1558 z
2422 1496 2557 1558 Non
2608 1496 2675 1557 in
2726 1496 3149 1577 multiloquio,
3197 1495 3424 1575 inquit,

1935 1602 2031 1656 est
2062 1613 2329 1675 regnum
2360 1595 2495 1669 Dei,
2531 1595 2640 1657 sed
2669 1595 2733 1657 in
2766 1595 3017 1656 virtute.
3055 1595 3287 1656 Eamus
3320 1593 3431 1674 igi-

1937 1702 2040 1755 tur
2087 1693 2164 1755 ad
2212 1694 2523 1774 sepulcra,
2566 1701 2629 1754 et
2672 1694 3011 1756 Dominum
3062 1693 3430 1755 invocemus

1937 1811 2131 1873 super
2188 1801 2511 1854 mortuum
2562 1811 2753 1874 quem
2815 1792 3248 1854 invenerimus
3305 1791 3431 1874 pri-

319 1888 618 1960 1‚scientia,
650 1909 790 1971 quae
829 1890 956 1953 alio
997 1891 1252 1953 nomine
1293 1900 1554 1953 vocatur
1597 1891 1822 1952 caritas
1861 1890 1909 1951 B
1941 1910 2139 1964 mum,
2180 1899 2371 1972 atque
2412 1899 2480 1952 ut
2518 1891 2831 1972 scriptum
2870 1898 2985 1964 est,
3024 1891 3431 1954 ostendamus

1935 2007 2012 2050 ex
2057 1988 2361 2070 operibus
2405 1987 2600 2050 fidem
2647 1996 2948 2061 nostram,
2989 1996 3301 2070 quatenus
3342 1996 3431 2050 te-

1937 2087 2238 2150 stimonio
2281 2086 2389 2148 Dei
2443 2086 2801 2167 pandantur
2844 2087 3198 2149 certissima
3246 2095 3432 2149 rectae

1937 2182 2090 2246 fidei
2149 2186 2548 2247 documenta.
2606 2184 2739 2257 Quo
2796 2185 3033 2259 audito,
3097 2185 3433 2248 haereticus

1937 2301 2149 2346 coram
2194 2284 2479 2346 adstante
2520 2283 2703 2365 plebe
2745 2284 3123 2347 constrictus
3168 2284 3429 2365 pudore,

1938 2383 2367 2446 dissimulavit
2413 2384 2491 2445 ad
2553 2402 2827 2464 praesens
2887 2382 3168 2466 praebere
3226 2403 3436 2446 assen-

1939 2501 2082 2544 sum
2115 2481 2325 2543 verbis
2359 2481 3059 2563 propositiS,spondens
3091 2501 3158 2544 se
3187 2482 3437 2544 adfutu-

1942 2600 2082 2640 rum
2115 2580 2217 2641 die
2250 2588 2573 2662 sequente.
2595 2579 2847 2642 Postero
2878 2580 3437 2653 die,circumstan-

1942 2678 2110 2740 tibus
2169 2678 2485 2740 universis
2534 2679 2642 2760 qui
2694 2678 3041 2760 cupiditate
3090 2680 3434 2761 spectaculi

1941 2775 2381 2839 confluxerant
2422 2778 2499 2840 ad
2546 2777 2755 2839 locum
2803 2777 3162 2858 praefixum,
3206 2785 3441 2859 perter-

1941 2875 2100 2936 ritus
2146 2874 2251 2936 ille
2292 2875 2667 2937 infidelitate
2714 2875 3117 2938 conscientiae
3160 2895 3310 2950 suae,
3344 2875 3442 2938 fu-

1939 2973 2030 3053 git
2060 2980 2124 3034 et
2152 2992 2189 3034 a
2217 2980 2347 3034 tota
2374 2974 2638 3055 AEgypto
2680 2973 2958 3034 recessit.
2995 2973 3193 3046 Quem
3225 2973 3289 3035 B.
3316 2974 3437 3036 Ma-

367 3066 462 3128 tite
493 3085 506 3128 :
535 3069 772 3144 Adhuc,
809 3070 1040 3152 inquit,
1083 3091 1275 3154 supra
1321 3073 1579 3134 modum
1625 3070 1828 3132 excel·
1867 3073 1910 3135 C
1942 3071 2149 3132 carius
2200 3089 2347 3131 cum
2402 3070 2639 3152 populo
2688 3070 3056 3153 praestolans
3110 3090 3309 3153 usque
3357 3072 3435 3134 ad

368 3162 662 3230 lentiorem
691 3168 873 3232 vobis
905 3171 1074 3232 viam
1105 3171 1488 3233 demonstro.
1514 3169 1627 3231 Per
1658 3169 1828 3250 quod

364 3264 656 3328 evidenter
678 3268 976 3342 ostendit,
991 3269 1159 3349 quod
1186 3267 1506 3330 beatitudo
1537 3267 1670 3330 sive
1698 3286 1830 3348 per-

367 3359 532 3425 fectio
577 3384 700 3429 non
752 3366 1056 3428 consistat
1107 3367 1173 3428 in
1222 3365 1625 3428 mirabilibus
1679 3364 1826 3438 illis,

365 3460 458 3521 sed
486 3460 542 3522 in
571 3463 934 3526 sinceritate
965 3463 1262 3525 caritatis.
1297 3463 1424 3526 Nec
1459 3463 1776 3525 immerito
1810 3480 1824 3525 :

367 3559 552 3622 omnia
578 3562 750 3624 enim
783 3561 893 3624 illa
923 3562 1286 3624 evacuanda
1316 3570 1464 3624 sunt
1494 3569 1557 3623 et
1586 3562 1828 3623 destru-

366 3657 526 3731 enda,
571 3661 798 3722 caritas
846 3676 998 3722 vero
1049 3660 1115 3722 in
1165 3667 1472 3723 aeternum
1533 3678 1830 3721 mansura

367 3763 462 3814 est.
493 3756 640 3820 Hinc
680 3778 1012 3840 nunquam
1043 3759 1322 3820 vidimus
1361 3777 1555 3839 opera
1593 3759 1712 3819 ista
1748 3757 1828 3819 si-

366 3869 604 3930 gnorum
631 3877 668 3920 a
705 3857 936 3919 nostris
975 3856 1263 3919 Patribus
1302 3856 1589 3919 affectari
1626 3876 1639 3919 :
1673 3856 1828 3938 quin

369 3949 478 4014 imo
504 3974 691 4035 quum
726 3956 1122 4038 possiderent
1151 3974 1227 4017 ea
1255 3975 1369 4037 per
1396 3955 1662 4036 gratiam
1696 3954 1830 4036 Spi-

369 4047 503 4112 ritus
545 4053 777 4126 Sancti,
825 4073 1153 4135 nunquam
1203 4061 1415 4115 tamen
1468 4051 1677 4114 facere
1727 4071 1830 4115 vo-

369 4145 610 4224 luerunt,
661 4152 784 4213 nisi
835 4151 996 4214 forte
1046 4152 1388 4215 necessitas
1439 4150 1828 4213 inevitabilis

1943 3187 2172 3230 nonam
2206 3168 2447 3238 horam,
2483 3187 2682 3249 quum
2712 3168 2955 3230 videret
2988 3166 3170 3230 illum
3200 3167 3434 3231 abiisse

1940 3286 2016 3328 ex
2047 3265 2389 3328 formidine
2429 3265 2832 3329 conscientiae
2869 3265 3069 3339 malai,
3103 3285 3433 3328 assumens

1942 3364 2196 3447 plebem
2234 3364 2315 3427 ab
2358 3365 2652 3428 haeretico
2697 3365 3123 3446 depravatam,
3157 3365 3315 3427 abiit
3354 3366 3432 3427 ad

1940 3464 2250 3545 sepulcra.
2304 3465 2489 3526 Porro
2546 3483 2710 3546 aqua
2766 3464 2890 3525 Nili
2955 3463 3204 3526 induxit
3260 3464 3433 3526 hunc

1943 3580 2182 3624 morem
2224 3561 2551 3644 AEgyptiiS,
2586 3569 2653 3622 ut
2693 3560 2871 3623 nulla
2911 3561 2994 3623 sit
3032 3562 3126 3624 eis
3166 3559 3433 3624 facultas

1931 3659 2289 3741 sepeliendi
2355 3676 2619 3740 corpora
2686 3667 3082 3722 mortuorum
3148 3668 3432 3742 tempore

1941 3765 2134 3832 cert0,
2176 3757 2479 3840 quoniam
2525 3764 2654 3819 'tota
2693 3764 2857 3819 terra
2905 3757 3014 3819 illa
3062 3776 3189 3820 non
3241 3775 3435 3839 parvo

1940 3865 2225 3937 tempore
2254 3856 2425 3930 anni,
2462 3856 2661 3917 instar
2701 3856 2996 3918 immensi
3036 3857 3255 3918 oceani
3292 3875 3436 3939 ope-

1939 3955 2101 4016 ritur
2141 3953 2627 4035 erumpentibus
2675 3954 2857 4035 aquis
2906 3953 3072 4031 Nili3
3116 3954 3258 4016 ideo
3305 3972 3437 4016 cor-

1940 4072 2093 4134 pora
2149 4052 2596 4115 defunctorum
2656 4053 2784 4114 sale
2843 4058 2952 4113 aut
3001 4051 3433 4114 redolentibus

1939 4151 2282 4232 pigmentis
2331 4151 2605 4224 condita,
2652 4157 3049 4232 reponuntur
3096 4150 3161 4211 in
3210 4150 3431 4212 editio-

366 4252 418 4304 et
443 4256 706 4311 extrema
742 4257 1044 4312 arctasset
1081 4267 1190 4312 eos
1231 4250 1309 4311 ad
1351 4250 1492 4324 hoc,
1529 4250 1830 4332 quemad-
1860 4253 1907 4315 D
1938 4249 2117 4312 ribus
2147 4269 2260 4312 seu
2290 4247 2623 4311 altioribus
2654 4249 2808 4311 locis
2838 4255 2946 4310 aut
2979 4248 3245 4310 cellulis.
3270 4249 3427 4310 Nam

367 4345 596 4408 modum
633 4348 1042 4410 recordamur
1085 4356 1406 4411 mortuum
1451 4348 1826 4409 suscitatum

365 4439 432 4501 ab
471 4443 682 4508 abbate
732 4447 1022 4518 Macari0‚
1075 4447 1186 4529 qui
1239 4448 1485 4529 primus
1542 4446 1826 4508 habitare

367 4542 534 4622 coepit
570 4543 634 4606 in
677 4544 1020 4607 solitudine
1063 4545 1295 4627 Scythi.

733 4800 1239 4865 CAPITULUM
1303 4800 1420 4863 111.

431 4938 505 4994 De
528 4940 814 4996 suscitato
837 4943 1069 4994 mortuo
1100 4937 1178 4993 ab
1208 4937 1422 4994 abbate
1450 4938 1745 4994 Macaria.

495 5255 604 5299 nus
629 5242 952 5298 conaretur
972 5232 1281 5296 diabolica
1304 5240 1436 5294 arte
1461 5233 1828 5295 catholicam

372 5131 636 5392 ῼΠΗΜ
662 5137 833 5200 enim
861 5135 1197 5198 haereticus
1222 5135 1479 5216 quidam
1503 5135 1831 5197 Eunomia-

365 5327 406 5390 fi
444 5349 536 5396 em
573 5334 961 5407 subvertere,
993 5351 1068 5394 ac
1097 5331 1410 5414 plurimos
1448 5330 1824 5413 decepisset,

1942 4349 2125 4410 tellus
2185 4348 2294 4410 illa
2352 4348 2610 4409 madens
2668 4347 3047 4409 humiditate
3106 4347 3425 4422 continua,

1939 4447 2207 4528 impedit
2249 4445 2597 4527 sepeliendi
2638 4444 2933 4507 officium
2969 4464 2982 4509 :
3018 4446 3150 4508 imo
3191 4446 3244 4508 si
3287 4465 3429 4528 quae

1939 4562 2203 4626 corpora
2260 4544 2649 4626 sepeliantur
2707 4543 2773 4605 in
2830 4563 2925 4618 ea,
2988 4561 3135 4606 mox
3192 4545 3431 4607 evomit

1935 4663 2011 4704 ea
2048 4644 2126 4705 ad
2171 4640 2583 4724 superficiem
2627 4662 2809 4705 suam
2848 4641 3261 4705 exuberantia
3302 4663 3431 4706 suae

1938 4740 2391 4804 inundationis,
2434 4741 2642 4814 Quum
2681 4759 2831 4822 ergo
2873 4743 2939 4804 Β.
2984 4741 3287 4804 Macarius
3331 4742 3434 4804 ad-

1937 4841 2202 4902 stitisset
2231 4838 2677 4921 antiquissimo
2713 4839 2966 4902 cuidam
3001 4840 3312 4914 cadaveri,
3346 4841 3435 4902 di-

1938 4937 2029 4998 xit
2065 4954 2078 4998 :
2114 4936 2160 5000 Ο
2200 4937 2411 5011 homo,
2446 4937 2499 4998 si
2545 4936 2671 4998 huc
2710 4937 2988 5000 venisset
3027 4956 3281 5000 mecum
3326 4938 3433 5001 ille

1939 5035 2274 5098 haereticus
2323 5035 2499 5097 filius
2552 5035 2947 5116 perditioniS‚
2991 5043 3054 5098 et
3094 5037 3233 5118 ipso
3282 5056 3435 5118 prae-

1939 5141 2116 5195 sente
2163 5151 2395 5195 nomen
2437 5133 2584 5194 Jesu
2630 5132 2860 5195 Christi
2904 5132 3016 5194 Dei
3067 5133 3191 5195 mei
3242 5153 3434 5215 super

1938 5240 2000 5294 te
2033 5232 2449 5306 invocassem,
2478 5229 2581 5292 dic
2610 5248 2774 5292 anne
2806 5231 3189 5294 surrexisses
3219 5250 3431 5294 coram

1939 5331 2040 5393 his
2088 5330 2200 5414 qui
2252 5349 2414 5413 pene
2464 5327 2755 5391 subversi
2798 5328 3052 5393 fuerant
3096 5329 3315 5395 fraude
3360 5333 3433 5394 il-

3500 1513 3514 1556 1
3538 1513 3640 1557 Cor.
3667 1529 3724 1565 tv,

3458 1579 3526 1619 20.

3500 1909 3647 1953 Jacob.
3668 1925 3710 1962 n,
