4359 6267
587 3754 718 3798 Rom.
748 3766 790 3803 x,
813 3756 855 3797 2.
889 3734 928 3799 1

863 509 942 572 24
1733 520 1814 567 nu
1870 520 2201 566 insu-ruris
2258 518 2343 563 ss.
2394 516 2655 562 runnu.
2711 532 2793 543 ——
2845 513 3021 560 unna
3076 514 3119 557 11

2037 926 2553 1039 LIBER
2673 924 2798 1033 II

988 1258 1092 1311 DE
1155 1252 1554 1309 CANONICO
1617 1246 2247 1304 NOCTURNARUM
2314 1242 2794 1297 ORATIONUM
2863 1243 2962 1294 ET
3024 1238 3523 1293 PSALMORUM
3592 1236 3843 1311 MODO.

1151 1608 1651 1677 CAPITULUM
1715 1603 2083 1671 PRIMUM.

1427 1756 1806 1814 Prooemium.

1015 1958 1288 2023 UPLlCI
1318 1974 1468 2038 ergo
1497 1956 1752 2037 cingulo
1792 1954 1868 2016 de
1900 1970 2028 2034 quo
2061 1950 2361 2021 diximuS,

1033 2058 1216 2120 miles
1259 2055 1491 2120 Christi
1534 2053 1937 2136 praecinctus,
1972 2065 2365 2130 consequen-

871 2166 970 2221 ter
998 2164 1294 2241 agnoscat
1322 2154 1433 2237 qui
1475 2153 1700 2216 modus
1744 2149 2193 2213 canonicarum
2230 2163 2365 2210 ora-

843 2258 1122 2344 ⁸tionum
1183 2262 1373 2336 atque
1434 2252 1826 2334 psalmorum
1888 2248 1971 2310 sit
2033 2268 2070 2310 a
2129 2246 2366 2309 sanctis

873 2355 1162 2418 Patribus
1195 2354 1258 2416 in
1293 2351 1577 2435 partibus
1608 2348 1874 2412 orientis
1905 2353 2196 2409 statutus
2225 2346 2367 2408 Por-

877 2473 947 2517 ro
987 2455 1064 2517 de
1103 2452 1406 2535 qualitate
1448 2450 1828 2520 orationum,
1861 2454 1926 2509 et
1964 2444 2237 2527 qualiter
2278 2463 2371 2505 se-

589 2553 1159 2672 ¹1⁷Thess.v.cundum
1217 2549 1588 2632 Apostolum
1650 2546 1817 2625 [sine
1875 2542 2369 2620 intermissione]

879 2668 1056 2713 orare
1114 2649 1441 2720 debemuS,
1503 2648 1634 2707 suis
1695 2645 1762 2706 in
1826 2642 2001 2716 lociS,
2062 2649 2372 2723 quantum

2397 1558 2688 1623 Avisum
2738 1567 2834 1623 est
2882 1567 2953 1621 nt
2995 1559 3059 1621 in
3112 1558 3267 1641 ipsis
3315 1558 3561 1621 diurnis
3610 1558 3969 1620 orationum

2478 1660 2747 1735 Officiis,
2791 1659 2853 1722 id
2896 1667 2990 1721 est
3034 1659 3099 1720 in
3139 1658 3367 1731 Tertia,
3414 1658 3621 1731 Sexta,
3666 1664 3731 1720 et
3770 1657 3971 1729 Nona,

2478 1778 2784 1821 numerus
2841 1758 3200 1821 orationum
3258 1766 3321 1819 et
3370 1757 3761 1838 psalmorum
3820 1773 3977 1818 coae-

2478 1865 2709 1939 quetur
2738 1857 3090 1920 secundum
3124 1856 3422 1919 horarum
3456 1855 3715 1917 modum
3748 1853 3813 1915 in
3838 1852 3979 1935 qui-

2480 1955 2598 2017 bus
2624 1956 2752 2018 Deo
2781 1956 2901 2017 ista
2924 1954 3154 2017 Officia
3184 1954 3567 2032 redduntur;
3588 1951 3973 2035 quibusdam

2478 2071 2629 2116 vero
2660 2053 2900 2134 placuit
2928 2071 3039 2115 sex
3076 2053 3352 2134 psalmos
3394 2052 3459 2114 in
3490 2051 3760 2132 singulis
3791 2051 3975 2113 Horis

2478 2170 2617 2214 esse
2660 2152 2979 2215 dicendos.
3014 2152 3174 2215 Hinc
3212 2150 3643 2214 necessarium
3692 2168 3833 2213 reor
3869 2169 3979 2212 an-

2481 2250 2906 2332 tiquissimam
2945 2251 3197 2313 Patrum
3228 2250 3695 2313 institutionem
3734 2249 3979 2331 profer-

2481 2368 2547 2411 re
2579 2349 2645 2411 in
2680 2350 2984 2424 medium,
3017 2369 3159 2432 quae
3188 2368 3361 2412 nunc
3393 2367 3594 2431 usque
3632 2366 3747 2430 per
3776 2356 3971 2410 totam

2481 2450 2820 2531 ,Egyptum
2850 2468 2887 2512 a
2916 2450 3027 2511 Dei
3058 2448 3319 2511 famulis
3358 2466 3469 2510 seu
3511 2447 3839 2510 monachis
3868 2465 3979 2508 cu-

2484 2549 2917 2631 stoditur‚quo
2942 2549 3118 2611 rudis
3149 2548 3418 2610 infantia
3446 2547 3682 2610 novelli
3716 2547 3780 2609 in
3808 2546 3984 2610 Chri-

2484 2656 2581 2710 sto
2624 2648 2989 2711 monasterii
3036 2649 3385 2710 instruatur
3431 2646 3762 2729 potissime
3802 2652 3982 2707 vetu-

879 2750 1044 2811 Deus
1093 2746 1421 2810 donaverit
1463 2743 1881 2826 proferemus,
1923 2759 2123 2823 quum
2173 2740 2376 2802 senio-
2406 2742 2452 2803 B
2485 2746 2782 2809 stissimis
2824 2747 3418 2829 antiquissimorum
3468 2743 3979 2807 institutionibus

879 2866 1021 2909 rum
1065 2846 1430 2909 collationes
1473 2843 1812 2925 explanare
1855 2839 2260 2921 coeperimus.

1298 3095 1800 3163 CAPITULUM
1864 3096 1950 3157 ΙΙ.

875 3251 962 3306 De
1004 3248 1362 3305 diversitate
1405 3247 1641 3303 numeri
1689 3246 1798 3319 qui
1847 3244 1930 3299 ad
1969 3242 2235 3315 psalmos
2282 3242 2377 3297 di-

947 3339 1161 3396 cendos
1201 3354 1316 3410 per·
1359 3337 1677 3394 universas
1717 3334 2077 3407 provincias
2123 3334 2209 3389 sit
2257 3338 2377 3387 sta-

954 3435 1136 3485 tutu&

1041 3634 1306 3699 ULTOS
1343 3628 1620 3715 namque
1660 3652 1773 3715 per
1809 3633 1965 3695 alias
2010 3631 2376 3694 invenimus

881 3835 1087 3896 zelum
1132 3832 1266 3904 Dei,
1300 3833 1410 3894 sed
1451 3849 1581 3894 non
1623 3830 1976 3893 secundum
2019 3830 2375 3901 scientiam,

1058 3734 1366 3815 regioneS‚
1400 3732 1706 3795 babentes
1743 3732 1841 3812 (ut
1883 3731 1973 3793 ait
2014 3730 2381 3812 Apostolus)

2485 2844 2758 2907 Patrum.

2888 3090 3393 3155 CAPITULUM
3458 3090 3578 3154 111.

2484 3252 2569 3307 De
2622 3250 2900 3307 custodia
2952 3249 3282 3321 uniformis
3347 3246 3573 3319 requloe
3626 3262 3741 3319 per
3794 3250 3985 3301 totam

2556 3342 2902 3413 AEqyptum,
2932 3345 2989 3395 et
3026 3340 3097 3395 de
3134 3338 3419 3395 electione
3456 3352 3659 3394 eorum
3696 3337 3805 3410 qui
3836 3336 3987 3391 Fra-

2561 3428 2759 3485 tribus
2789 3434 3258 3501 proeponuntur.

2566 3636 2817 3710 TAQUE
2849 3635 3201 3717 legitimum
3233 3636 3494 3697 modum
3524 3634 3881 3697 orationum
3916 3634 3987 3696 in

2584 3734 2964 3816 vespertinis
3012 3753 3125 3796 seu
3171 3734 3498 3797 nocturnis
3542 3733 3791 3797 Officiis
3828 3732 3991 3794 vidi-

2492 3852 2634 3895 mus
2683 3832 3004 3896 observari
3066 3852 3179 3915 per
3235 3833 3599 3895 universam
3646 3832 3989 3913 AEgyptum

881 3934 1164 3996 diversos
1205 3932 1424 3994 modos
1461 3948 1536 3993 ac
1571 3930 1818 4011 regulas
1859 3929 2118 3991 sibimet
2150 3929 2381 3991 consti·
2416 3932 2459 3995 C
2490 3940 2678 4013 atque
2738 3932 3144 4004 Thebaidem,
3199 3931 3309 3993 ubi
3370 3930 3750 3994 monasteria
3809 3928 3993 3991 insti-

880 4032 1077 4094 tuisse
1113 4032 1296 4113 juxta
1326 4035 1707 4110 conceptum
1748 4028 1978 4091 mentis
2019 4047 2149 4090 suae
2189 4046 2381 4109 super
2491 4037 2758 4093 tuuntur
2817 4048 3019 4111 usque
3078 4030 3143 4091 in
3202 4030 3582 4092 hodiernum
3641 4029 3833 4101 diem,
3884 4027 3991 4089 vel

881 4130 999 4192 bac
1047 4149 1136 4204 re,
1180 4136 1398 4210 utpote
1437 4129 1515 4190 de
1560 4144 1826 4190 numero
1868 4126 2262 4208 psalmorum
2314 4126 2378 4187 in

878 4227 1098 4291 divino
1140 4226 1370 4291 Officio
1415 4226 1851 4288 dicendorum.
1893 4224 2160 4297 Quidam
2207 4242 2379 4286 nam-

879 4345 1005 4411 que
1063 4333 1418 4389 statuerunt
1477 4324 1744 4405 singulis
1804 4323 2100 4386 noctibus
2150 4323 2377 4404 viginti

877 4434 988 4489 aut
1031 4424 1292 4507 triginta
1338 4423 1616 4505 psalmos
1663 4440 1802 4484 esse
1852 4421 2175 4494 dicendoS,
2224 4440 2372 4483 cum

879 4523 1362 4606 interpositione
1421 4520 1712 4585 melodiae
1769 4520 2267 4601 antiphonarum
2314 4528 2377 4581 et

877 4623 1286 4705 adjunctione
1343 4619 1764 4704 quarumdam
1823 4618 2373 4696 modulationum3

879 4721 990 4784 alii
1033 4739 1184 4784 vero
1225 4721 1397 4782 hunc
1444 4737 1787 4781 numerum
1828 4717 2132 4779 excedere
2177 4724 2377 4779 tenta-

881 4828 1142 4900 verunt3
1185 4818 1478 4899 nonnulli
1528 4819 1748 4880 decem
1797 4824 1860 4879 et
1903 4824 2044 4879 octo
2095 4816 2373 4898 psalmos

879 4925 1288 4983 asseruerunt
1317 4916 1618 4979 dicendos
1654 4933 1667 4979 :
1700 4924 1890 4998 atque
1931 4915 1997 4977 in
2038 4916 2211 4977 hunc
2252 4932 2379 4978 mo-

881 5019 1038 5081 dum
1088 5018 1153 5081 in
1203 5016 1357 5079 locis
1405 5015 1674 5079 diversis
1723 5015 2040 5077 diversam
2091 5015 2377 5095 regulam

2491 4136 2868 4209 permanent
2922 4138 3033 4190 aut
3080 4148 3378 4191 mansura
3435 4127 3805 4201 fundantur,
3860 4144 3991 4189 non

2487 4226 2669 4306 juxta
2697 4226 3033 4288 arbitrium
3074 4226 3583 4309 uniuscujusque
3616 4225 3993 4288 renuntian-

2493 4324 2593 4397 tis,
2654 4326 2765 4387 sed
2827 4325 3178 4387 secundum
3238 4324 3607 4387 traditiones
3670 4322 3991 4404 maj0rum

2490 4441 2605 4504 per
2634 4423 3236 4486 successiones.Non
3262 4424 3434 4486 enim
3466 4422 3806 4506 quisquam
3840 4442 3995 4505 prze-

2489 4540 2627 4584 esse
2685 4522 3074 4605 permittitur
3133 4522 3603 4603 congregationi
3664 4522 3981 4594 Fratrum,

2490 4620 2619 4683 imo
2668 4639 2786 4684 nec
2834 4620 3242 4703 sibimetipsi,
3291 4620 3664 4703 priusquam
3714 4639 3841 4683 non
3892 4638 3991 4683 so-

2490 4720 2623 4783 lum
2666 4720 2982 4783 universis
3024 4719 3432 4782 facultatibus
3468 4720 3603 4782 suis
3640 4718 3993 4793 renuntiet,

2489 4819 2599 4881 sed
2648 4819 2910 4901 insuper
2959 4826 3365 4901 recognoscat
3414 4838 3481 4881 se
3529 4816 3779 4900 proprii
3828 4814 3998 4897 juris

2489 4936 2617 4981 non
2654 4937 2815 4992 esse,
2850 4919 2959 4981 sed
2999 4936 3218 4981 omnes
3260 4918 3325 4980 in
3358 4937 3425 4981 se
3458 4924 3833 5000 potestatem
3881 4915 3997 4976 ba-

2490 5017 2658 5079 bere.
2710 5017 3198 5080 Renuntiantem
3253 5015 3494 5098 quippe
3550 5014 3701 5089 huic
3753 5012 3995 5077 saeculo

881 5118 1162 5180 vidimus
1214 5116 1589 5189 institutam,
1631 5122 1694 5177 et
1735 5132 1898 5196 pene
1947 5121 2038 5176 tot
2083 5120 2266 5197 typos
2315 5120 2379 5175 et
2409 5122 2458 5183 D
2489 5124 2551 5179 et
2596 5116 2840 5198 aliquid
2890 5115 3342 5198 possidentem,
3386 5114 3480 5177 sic
3524 5120 3773 5196 oportet
3814 5112 3999 5174 clau·

883 5216 1132 5297 regulas
1163 5214 1460 5278 novimus
1493 5220 1848 5295 usurpataS,
1880 5220 2035 5294 quot
2065 5220 2377 5275 monaste·

882 5316 977 5378 ria
1035 5315 1353 5397 cellasque
1413 5312 1882 5395 conspeximus.
1936 5312 2094 5373 Sunt
2140 5311 2376 5393 quibus

2490 5214 2603 5277 stri
2664 5215 3020 5296 ingressum
3075 5220 3393 5296 expetere,
3445 5221 3517 5275 ut
3563 5232 3641 5275 ex
3695 5212 3795 5274 bis
3842 5230 3996 5293 quae

2491 5311 2749 5395 reliquit
2805 5318 2911 5374 aut
2970 5311 3261 5375 coenobio
3322 5309 3613 5385 contulit,
3679 5310 3743 5372 in
3806 5307 3988 5371 nullo
