4359 6267
1099 521 1514 572 coLLATloNUM
1557 525 1641 570 SS.
1677 523 1921 571 PATRUM
1961 519 2137 570 LIBER
2177 524 2218 569 1.
2264 543 2345 552 —
2385 521 2672 571 coLLATlo
2710 523 2752 570 X

3348 501 3471 570 265

371 695 732 773 pervenerit
760 696 839 757 ad
865 695 1283 777 proprietates
1312 696 1636 758 rationalis
1668 695 1861 770 cervi,
1893 694 1943 757 A
1979 714 2121 756 rum
2154 695 2413 770 naturiS,
2429 703 2497 757 ut
2528 703 2934 777 penetremus
2964 715 3223 758 sensum
3246 713 3467 759 eorum

369 801 662 872 pascetur
701 793 768 854 in
818 794 1184 875 apostolicis
1232 803 1422 876 atque
1472 793 1860 876 propheticis

365 890 710 964 montibu3‚
745 891 810 954 id
849 901 946 954 est
985 893 1050 953 in
1089 892 1540 956 excelsissimis
1581 891 1862 954 subtilis-

363 988 666 1071 simisque
703 1008 927 1052 eorum
969 990 1276 1052 doctrinis
1314 1009 1387 1053 ac
1421 989 1852 1053 sacramentis

359 1086 634 1159 Quorum
674 1087 813 1170 jugi
856 1089 1161 1150 alimonia
1203 1095 1551 1170 vegetatuS,
1593 1096 1657 1150 et
1700 1088 1856 1150 reci-

359 1185 536 1265 piens
567 1185 636 1248 in
667 1205 734 1248 se
767 1186 1097 1250 universos
1130 1187 1522 1270 psalmorum
1552 1186 1849 1259 affectuS,

360 1283 622 1365 incipiet
678 1303 787 1348 eos
844 1285 1052 1348 taliter
1099 1286 1432 1348 decantare
1491 1285 1665 1367 quasi
1727 1302 1854 1347 non

359 1381 482 1443 sint
525 1401 562 1444 a
611 1384 922 1466 Propheta
973 1386 1334 1467 compositi,
1388 1384 1499 1447 sed
1549 1393 1852 1466 tanquam

359 1499 394 1542 a
428 1499 494 1544 se
534 1482 678 1564 ipso
713 1484 845 1546 sint
882 1484 1075 1564 editi3
1115 1493 1179 1546 et
1216 1483 1497 1567 proferet
1535 1503 1644 1546 eos
1686 1502 1856 1546 com-

361 1581 703 1660 punctione
770 1581 1088 1663 profunda
1151 1591 1455 1665 tanquam
1531 1581 1854 1664 propriam

359 1680 730 1754 orationem,
773 1681 875 1744 vel
926 1682 1108 1764 quasi
1156 1683 1232 1744 ad
1283 1701 1464 1744 suam
1516 1698 1853 1763 personam

361 1777 581 1839 directi
614 1779 764 1854 sint,
797 1788 861 1842 et
889 1782 1073 1862 quasi
1111 1799 1334 1844 eorum
1373 1780 1689 1843 sententia
1726 1797 1855 1842 non

1974 811 2102 856 non
2147 801 2325 855 textu
2376 793 2687 869 lectioniS,
2728 794 2840 856 sed
2882 793 3273 876 experientia
3316 813 3470 876 prae-

1973 893 2257 954 cedente.
2304 891 2407 954 Sic
2454 911 2709 975 quoque
2762 912 2941 955 mens
2991 901 3207 955 nostra
3252 911 3471 974 perve-

1972 991 2104 1052 niet
2161 991 2240 1052 ad
2303 990 2477 1053 illam
2537 992 2837 1054 orationis
2904 991 3328 1072 integritatem
3385 990 3465 1052 ad

1969 1108 2162 1170 quam
2221 1091 2376 1152 ordo
2426 1089 2801 1162 collationiS‚
2855 1109 3046 1172 quam
3104 1090 3271 1152 Deus
3321 1089 3469 1150 dare

1968 1186 2262 1268 dignatus
2307 1195 2424 1261 est,
2457 1187 2741 1249 ascendit
2780 1188 2845 1248 in
2890 1188 3203 1270 superiori
3243 1193 3467 1249 tracta-

1969 1293 2038 1345 tu
2064 1304 2078 1348 :
2112 1306 2256 1368 quae
2286 1287 2488 1348 oratio
2518 1305 2645 1348 non
2675 1285 2883 1348 solum
2914 1293 3263 1367 occupatur
3290 1284 3468 1347 nulla

1970 1383 2267 1465 imagine,
2306 1384 2434 1447 imo
2464 1403 2582 1447 nec
2616 1384 2744 1447 ulla
2773 1385 2947 1447 vocis
2982 1390 3091 1446 aut
3120 1383 3463 1446 verborum

1970 1483 2413 1564 prosecutione
2472 1482 2887 1565 distinguitur
2949 1489 3057 1544 aut
3121 1481 3461 1564 profertur,

1970 1581 2078 1642 sed
2126 1582 2323 1662 ignita
2367 1583 2598 1645 mentis
2648 1582 2916 1644 intentio
2956 1581 3312 1644 effunditur
3353 1600 3469 1663 per

1972 1679 2367 1744 ineffabilem
2400 1681 2609 1744 cordis
2640 1700 2973 1744 excessum
3009 1699 3156 1743 oum
3200 1680 3468 1762 inexpli-

1971 1779 2159 1841 cabili
2201 1781 2523 1843 alacritate
2569 1781 2847 1860 interna3
2881 1798 3075 1863 quam
3113 1779 3465 1842 orationem

361 1876 758 1942 solummodo
788 1897 904 1961 per
933 1879 1310 1961 Prophetam
1349 1888 1456 1941 aut
1491 1880 1557 1941 in
1588 1877 1858 1960 Prophe·
1893 1880 1941 1942 B
1973 1895 2146 1940 mens
2177 1886 2355 1940 extra
2384 1897 2605 1942 omnes
2636 1898 2860 1942 sensus
2893 1877 3307 1961 visibilesque
3340 1897 3467 1940 ma-

361 1981 422 2036 ta
461 1977 782 2059 completa
821 1977 1037 2051 fuerit,
1081 1977 1191 2041 sed
1235 1978 1301 2040 in
1345 1995 1412 2040 se
1455 1995 1710 2060 quoque
1752 1995 1858 2057 ge-

363 2081 530 2135 ratur
569 2093 646 2136 ac
689 2076 1031 2158 impleatur
1072 2076 1377 2157 quotidie.

445 2173 622 2235 Tunc
682 2173 923 2256 quippe
980 2174 1214 2237 divinae
1273 2175 1616 2256 Scripturae
1675 2172 1860 2236 nobis

363 2271 591 2334 clarius
654 2272 1084 2346 innotescunt,
1147 2281 1210 2335 et
1267 2291 1488 2335 earum
1547 2291 1724 2336 venae
1787 2291 1861 2333 ac

365 2371 656 2434 medullae
713 2371 1102 2453 panduntur,
1155 2372 1408 2452 quando
1466 2371 1862 2454 experientia
1915 2395 1922 2406 ·

365 2477 574 2532 nostra
604 2487 733 2532 non
763 2477 1014 2532 tantum
1044 2471 1331 2552 percipit,
1349 2471 1457 2532 sed
1488 2470 1679 2533 etiam
1713 2489 1866 2554 prae-

366 2568 535 2630 venit
584 2587 806 2631 earum
858 2569 1174 2643 notitiam,
1220 2577 1284 2631 et
1331 2569 1674 2632 verborum
1724 2589 1864 2633 sen-

366 2668 574 2731 tentiae
615 2676 978 2730 reserantur
1021 2667 1206 2731 nobis
1233 2685 1374 2729 non
1415 2687 1528 2750 per
1567 2669 1865 2751 expositi-

366 2782 572 2840 onem,
615 2766 728 2828 sed
767 2784 881 2847 per
921 2766 1178 2848 propria
1218 2766 1619 2829 documenta.
1655 2767 1861 2840 Quum

367 2881 638 2945 namque
695 2864 1043 2944 recipimus
1093 2873 1156 2927 et
1203 2864 1514 2927 habemus
1563 2865 1860 2927 eumdem

1972 1976 2161 2038 terias
2193 1977 2380 2052 facta,
2401 1977 2611 2040 fundit
2640 1978 2716 2040 ad
2748 1977 3090 2041 Dominum
3119 1976 3469 2058 gemitibus

1973 2075 2395 2158 suspiriisque
2441 2075 2994 2139 inenarrabilibus,

2362 2305 2865 2369 CAPITULUM
2928 2305 3083 2368 XII.

2034 2425 2467 2498 Interroqatio,
2493 2425 2762 2499 qualiter
2788 2426 3147 2498 spirituales
3174 2427 3413 2498 coqita-

2230 2516 2423 2572 tiones
2454 2514 2851 2571 immobiliter
2881 2521 3221 2574 teneantur.

2115 2667 2475 2731 ERMANUS
2511 2688 2524 2731 :
2558 2669 2858 2731 Putamus
2898 2669 3084 2732 nobis
3118 2670 3271 2732 satis
3313 2668 3468 2731 luci-

2141 2768 2219 2829 de
2270 2775 2333 2828 et
2385 2775 2601 2848 aperte
2654 2786 3017 2850 expressam
3072 2785 3202 2830 non
3259 2767 3469 2830 solum

1973 2865 2371 2948 spiritualem
2421 2865 2774 2928 doctrinam
2823 2885 3015 2948 quam
3067 2864 3466 2946 petebamuS,

364 2961 567 3024 cordis
610 2961 920 3024 affectum
959 2981 1088 3044 quo
1126 2962 1410 3044 psalmus
1454 2963 1726 3045 quisque
1766 2972 1861 3025 est
1971 2964 2082 3026 sed
2114 2964 2315 3047 ipsam
2345 2982 2601 3047 quoque
2632 2964 3100 3046 perfectionem.
3118 2963 3275 3037 Quid
3306 2964 3473 3026 enim

361 3060 568 3124 editus
615 3079 690 3124 ac
741 3061 1162 3142 conscriptus,
1210 3061 1630 3142 praecedimus
1681 3062 1860 3124 intel·
1897 3056 1940 3119 C
1973 3071 2335 3146 potestesse
2361 3063 2707 3146 perfectius
2737 3063 2871 3125 sive
2902 3062 3470 3146 sublimiuS,quam

363 3157 592 3221 lectum
631 3159 774 3241 ejus
817 3159 1017 3240 magis
1055 3179 1248 3241 quam
1289 3161 1641 3241 sequimur,
1675 3162 1857 3242 quasi

361 3265 643 3320 auctores
704 3257 933 3339 psalmi
998 3275 1285 3320 essemus
1349 3275 1362 3320 :
1423 3258 1545 3321 hoc
1607 3266 1724 3332 est,
1789 3265 1858 3321 ut

361 3363 635 3418 amantes
674 3357 980 3418 virtutem
1018 3356 1362 3419 verborum
1407 3357 1619 3439 potius
1661 3377 1853 3440 quam

361 3455 668 3531 notitiam,
739 3456 1149 3518 recordemur
1213 3475 1290 3518 ex
1363 3456 1854 3538 superveniente

363 3553 747 3633 psalmorum
794 3554 1201 3617 meditatione
1241 3554 1397 3636 quid
1439 3556 1506 3616 in
1545 3554 1730 3617 nobis
1774 3555 1857 3617 sit

363 3659 627 3731 gestum,
677 3659 790 3714 aut
839 3652 1227 3735 quotidianis
1289 3652 1654 3716 incursibus
1701 3652 1853 3732 fiat;

364 3749 576 3831 sicque
606 3751 936 3832 psallendo
966 3751 1455 3814 reminiscamur
1484 3751 1638 3833 quid
1671 3751 1854 3814 nobis

365 3847 646 3912 intulerit
685 3849 1072 3931 negligentia
1110 3857 1346 3924 nostra,
1378 3857 1490 3913 aut
1517 3851 1671 3932 quid
1712 3850 1854 3912 dili-

362 3947 570 4026 gentia
609 3955 827 4010 nostra
865 3947 1227 4030 profecerit,
1261 3949 1416 4031 quid
1457 3949 1856 4031 providentia

361 4043 574 4107 divina
631 4045 992 4121 contulerit,
1053 4045 1211 4128 quid
1273 4047 1592 4127 suggestio
1653 4046 1853 4109 hostis

360 4140 708 4218 abstulerit,
742 4143 897 4226 quid
937 4143 1178 4206 oblivio
1221 4143 1465 4206 lubrica
1494 4163 1566 4206 ac
1599 4144 1853 4207 subtilis

1973 3169 2099 3225 tam
2145 3163 2597 3245 compendiosa
2642 3161 3049 3224 meditatione
3090 3161 3470 3244 complecte-

1970 3279 2038 3322 re
2087 3280 2199 3323 seu
2257 3261 2735 3344 apprehendere
2789 3260 3009 3341 jugem
3066 3261 3177 3323 Dei
3234 3277 3470 3322 memo-

1970 3358 2152 3433 riam,
2187 3368 2376 3441 atque
2422 3359 2611 3422 unius
2654 3359 2952 3422 versiculi
2998 3359 3391 3422 revolutione
3431 3377 3469 3420 a

1969 3457 2217 3519 cunctis
2266 3457 2632 3520 visibilibus
2682 3459 2938 3532 elevari,
2984 3477 3058 3520 ac
3105 3457 3283 3521 brevi
3336 3476 3464 3520 ser-

1969 3573 2155 3618 mone
2198 3556 2577 3618 concludere
2620 3564 2882 3619 cunctos
2920 3555 3273 3619 orationum
3312 3553 3468 3618 affe-

1965 3657 2161 3716 ctus?
2220 3654 2461 3717 Idcirco
2519 3673 2855 3736 precamur
2912 3654 3097 3718 nobis
3155 3654 3462 3717 declarari

1964 3753 2171 3815 adbuc
2205 3772 2405 3815 unum
2435 3753 2606 3835 quod
2638 3760 2830 3815 restat
2864 3771 2878 3814 τ
2912 3753 3183 3835 qualiter
3213 3753 3460 3816 scilicet

1965 3851 2285 3932 possimus
2316 3851 2629 3914 stabiliter
2660 3852 2932 3914 retinere
2965 3851 3299 3933 praefatum
3333 3871 3467 3914 ver-

1965 3950 2241 4013 siculum
2291 3969 2482 4033 quem
2542 3949 2727 4014 nobis
2788 3968 2902 4033 pro
2950 3950 3227 4013 formula
3272 3951 3461 4012 tradi-

1963 4048 2134 4122 disti,
2171 4057 2241 4111 ut
2269 4048 2437 4111 sicut
2466 4067 2580 4130 per
2607 4048 2875 4130 gratiam
2906 4047 3015 4110 Dei
3044 4047 3179 4127 jam
3207 4047 3457 4110 liberati

1964 4165 2187 4209 sumus
2249 4166 2286 4208 a
2346 4144 2745 4208 saecularium
2810 4145 3262 4226 cogitationum
3330 4145 3459 4207 ine-

359 4240 758 4317 subtraxerit,
790 4241 945 4325 quid
990 4241 1300 4322 fragilitas
1341 4243 1619 4304 bumana
1671 4242 1852 4305 indu·
1883 4247 1934 4309 D
1965 4245 2138 4325 ptiis,
2173 4244 2260 4305 ita
2302 4242 2662 4326 spirituales
2707 4242 3117 4323 cogitationes
3162 4241 3458 4306 immobi-

357 4339 534 4414 xerit,
589 4348 697 4403 aut
746 4341 1021 4422 qualiter
1079 4341 1436 4423 improvida
1495 4341 1852 4423 ignorantia

358 4435 649 4501 fefellerit
678 4425 813 4502 nos.
831 4438 1062 4502 Omnes
1092 4458 1367 4521 namque
1395 4438 1667 4502 affectus
1700 4440 1852 4501 istos

359 4534 716 4600 invenimus
766 4537 833 4599 in
882 4537 1147 4619 psalmis
1197 4555 1552 4620 expreSSOS,
1597 4545 1666 4598 ut
1714 4536 1855 4600 effi-

362 4636 569 4698 cacius
624 4653 1079 4718 cognoscamus
1139 4655 1281 4719 quae
1329 4636 1516 4700 nobis
1575 4636 1854 4718 contige-

362 4733 502 4808 rint,
535 4735 858 4798 intuentes
900 4754 976 4798 ea
1019 4736 1087 4798 in
1133 4735 1396 4817 psalmis
1437 4743 1742 4817 tanquam
1787 4735 1853 4797 in

365 4833 720 4913 purissimis
779 4833 1094 4916 speculis3
1144 4833 1365 4916 sicque
1411 4835 1646 4897 eruditi
1703 4833 1857 4897 affe-

366 4930 574 4996 ctibus
611 4932 887 5015 propriis
922 4939 1224 5014 tanquam
1266 4934 1606 5015 magistris,
1642 4934 1854 5016 palpe-

365 5048 501 5094 mus
549 5049 626 5094 ea
671 5049 801 5094 non
859 5032 1041 5114 quasi
1093 5032 1328 5106 audita,
1381 5032 1492 5094 sed
1527 5040 1852 5113 tanquam

364 5130 718 5204 exercitata,
762 5129 1318 5213 parturiamusque
1360 5149 1436 5192 ea
1477 5149 1555 5193 ex
1605 5130 1854 5196 interno

365 5229 570 5292 cordis
616 5229 877 5304 affectu,
918 5248 1047 5292 non
1090 5229 1267 5292 velut
1315 5229 1638 5292 memoriae
1683 5248 1852 5293 com-

366 5328 674 5404 mendata,
705 5329 820 5391 sed
845 5336 1152 5411 tanquam
1191 5328 1384 5392 insita
1420 5329 1606 5393 nobis
1644 5348 1716 5392 ac
1757 5348 1852 5392 re-

605 5460 670 5512 T.
708 5461 789 5512 27.

1965 4343 2110 4405 liter
2152 4342 2559 4404 retineamus.

2334 4559 2840 4626 CAPITULUM
2900 4560 3087 4625 XIII.

2237 4655 2697 4740 Demobilitate
2732 4683 3189 4756 coqitationum.

2109 4835 2287 4899 UUM
2344 4835 2518 4898 enim
2583 4854 2761 4898 mens
2820 4844 3035 4899 nostra
3092 4835 3455 4917 conceperit

1971 4832 2102 5035 Q
2137 4953 2391 4998 versum
2440 4934 2714 5014 alicujus
2768 4934 3018 5016 psalmi,
3073 4951 3218 4996 mox
3266 4952 3454 4996 versu

1966 5032 2075 5096 illo
2120 5032 2578 5095 insensibiliter
2616 5032 2695 5094 de
2740 5031 3046 5094 memoria
3088 5031 3286 5112 lapso,
3331 5038 3458 5094 stu·

1967 5151 2122 5214 pens
2172 5131 2591 5213 nesciensque
2644 5130 3003 5194 devolvitur
3050 5128 3128 5191 ad
3184 5129 3455 5211 scriptu-

1965 5249 2099 5293 ram
2158 5237 2221 5291 et
2278 5237 2524 5291 textum
2588 5229 2817 5311 psalmi
2879 5228 3137 5290 alterius
3190 5247 3205 5292 :
3262 5247 3455 5310 quam

1966 5348 2165 5410 quum
2210 5329 2476 5412 coeperit
2519 5328 2885 5410 recogitare,
2917 5327 3204 5391 nondum
3246 5345 3321 5388 ea
3364 5326 3455 5388 in-

3142 5461 3203 5514 17
