4359 6267
1751 386 1938 433 INDEX
1981 386 2319 435 GENERALIS

483 558 818 630 Capitulum
849 562 938 618 VI.
971 564 1136 629 Quod
1167 560 1312 617 nihil
1344 576 1379 616 a
1405 561 1520 616 Deo
1558 562 1838 625 creatum,

3470 374 3591 440 495

2094 560 2395 623 Coum-no
2435 578 2602 625 nom
2640 561 2931 643 (Abbatis
2972 562 3142 625 Isaac
3191 564 3443 645 prima).

475 668 482 673 ·
558 646 634 703 sit
660 648 880 705 malum
885 692 1832 707 ...........
1875 649 1984 706 230
2173 650 2261 712 De
2298 652 2579 714 oratione
2587 704 3439 719 ..........
3479 663 3583 720 241

481 736 814 808 Capitulum
872 739 988 797 VII.
1049 741 1129 797 De
1182 738 1348 795 initio
1401 736 1836 809 principatuum

552 842 654 882 seu
703 830 1055 899 potestatum
1082 871 1831 886 ,,,,,,,,,
1873 828 1984 885 230
2090 821 2423 894 Capitulum
2454 822 2493 877 1.
2527 820 2883 878 Prooemium
2914 821 3257 879 collationis,
3337 868 3348 879 .
3430 868 3441 880 .
3482 825 3586 882 241

481 913 813 985 Capitulum
844 910 983 973 v111.
1013 919 1091 974 De
1129 917 1296 989 lapsu
1336 914 1551 972 diaboli
1580 917 1638 973 et
1664 932 1838 988 ange·
2089 911 2419 983 Capitulum
2453 913 2519 967 11.
2550 912 2737 968 Verba
2763 910 2989 967 abbatis
3018 912 3178 967 Isaac
3206 914 3277 970 de
3305 930 3447 985 qua-

550 1003 744 1061 lorum
797 1049 1829 1063 ............
1871 1006 1972 1062 231
2155 1000 2315 1058 litate
2354 1000 2637 1058 orationis
2675 1046 3437 1061 .........
3480 1004 3581 1060 244

481 1092 812 1164 Capitulum
864 1096 950 1151 IX.
985 1095 1259 1168 ObJectio,
1293 1096 1447 1168 quod
1494 1094 1670 1152 ruina
1712 1094 1835 1151 dia·
2083 1090 2414 1162 Capitulum
2466 1092 2557 1147 111.
2604 1089 2863 1157 Qualiter
2907 1108 3054 1165 pura
3095 1109 3164 1148 ac
3217 1091 3445 1149 sincera

549 1182 668 1239 boli
697 1200 732 1240 a
761 1184 1096 1257 deceptione
1125 1186 1254 1241 Evae
1291 1185 1594 1258 incoeperit
1632 1228 1644 1241 .
1725 1228 1736 1240 .
1817 1229 1828 1240 .
1871 1186 1972 1241 231
2155 1177 2437 1235 fundatur
2468 1180 2653 1236 oratio
2677 1222 3434 1237 .........
3476 1182 3584 1238 242

479 1270 811 1343 Capitulum
851 1274 914 1329 X.
944 1273 1260 1346 Responsio
1308 1276 1379 1331 de
1425 1273 1592 1329 initio
1635 1273 1832 1346 lapsus
2083 1267 2413 1339 Capitulum
2444 1269 2531 1325 IV.
2566 1270 2644 1326 De
2684 1269 3005 1326 mobilitate
3042 1269 3257 1327 animae
3285 1286 3444 1326 com·

549 1360 768 1417 diaboli
793 1404 1826 1418 ............
1868 1362 1972 1418 231
2155 1359 2359 1428 parata
2394 1373 2604 1428 pennae
2640 1374 2708 1413 ac
2747 1359 3017 1430 pennulae
3049 1402 3435 1416 .....
3478 1359 3584 1415 242

480 1448 813 1521 Capitulum
851 1450 940 1505 XI.
976 1451 1052 1507 De
1094 1466 1262 1522 poena
1299 1450 1428 1522 ejus
1465 1449 1564 1523 qui
1598 1449 1830 1523 decipit,
2083 1444 2413 1516 Capitulum
2444 1446 2509 1502 V.
2541 1446 2619 1503 De
2660 1446 2850 1503 causis
2890 1448 3103 1519 quibus
3140 1464 3307 1505 mens
3338 1464 3441 1505 no-

548 1542 652 1594 aut
689 1538 978 1611 decipitur
983 1582 1827 1596 ..........
1869 1540 1975 1595 232
2155 1535 2276 1588 stra
2305 1536 2578 1605 gravatur
2585 1577 3433 1592 ..........
3476 1536 3582 1591 243

477 1625 808 1698 Capitulum
857 1627 972 1683 XII.
1023 1628 1102 1684 De
1150 1626 1570 1698 constipatione
1617 1628 1832 1683 daemo-

549 1730 716 1780 num,
749 1717 807 1772 et
835 1713 1239 1787 inquietudine
1270 1731 1448 1787 quam
1478 1732 1710 1789 semper
1735 1732 1833 1772 ex—

547 1807 746 1859 ercent
778 1804 838 1859 in
879 1820 1009 1862 aere
1050 1803 1159 1860 isto
1166 1848 1824 1861 ........
1869 1805 1974 1860 232

477 1892 808 1965 Capitulum
831 1894 971 1948 XIII.
995 1894 1160 1958 Quod
1190 1893 1496 1949 contrariae
1524 1896 1832 1966 potestates

547 1982 726 2039 etiam
771 1986 970 2039 contra
1012 1998 1072 2039 se
1119 1986 1390 2039 moveant
1436 1982 1832 2055 impugnatio-

548 2089 686 2129 nem
717 2089 894 2145 quam
925 2074 1127 2128 contra
1155 2071 1422 2129 homines
1459 2072 1734 2129 excitant.
1814 2117 1825 2128 .
1867 2074 1975 2129 233

473 2160 805 2233 Capitulum
853 2163 990 2217 XIV.
1041 2162 1202 2217 Unde
1257 2160 1474 2217 sactum
1531 2160 1623 2225 sit,
1674 2163 1832 2234 quod

541 2250 875 2324 spirituales
913 2249 1190 2324 nequitiae
1227 2249 1558 2322 acceperint
1586 2250 1832 2307 nomina

542 2344 896 2412 potestatum
934 2356 1002 2397 ac
1041 2339 1480 2411 principatuum
1537 2382 1548 2393 .
1629 2384 1640 2395 .
1815 2385 1826 2396 .
1867 2342 1972 2396 233

471 2428 800 2507 Capitulum
833 2430 944 2483 XV.
974 2428 1139 2494 Quod
1179 2443 1297 2484 non
1339 2427 1464 2484 sine
1493 2384 1828 2485 rationabili

539 2534 716 2575 causa
746 2516 989 2573 nomina
1016 2516 1374 2588 Angelorum
1415 2515 1532 2573 sive
1563 2518 1825 2574 Archan-

538 2607 804 2680 gelorum
859 2606 976 2662 sint
1032 2606 1218 2662 indita
1275 2605 1606 2663 coelestibus
1662 2607 1829 2663 bonis

535 2696 848 2753 virtutibus
881 2738 1821 2754 ...........
1863 2698 1971 2754 234

468 2785 796 2859 Capitulum
829 2786 966 2840 XVI.
992 2785 1069 2842 De
1097 2784 1456 2857 subjectione
1486 2786 1824 2842 daemonum

537 2892 714 2947 quam
755 2874 877 2931 suis
915 2873 1278 2947 principibus
1310 2873 1604 2939 exhibent,
1632 2874 1756 2931 visa
1790 2892 1826 2931 a

535 2964 734 3020 Fratre
764 2965 1020 3035 quodam
1057 3007 1819 3020 .........
1861 2966 1969 3021 234

467 3053 796 3126 Capitulum
842 3053 1007 3109 XVII.
1059 3054 1224 3119 Quod
1276 3053 1524 3126 siugulis
1575 3053 1825 3109 homini-

537 3144 646 3200 bus
683 3142 878 3215 angeli
917 3143 1033 3198 duo
1071 3143 1406 3199 cohaereant
1432 3185 1815 3199 .....
1858 3144 1966 3200 235

466 3232 794 3305 Capitulum
832 3232 1021 3287 XVIII.
1059 3232 1135 3289 De
1174 3230 1502 3289 differentia
1544 3230 1820 3302 nequitioe

534 3338 666 3394 quoe
685 3320 1013 3377 Immundis
1032 3320 1184 3377 inest
1211 3319 1528 3393 spiritibus,
1553 3337 1656 3392 per
1675 3321 1822 3377 duos

534 3409 908 3484 philosophos
938 3410 1316 3482 comprobata
1339 3453 1813 3465 ......
1855 3410 1964 3465 235

467 3498 794 3573 Capitulum
825 3499 962 3555 XIX.
995 3501 1159 3564 Quod
1199 3500 1498 3555 daemones
1537 3498 1683 3554 nihil
1721 3515 1821 3553 va-

532 3590 691 3646 leant
727 3591 932 3644 contra
966 3587 1252 3653 homines,
1284 3587 1397 3643 nisi
1427 3604 1629 3644 eorum
1663 3603 1822 3643 men·

533 3683 618 3735 tes
661 3678 824 3751 prius
871 3676 1203 3733 obsederint
1244 3719 1811 3733 .......
1854 3678 1962 3733 235

465 3767 792 3841 Capitulum
837 3768 947 3822 XX.
995 3764 1376 3838 Interrogatio
1423 3766 1493 3822 de
1540 3766 1816 3837 apostatis

534 3856 774 3929 nugalia,
826 3855 926 3928 qui
981 3855 1258 3912 dicuntur
1311 3854 1369 3910 in
1420 3855 1622 3910 Genesi
1680 3872 1814 3910 cum

535 3946 766 4003 filiabus
812 3943 1124 4000 hominum
1175 3943 1556 4000 concubuisse
1597 3960 1819 3999 connu-

534 4035 644 4091 biis
681 4077 1810 4091 .............
1853 4036 1960 4091 236

461 4124 790 4198 Capitulum
814 4122 1192 4180 XX1.Solutio
1221 4122 1429 4194 prImoe
1458 4121 1813 4193 quaestionis.
1853 4124 1960 4179 236

459 4213 789 4285 Capitulum
838 4213 999 4268 XXII.
1033 4210 1308 4284 Objecti0,
1342 4209 1590 4282 qualiter
1629 4210 1817 4282 pr‘ofa—

532 4318 608 4359 na
651 4300 996 4358 commixtio
1045 4316 1180 4357 cum
1229 4299 1458 4356 filiabus
1503 4298 1812 4356 hominum

531 4390 784 4463 potuerit
825 4389 1104 4462 imputari
1143 4387 1340 4461 generi
1379 4387 1531 4452 Seth,
1572 4390 1706 4445 ante
1743 4388 1817 4445 le·

531 4479 618 4552 gis
655 4477 1108 4552 prohibitionem
1149 4520 1810 4533 ........
1851 4478 1958 4534 238

461 4568 790 4641 Capitulum
831 4570 1020 4624 XXIII.
1061 4567 1301 4629 Solutio,
1343 4568 1498 4638 quod
1547 4565 1816 4623 homines

531 4659 602 4715 ab
642 4658 810 4714 initio
849 4656 1063 4714 fuerint
1100 4655 1336 4712 obnoxii
1371 4671 1557 4728 poenae
1596 4673 1697 4712 seu
1719 4656 1814 4729 ju-

529 4746 702 4813 dicio,
733 4746 858 4818 lege
887 4746 1139 4802 naturali
1147 4789 1809 4802 ........
1851 4746 1957 4802 238

459 4835 790 4907 Capitulum
835 4835 1020 4890 XXIV.
1060 4835 1224 4900 Quod
1260 4835 1416 4907 juste
1463 4833 1651 4906 puniti
1699 4834 1816 4890 sInt

532 4923 796 4996 quiante
826 4922 1110 4980 diluvium
1152 4926 1536 4996 peccaverunt
1613 4968 1624 4979 .
1707 4968 1717 4978 .
1798 4967 1810 4979 .
1851 4924 1958 4979 239

461 5012 792 5083 Capitulum
832 5013 990 5067 XXV.
1025 5012 1327 5077 Quomodo
1365 5011 1814 5084 intelligendum

531 5101 608 5157 sit
657 5102 814 5172 quod
861 5102 932 5156 de
979 5100 1211 5156 diabolo
1257 5100 1470 5155 dIcitur
1516 5117 1529 5156 :
1572 5102 1814 5157 Mendax

535 5197 624 5249 est
650 5193 708 5248 et
736 5194 898 5263 pater
930 5190 1056 5263 eJus
1061 5234 1810 5247 .........
1851 5192 1957 5249 239

2083 1620 2413 1693 Capitulum
2444 1623 2533 1679 VI.
2568 1623 2645 1679 De
2678 1622 2897 1680 visione
2938 1624 3245 1698 cujusdam
3285 1622 3441 1681 senis

2156 1728 2333 1782 quam
2380 1712 2523 1769 vidit
2569 1714 2640 1771 de
2687 1712 2949 1785 inquieta
2991 1713 3207 1769 Fratris
3253 1714 3441 1787 quus-

2153 1802 2291 1855 dam
2323 1802 2655 1872 operatione
2680 1846 3433 1860 .........
3474 1804 3583 1859 243

2083 1889 2411 1961 Capitulum
2452 1892 2567 1947 VII.
2600 1891 2979 1965 interrogatio
3019 1894 3089 1948 de
3122 1891 3250 1957 hoc,
3282 1894 3438 1965 quod

2154 1979 2395 2052 majoris
2437 1980 2795 2038 difficultatis
2831 1981 2908 2037 sit
2952 1981 3243 2039 custodire
3289 1982 3441 2055 cogi·

2150 2069 2401 2126 tationes
2442 2070 2641 2137 benaa,
2674 2088 2852 2143 quam
2893 2088 3097 2143 parare
3140 2116 3151 2127 .
3234 2117 3245 2127 .
3326 2116 3337 2127 .
3418 2117 3430 2130 .
3472 2074 3581 2131 244

2081 2158 2411 2231 Capitulum
2467 2161 2609 2216 VIII.
2671 2161 2747 2217 De
2804 2160 3047 2218 diversis
3102 2161 3434 2218 orationum

2155 2248 2533 2320 qualitatibus
2578 2294 3432 2307 ..........
3474 2252 3582 2309 245

2080 2337 2410 2409 Capitulum
2446 2339 2531 2395 IX.
2566 2340 2643 2396 De
2682 2342 2931 2411 quatuor
2972 2338 3274 2411 speciebus
3312 2356 3437 2396 ora-

2150 2426 2329 2482 tionis
2395 2470 3433 2485 ............
3475 2430 3582 2487 245

2079 2515 2409 2587 Capitulum
2457 2517 2521 2573 X.
2564 2517 2643 2573 De
2690 2516 2893 2575 ordine
2939 2517 3263 2591 specierum
3314 2535 3438 2576 ora-

2149 2604 2329 2660 tionis
2391 2650 3430 2663 ............
3472 2609 3582 2664 245

2078 2694 2409 2766 Capitulum
2441 2697 2529 2751 XI.
2560 2698 2639 2754 Dc
2678 2696 3074 2753 obsecratione
3135 2740 3145 2751 .
3230 2741 3242 2752 .
3323 2741 3334 2752 .
3417 2740 3429 2752 .
3472 2697 3580 2753 246

2077 2784 2407 2856 Capitulum
2434 2787 2547 2841 XII.
2577 2787 2655 2842 De
2685 2786 2943 2842 oratione
2951 2830 3430 2842 ......
3470 2787 3579 2841 246

2076 2872 2407 2945 Capitulum
2448 2876 2589 2931 XIII.
2626 2876 2705 2933 De
2744 2874 3148 2947 postulatione.
3229 2920 3240 2932 .
3322 2920 3334 2931 .
3417 2920 3428 2931 .
3470 2877 3579 2932 246

2076 2962 2407 3034 Capitulum
2438 2964 2575 3017 XIV.
2606 2964 2681 3019 De
2714 2963 3033 3035 gratiarum
3065 2964 3293 3022 actione
3325 3010 3338 3021 .
3417 3008 3429 3019 .
3470 2966 3577 3020 246

2075 3052 2406 3124 Capitulum
2466 3053 2578 3108 XV.
2636 3053 2841 3108 Utrum
2906 3056 3159 3125 quatuor
3214 3055 3435 3126 species

2147 3140 2426 3197 orationis
2464 3140 2581 3197 sint
2618 3140 2933 3213 unicuique
2976 3142 3321 3199 necessariae
3361 3142 3433 3199 si-

2146 3229 2395 3302 gillatim
2442 3233 2498 3287 et
2532 3228 2811 3295 vicissim,
2839 3246 2915 3286 an
2954 3229 3231 3289 omnibus
3268 3234 3327 3289 et
3361 3232 3433 3288 si-

2147 3320 2269 3376 mul
2286 3363 3421 3379 .............
3464 3324 3570 3380 246

2071 3409 2402 3481 Capitulum
2443 3411 2535 3465 XV
2541 3410 2580 3465 1.
2612 3411 2698 3466 Ad
2738 3428 2885 3483 quas
2920 3410 3255 3469 orationum
3304 3430 3431 3486 spe-

2145 3499 2261 3557 cIes
2308 3501 2625 3557 debeamus
2664 3518 2769 3557 nos
2808 3499 2965 3573 ipsos
3004 3501 3193 3575 magis
3238 3506 3433 3559 exten-

2144 3589 2281 3646 dere
2302 3631 3423 3649 .............
3464 3595 3573 3649 247

2069 3678 2401 3748 Capitulum
2449 3679 2611 3733 XVII.
2657 3679 2735 3735 De
2787 3682 3039 3751 quatuor
3093 3680 3425 3739 orationum

2142 3767 2444 3837 speciebus
2476 3784 2511 3823 a
2538 3766 2762 3823 Christo
2800 3768 3019 3824 effusis
3038 3811 3421 3825 .....
3463 3772 3571 3826 247

2068 3854 2399 3928 Capitulum
2440 3857 2627 3911 XVIII.
2674 3858 2751 3912 De
2791 3855 3062 3913 Oratione
3105 3858 3417 3915 dominica.
3461 3860 3567 3916 248

2069 3944 2399 4016 Capitulum
2432 3947 2569 4000 XIX.
2603 3947 2679 4001 De
2718 3962 2786 4000 eo
2821 3946 2975 4016 quod
3018 3946 3201 4001 dicit:
3234 3948 3421 4005 Adve-

2141 4033 2264 4090 niat
2288 4050 2537 4106 regnum
2576 4037 2745 4090 tuum
2754 4077 3415 4093 ........
3455 4039 3564 4095 249

2068 4122 2397 4195 CapItulum
2424 4124 2535 4179 XX.
2570 4125 2646 4179 De
2676 4139 2743 4180 eo
2773 4124 2928 4194 quod
2960 4123 3143 4181 dicit:
3174 4126 3299 4181 Fiat
3320 4143 3418 4181 vo-

2139 4210 2335 4268 luntas
2372 4217 2473 4268 tua
2478 4255 3412 4272 ...........
3453 4218 3560 4272 249

2066 4300 2396 4373 Capitulum
2428 4302 2669 4357 XX1.De
2698 4317 2845 4372 pane
2875 4302 3415 4374 supersubstantiali

2135 4389 2222 4444 vel
2255 4389 2595 4461 quotidiano
2658 4434 3412 4450 .........
3452 4396 3559 4453 249

2066 4478 2394 4550 Capitulum
2446 4480 2607 4535 XXII.
2642 4481 2719 4536 De
2760 4497 2829 4537 eo
2866 4482 3020 4554 quod
3068 4481 3188 4538 ait:
3220 4484 3288 4537 Et
3332 4484 3419 4540 di-

2138 4568 2303 4625 mitte
2332 4567 2500 4624 nobis
2529 4568 2723 4626 debita
2761 4574 2959 4627 nostra
3036 4616 3414 4631 .....
3454 4577 3562 4632 250

2065 4657 2396 4729 Capitulum
2428 4659 2614 4716 XXIII.
2648 4660 2723 4717 De
2753 4677 2820 4716 eo
2850 4662 3005 4732 quod
3040 4661 3182 4717 dicit
3211 4680 3223 4718 :
3254 4664 3320 4718 Et
3348 4681 3420 4722 ne

2137 4763 2245 4802 nos
2273 4746 2520 4803 inducas
2548 4748 2608 4804 in
2645 4748 3028 4805 tentationem
3034 4794 3415 4810 .....
3456 4756 3563 4811 250

2066 4834 2397 4907 Capitulum
2446 4838 2629 4893 XXIV.
2660 4838 2823 4903 Quod
2862 4853 2976 4893 non
3018 4840 3265 4896 debeant
3306 4842 3421 4899 alla

2136 4925 2417 4997 postulari
2467 4943 2645 4997 quam
2703 4925 2816 4982 ista
2861 4942 2991 4997 quae
3040 4926 3097 4981 in
3147 4928 3417 4986 Oratione

2138 5014 2437 5071 dominica
2472 5015 2844 5071 continentur
2850 5060 3413 5075 .......
3454 5022 3556 5077 251

2067 5102 2397 5175 Capitulum
2435 5105 2591 5159 XXV.
2629 5105 2706 5159 De
2745 5104 3020 5175 qualitate
3058 5105 3417 5164 sublimioris

2141 5192 2421 5248 orationis
2472 5236 3409 5253 ...........
3451 5200 3553 5253 251
