4359 6267
809 507 930 572 372
1492 532 1908 580 COLLATlont
1950 533 2036 578 SS.
2072 532 2317 578 PATRUM
2356 531 2531 578 LIBER
2573 532 2635 578 11.
2678 550 2757 559 -
2800 530 3085 578 coLLA‘rto
3124 531 3233 577 XXI

1740 947 2558 1060 COLLATIO
2686 951 2977 1084 XXI

1815 1206 2195 1302 (Abbatis
2229 1205 2577 1284 Theonoe
2597 1211 2912 1309 prima)

1127 1483 1230 1535 DE
1291 1480 1785 1534 REMISSIONE
1843 1480 2572 1552 QUINQUAGESIMAE,
2621 1482 2721 1534 ET
2771 1483 3069 1536 JEJUNII
3130 1483 3584 1537 UTILITATE.

1092 1832 1595 1898 CAPITULUM
1657 1831 2026 1895 PRIMUM.
2339 1808 2390 1870 Α
2839 1833 3343 1900 CAPITULUM
3408 1837 3494 1901 11.

940 1991 1217 2060 Qualiter
1248 1991 1512 2046 Theonas
1541 1990 1773 2045 venerit
1801 1988 1884 2044 ad
1909 1986 2188 2044 abbatem
2471 1989 2845 2046 Exhortatio
2875 1991 3120 2047 abbatis
3154 1993 3417 2048 ,Ioannis
3444 1996 3529 2050 ad
3560 1995 3864 2051 Theonam

1408 2080 1720 2135 Joannem.
2668 2095 2742 2135 ac
2769 2079 2929 2136 alios
2959 2081 3069 2152 qui
3096 2097 3229 2138 cum
3256 2097 3322 2138 eo
3352 2089 3663 2139 venerant.

820 2281 822 2284 ’
941 2277 1326 2352 RlUSQUAM
1360 2277 1714 2340 describam
1759 2275 2162 2339 collationem
2205 2274 2310 2336 ha·
2562 2277 2931 2352 ELECTOR‚
2984 2296 3021 2341 o
3070 2279 3381 2341 carissimi
3432 2279 3578 2354 tilii,
3632 2280 3931 2362 largitate

521 2387 588 2443 cf.
607 2389 786 2442 passu.
963 2377 1160 2438 bitam
1212 2395 1360 2438 cum
1409 2395 1661 2437 summo
1709 2375 1846 2437 viro
1889 2375 2163 2447 Theona,
2207 2391 2314 2435 ne·
2580 2395 2919 2439 munerum
2960 2385 3339 2452 vestrorum,
3371 2386 3562 2461 atquc
3600 2387 3933 2460 gratanter

817 2475 1166 2537 cessarium
1193 2492 1334 2537 reor
1360 2482 1428 2536 ut
1459 2473 1739 2536 breviter
1763 2473 2025 2534 recitem
2057 2489 2313 2534 conver·
2421 2476 2773 2556 amplector
2829 2476 3232 2538 devotionem
3290 2476 3484 2558 hujus
3551 2477 3925 2552 oblationis,

815 2573 1013 2636 sionis
1054 2593 1184 2636 suae
1225 2572 1502 2646 initium,
1537 2572 1687 2654 quia
1724 2591 1801 2634 ex
1843 2572 1963 2634 hoc
2010 2570 2309 2634 meritum
2423 2574 2607 2653 cujus
2658 2575 3050 2656 dispensatio
3098 2583 3194 2637 est
3245 2575 3402 2636 mihi
3454 2576 3712 2649 credita,
3765 2577 3931 2658 quia

812 2681 875 2735 et
923 2672 1298 2735 excellentia
1339 2671 1460 2734 viri
1506 2671 1864 2734 evidentius
1914 2669 2312 2732 innotescent
2424 2671 2703 2734 fideliter
2732 2674 2861 2736 Deo
2890 2672 3138 2735 offertis
3171 2673 3487 2755 primitias
3517 2683 3757 2737 vestras
3789 2675 3928 2737 usi-

815 2771 1054 2834 lectori.
2423 2770 2543 2832 bus
2584 2771 3009 2852 indigentium
3052 2773 3419 2852 erogandaS,
3452 2792 3593 2854 quae
3635 2781 3781 2836 sunt
3826 2793 3931 2836 sa-

902 2869 1017 2931 Hic
1071 2869 1284 2950 itaque
1338 2866 1518 2929 valde
1575 2866 1964 2940 adolescens,
2019 2865 2314 2946 alligatus
2423 2869 2748 2931 crisicium
2797 2869 2949 2932 boni
2995 2870 3226 2933 odoriS.
3270 2871 3426 2933 Nam
3472 2872 3663 2934 credo
3702 2871 3928 2952 fruges

811 2976 906 3030 est
955 2966 1213 3029 vinculo
1262 2964 1581 3046 conjugali
1631 2983 1706 3026 ex
1761 2963 2030 3045 imperio
2077 2963 2313 3026 studio·
2348 2971 2396 3032 Β
2424 2974 2665 3028 vestras
2699 2987 2776 3029 ex
2811 2968 3047 3049 quibus
3086 2968 3222 3031 haec
3259 2968 3602 3042 obtulistis,
3642 2968 3926 3032 ubertim

811 3085 935 3149 que
997 3072 1354 3147 parentum.
1427 3062 1540 3137 Qui
1603 3062 1892 3125 videntes
1951 3062 2312 3143 religiosam
2424 3063 2887 3128 benedicendas
2931 3066 3159 3128 merito
3198 3065 3536 3128 oblationis
3568 3066 3771 3138 ist-im,
3806 3085 3927 3130 vos

813 3165 1216 3226 sedulitatem
1267 3162 1592 3245 pudicitiae
1641 3162 1804 3242 ejus,
1849 3180 1922 3223 ac
1967 3160 2313 3223 formidan-
2424 3181 2679 3245 quoque
2722 3164 3139 3227 cumulandos
3182 3183 3219 3226 a
3262 3165 3530 3227 Domino
3574 3165 3925 3246 multiplici

812 3270 907 3324 tes
949 3261 1295 3343 ancipitem
1337 3260 1584 3341 lapsum
1631 3259 1892 3321 lubricae
1930 3258 2311 3338 juventutiS,
2423 3262 2735 3324 bonorum
2780 3263 3069 3326 omnium
3116 3263 3403 3326 ubertate
3451 3263 3645 3326 etiam
3696 3265 3761 3326 in
3810 3284 3929 3327 sae-

816 3361 1224 3423 crediderunt
1276 3359 1554 3421 lubricos
1613 3357 2054 3420 adolescentiae
2103 3365 2313 3420 motus
2424 3361 2569 3423 culo
2601 3361 2742 3434 isto,
2778 3362 3127 3424 secundum
3164 3362 3367 3443 ipsius
3397 3363 3781 3444 promissum
3813 3381 3928 3424 cu-

815 3458 1290 3542 praeveniendos
1341 3457 1622 3520 remedio
1672 3456 2058 3538 nuptiarum.
2106 3456 2311 3546 Quum
2419 3459 2524 3540 jus
2573 3458 2885 3540 implestis
2936 3460 3326 3532 mandatum,
3378 3460 3923 3542 quemadmodum

813 3577 962 3640 ergo
1004 3558 1288 3621 Theonas
1333 3556 1678 3639 peregisset
1720 3573 1918 3618 annos
1962 3556 2119 3618 duos
2163 3574 2310 3617 cum
2421 3557 2510 3619 ait
2557 3556 2929 3638 Scriptura:
2973 3558 3222 3620 Honora
3270 3559 3611 3620 Dominum
3662 3559 3739 3620 de
3792 3558 3923 3620 tuis
3978 3591 4287 3642 ,um-m&

815 3657 1108 3739 conjuge,
1154 3656 1326 3718 venit
1371 3656 1447 3717 ad
1492 3654 1784 3716 abbatem
1827 3655 2153 3727 Joannem‚
2201 3654 2311 3737 qui
2418 3655 2609 3736 justis
2649 3655 2995 3730 laboribuS,
3027 3664 3090 3717 et
3128 3655 3338 3719 deliba
3380 3656 3438 3718 ei
3478 3657 3557 3718 de
3602 3655 3922 3720 fructibus
3956 3657 4249 3760 :gt-¹5⁰¹&

815 3765 967 3818 tunc
1009 3755 1314 3818 diaconiae
1358 3753 1759 3836 praesidebat,
1793 3753 2033 3815 electus
2071 3754 2149 3815 ad
2192 3753 2313 3816 hoc
2418 3753 2685 3833 justitiae
2744 3761 2889 3827 tuae,
2954 3762 3023 3815 ut
3082 3753 3471 3836 impleantur
3526 3755 3751 3819 horrea
3810 3763 3925 3818 tua
4094 3751 4107 3760 ⁴

817 3854 1043 3918 merito
1083 3853 1454 3915 sanctitatis,
1489 3853 1624 3915 Non
1666 3853 1840 3913 enim
1871 3850 2142 3932 quilibet
2174 3869 2313 3932 pro-
2422 3851 2810 3914 abundantia
2852 3851 3070 3926 tritici,
3117 3860 3178 3914 et
3229 3853 3567 3915 torcularia
3613 3862 3723 3916 tua
3766 3853 3925 3917 vino

815 3953 1068 4016 vehitur
1095 3953 1174 4014 ad
1216 3952 1387 4013 hunc
1425 3952 1690 4032 gradum
1734 3951 1991 4032 propria
2029 3951 2313 4012 volunta·
2424 3949 2795 4012 redundent.
2832 3949 3027 4022 Quam
3072 3951 3472 4013 devotionem
3508 3951 3786 4014 fideliter
3814 3971 3925 4014 ex·

817 4059 876 4113 te
915 4060 1025 4113 aut
1066 4049 1435 4124 ambitione,
1469 4048 1578 4111 sed
1615 4049 1667 4110 is
1705 4067 1894 4129 quem
1933 4048 2311 4109 universitas
2423 4056 2781 4129 sequentes,
2818 4047 3042 4110 scitote
3082 4066 3194 4110 vos
3238 4066 3714 4113 consummasse
3758 4050 3923 4130 legis
3990 4084 4289 4132 ber—„w-

815 4151 1141 4213 seniorum
1183 4149 1564 4230 judicaverit
1619 4146 1919 4210 omnibus
1975 4146 2311 4208 eminenti·
2349 4146 2391 4209 C
2422 4145 2699 4226 antiquae
2735 4145 3075 4226 justitiam,
3108 4146 3228 4208 sub
3269 4166 3394 4228 qua
3432 4155 3585 4210 tunc
3626 4148 3813 4230 positi
3856 4157 3925 4210 et
3956 4149 4045 4190 30-

815 4268 989 4314 orem
1036 4248 1449 4331 praerogativa
1487 4247 1688 4310 aetatis
1728 4254 1791 4308 et
1831 4244 2198 4308 testimonio
2236 4245 2312 4307 fi-
2425 4244 2956 4324 transgredientes
3008 4246 3321 4319 eamdem,
3367 4253 3610 4308 reatum
3656 4246 3925 4308 inevita-

815 4349 916 4410 dei
975 4367 1048 4410 ac
1108 4347 1439 4408 virtutum.
1495 4345 1762 4407 Advenit
1823 4360 1974 4424 ergo
2028 4343 2313 4406 Theonas
2425 4342 2640 4404 biliter
2680 4341 3111 4416 incurrebant,
3147 4343 3485 4425 implentes
3515 4362 3668 4407 vero
3706 4363 3929 4426 perve-

815 4446 1023 4510 adhuc
1065 4445 1322 4526 juvenis
1372 4444 1449 4505 ad
1499 4444 1670 4505 hunc
1710 4443 1775 4504 B.
1821 4444 2148 4516 loannem,
2194 4441 2315 4524 piae
2426 4440 2563 4501 nire
2606 4440 2683 4502 ad
2726 4440 2974 4521 apicem
3020 4440 3429 4522 perfectionis
3472 4443 3842 4524 nequibant.

816 4543 1171 4608 devotionis
1211 4542 1471 4616 affectu,
1507 4541 1796 4603 deserens
1837 4541 1892 4603 ei
1930 4559 2195 4604 munera
2225 4559 2317 4603 re-

818 4642 1041 4724 ligiosa
1100 4641 1266 4703 inter
1315 4647 1556 4702 ceteros
1617 4655 2010 4720 possessores
2063 4639 2172 4719 qui
2225 4639 2315 4701 af-

819 4740 1106 4803 ferebant
1151 4738 1437 4800 certatim
1489 4737 1767 4799 decimas
1817 4737 1950 4798 sive
2000 4736 2315 4818 primitias
2828 4693 3333 4758 CAPITULUM
3396 4693 3516 4757 ῙῙῙ·

818 4839 1074 4920 frugum
1125 4855 1383 4899 suarum
1433 4835 1694 4917 praesato
1740 4835 1962 4898 loanni
1997 4852 2014 4914 3
2068 4836 2317 4898 videns-
2483 4836 2569 4890 De
2604 4832 2912 4890 oblatione
2938 4832 3309 4888 decimarum
3334 4838 3390 4888 et
3412 4833 3864 4904 primitiarum.

817 4957 942 5020 que
973 4956 1166 4999 senex
1197 4953 1304 4998 eos
1337 4934 1726 4997 confluxisse
1756 4935 1831 4996 ad
1865 4953 1932 4996 se
1975 4953 2120 4996 cum
2155 4934 2315 4996 mul-

820 5037 899 5099 tis
924 5034 1316 5106 muneribus,
1331 5033 1723 5115 cupiensque
1749 5032 2066 5096 devotioni
2095 5051 2315 5095 eorum
2568 5029 2823 5093 ECIMAE
2853 5029 3091 5111 quippe
3123 5047 3199 5091 ex
3232 5027 3340 5091 Dei
3375 5036 3693 5110 praecepto
3724 5029 3919 5110 depu-
3956 5063 4135 5106 Nm„-
4158 5081 4287 5108 m„-
4319 5063 4321 5076 ·

563 5146 786 5200 {Cor-11,
818 5135 1025 5197 vicem
1057 5132 1427 5216 rependere,
1463 5131 1656 5213 coepit
1695 5130 1788 5193 eis
1829 5131 2185 5212 spiritualia
2223 5149 2317 5193 se·
2585 5136 2726 5193 tatae
2765 5128 3023 5190 fuerunt
3065 5126 3289 5189 usibus
3328 5115 3713 5201 Levitarum‚
3745 5127 3919 5189 obla-
3954 5129 4045 5169 ²*-
4319 5127 4321 5138 ²

525 5213 590 5252 ¹¹‘
822 5233 1086 5306 minare,
1129 5231 1310 5312 juxta
1339 5229 1736 5312 Apostolum,
1769 5249 1806 5290 a
1848 5229 2082 5311 quibus
2128 5236 2319 5291 mete·
2427 5228 2631 5290 tiones
2672 5244 2823 5289 vero
2868 5234 3057 5307 atque
3102 5225 3403 5308 primitiae
3444 5225 3670 5289 usibus
3715 5244 3918 5287 sacer·
3982 5261 4263 5309 1⁶54,AE

822 5332 930 5393 bat
973 5329 1268 5393 carnalia.
2346 5327 2397 5390 D
2428 5328 2690 5406 dotum3
2724 5325 2833 5388 sed
2866 5325 3092 5388 modus
3126 5343 3239 5387 seu
3271 5323 3428 5386 ritus
3461 5324 3917 5406 primitiarum,
