4359 6267
626 4737 798 4844 ¹fet-od.
816 4752 887 4792 xx,

906 493 1027 558 308

1588 511 2004 558 COLLATmNUM
2046 513 2131 558 SS.
2167 512 2411 558 PATRUM
2452 512 2626 558 LIBER
2668 513 2729 557 ΙΙ.
2775 531 2855 540 -
2896 511 3181 559 COLLATIO
3223 513 3329 557 xlv

909 692 1095 767 ptura
1150 691 1246 746 est
1299 683 1636 765 diligenter
1695 684 2017 746 memoriae
2074 701 2397 747 commen·
2426 681 2479 744 A
2509 690 2637 758 ctu,
2674 691 2745 746 ut
2783 683 3029 746 scilicet
3071 703 3197 748 non
3240 685 3447 747 solum
3490 684 3771 748 discedat
3814 705 3855 747 a
3899 703 4021 746 cae-

907 784 1113 846 danda
1149 791 1212 845 et
1254 783 1716 846 incessabiliter
1758 786 2162 848 recensenda.
2198 785 2401 866 Hujus

909 902 1184 964 namque
1215 883 1551 946 assiduitas
1592 884 2042 960 meditationiS,
2075 884 2399 966 duplicem

909 983 1190 1046 fructum
1255 982 1438 1045 nobis
1501 982 1748 1045 confert
1809 1000 1823 1044 ε
1885 983 2189 1064 primum,
2251 983 2403 1064 quia

908 1083 1062 1144 dum
1114 1082 1344 1144 mentis
1396 1081 1666 1143 intentio
1716 1089 2065 1164 occupatur
2111 1081 2398 1162 legendo,

909 1200 1034 1245 non
1085 1183 1439 1264 captivatur
1479 1181 1721 1264 laqueis
1764 1181 2218 1262 cogitationum
2262 1200 2401 1263 pra-

907 1300 1130 1343 varum
1157 1299 1172 1360 3
1205 1281 1580 1354 secundum,
1613 1300 1760 1342 nam
1793 1299 1867 1342 ea
1906 1300 2047 1363 quae
2081 1280 2401 1363 frequenti

908 1380 1286 1462 repetitione
1318 1380 1746 1462 percurrendo
1777 1379 2136 1442 laboramus
2167 1398 2403 1443 memo-

909 1479 1018 1541 riae
1049 1478 1316 1553 tradere,
1351 1496 1469 1539 nee
1509 1494 1584 1539 eo
1623 1485 1908 1558 tempore
1951 1478 2276 1559 potuimus
2309 1479 2402 1540 in—

910 1577 1213 1658 telligere,
1245 1575 1523 1657 obligata
1551 1583 1704 1637 tunc
1737 1584 1969 1649 mente,
1995 1577 2401 1658 postmodum

907 1676 1181 1738 absoluti
1212 1675 1291 1736 ab
1324 1674 1637 1736 universis
1669 1675 1985 1737 visionum
2013 1683 2402 1758 actuumque

909 1773 1248 1848 illecebris,
1310 1773 1484 1835 taciti
1547 1773 1943 1835 revolventes
2001 1781 2063 1836 et
2126 1774 2401 1836 maxime

2509 785 2800 848 rimoniis
2865 785 3179 848 idolorum
3242 794 3306 848 et
3366 785 3807 848 observatione
3878 803 4021 848 om-

2509 884 2689 947 nium
2728 885 3053 967 signorum
3098 894 3162 948 et
3203 886 3452 948 dierum
3494 904 3567 947 ac
3614 894 4017 968 temporum,

2508 984 2618 1046 sed
2649 985 2841 1046 etiam
2871 985 2951 1046 ab
2983 985 3157 1047 omni
3188 985 3637 1066 superstitione
3664 984 4019 1066 gentilium

2510 1089 2573 1144 et
2628 1083 3063 1164 auguriorum,
3114 1083 3216 1146 vel
3275 1091 3444 1146 certe
3503 1102 3582 1146 ne
3640 1083 4023 1165 implicetur

2511 1182 2896 1263 conjecturis
2935 1182 3357 1264 quorumdam
3388 1182 3729 1245 verborum
3760 1189 3875 1244 aut
3908 1200 4023 1245 no-

2512 1280 2759 1342 minum
2810 1301 2950 1362 quae
2995 1281 3291 1364 polluunt
3332 1280 3485 1344 fidei
3530 1289 3759 1345 nostrae
3806 1281 4023 1344 since-

2512 1380 2781 1442 ritatem.
2835 1380 2962 1442 Hac
3010 1380 3251 1462 quippe
3300 1379 3715 1444 fornicatione
3760 1381 4020 1442 Jerusa-

2514 1477 2637 1540 lem
2670 1477 2906 1540 dicitur
2935 1485 3361 1561 constuprata,
3395 1499 3537 1560 quae
3576 1478 3893 1542 fornicata
3922 1487 4019 1541 est
4060 1494 4152 1537 Jer.
4172 1499 4274 1540 ime.

2515 1576 2579 1639 in
2620 1577 2795 1638 omni
2842 1576 3003 1639 colle
3042 1577 3304 1639 sublimi
3348 1584 3411 1640 et
3454 1577 3573 1639 sub
3616 1577 3791 1640 omni
3838 1577 4023 1659 ligno

2515 1676 2833 1738 frondoso.
2868 1677 3065 1749 Quam
3108 1677 3299 1738 etiam
3332 1677 3639 1739 Dominus
3670 1677 4019 1758 increpans

2516 1795 2630 1857 per
2658 1775 3055 1856 Prophetam‚
3090 1775 3388 1839 disseruit
3415 1793 3429 1839 ε
3454 1775 3631 1838 Stent
3664 1783 3729 1838 et
3764 1775 4023 1837 salvent
4048 1791 4285 1836 lamnas.

909 1881 1218 1936 nocturna
1265 1873 1695 1944 meditatione,
1749 1872 1968 1934 eadem
2027 1873 2260 1935 clarius
2312 1873 2403 1935 in·
2438 1869 2486 1932 B
2515 1883 2577 1936 te
2618 1892 2889 1954 augures
2939 1874 3105 1948 coeli‚
3139 1875 3249 1955 qui
3294 1873 3895 1957 contemplabantur
3940 1875 4023 1936 si-

908 1982 1163 2034 tuemur
1195 1989 1209 2033 ε
1252 1971 1339 2033 ita
1379 1979 1446 2033 ut
1485 1970 1905 2052 intelligentia
1940 1971 2404 2034 occultissimo-

907 2091 1047 2132 rum
1108 2089 1435 2144 sensuum,
1497 2087 1656 2152 quos
1711 2068 2034 2150 vigilando
2095 2088 2222 2132 non
2288 2088 2401 2152 po-

904 2171 1146 2231 tuimus
1197 2168 1418 2231 saltem
1471 2168 1746 2230 tenuiter
1794 2187 2042 2249 capere,
2086 2169 2405 2231 reveletur

906 2268 1091 2331 nobis
1121 2266 1598 2350 quiescentibus
1628 2275 1692 2329 et
1721 2268 1902 2350 quasi
1934 2268 2242 2330 demersis
2273 2277 2401 2330 stu-

909 2385 1060 2449 pore
1105 2367 1368 2449 soporis,

1311 2611 1814 2675 CAPITULUM
1875 2611 1996 2674 XI.

1065 2762 1150 2817 De
1178 2759 1512 2832 multiplici
1541 2759 1852 2816 intellectu
1877 2760 2238 2832 Scripturae.
2296 2846 2301 2850 .

1031 2959 1429 3022 RESCENTE
1466 2967 1678 3040 autem
1720 2959 2124 3022 innovatione
2170 2960 2402 3022 mentis

2515 1973 2664 2034 dera
2693 1979 2757 2033 et
2787 1973 3219 2055 supputabant
3262 1991 3534 2044 menses,
3566 1979 3637 2034 ut
3670 1992 3747 2034 ex
3778 1973 3876 2034 eis
3907 1992 4021 2034 an-

2515 2073 2883 2134 nuntiarent
2928 2079 3197 2134 ventura
3243 2071 3382 2134 tibi.
3426 2073 3515 2134 De
3564 2090 3691 2153 qua
3736 2071 4021 2134 fornica-

2514 2171 2684 2233 tione
2717 2171 2948 2233 iterum
2980 2190 3251 2252 arguens
3280 2189 3387 2234 eos
3413 2189 3427 2233 :
3454 2169 3749 2253 SpirituS‚
3777 2171 4017 2252 inquit,
4050 2184 4155 2228 ozee
4168 2185 4285 2228 miz,

2514 2268 2953 2331 fornicationis
2985 2270 3237 2352 decepit
3273 2287 3403 2344 eoS,
3436 2277 3499 2332 et
3529 2268 3821 2332 fornicati
3864 2278 4022 2331 sunt.

2513 2388 2551 2430 a
2580 2369 2707 2430 Deo
2738 2385 2871 2430 suo.
2908 2367 3024 2441 Qui
3062 2385 3213 2450 ergo
3243 2367 3323 2429 ab
3362 2368 3482 2430 hac
3521 2367 3777 2449 gemina
3814 2367 4018 2430 forni-

2516 2467 2761 2530 catione
2802 2466 3187 2541 discesserit,
3219 2466 3480 2529 habebit
3520 2466 3773 2529 tertiam
3816 2485 4017 2548 quam

2514 2564 2771 2638 devitet,
2816 2583 2957 2646 quae
3006 2564 3072 2625 in
3121 2563 3685 2646 superstitionibus
3734 2564 3893 2648 legis
3941 2583 4019 2626 ac

2511 2663 2818 2727 Judaismi
2870 2663 3178 2726 consistit.
3214 2665 3301 2725 De
3350 2662 3585 2745 quibus
3626 2663 3716 2725 ait
3756 2662 4021 2745 Aposto—

2514 2764 2612 2826 lus
2646 2780 2661 2825 :
2696 2762 2840 2825 Dies
2889 2762 3261 2834 observatiS,
3306 2769 3370 2824 et
3421 2780 3693 2835 menseS,
3740 2769 3803 2824 et
3848 2770 4016 2825 tem-
4072 2774 4277 2820 Galen-1.

2512 2881 2686 2944 pora,
2728 2869 2792 2924 et
2838 2878 3072 2938 annos3
3105 2868 3168 2923 et
3216 2861 3469 2934 iterum,
3508 2860 3599 2923 Ne
3646 2861 4011 2942 tetigeritis,
4048 2842 4278 2946 '‘gohm,

2511 2979 2719 3042 neque
2750 2958 3175 3039 gustaverim,
3200 2977 3408 3041 neque
3439 2959 4006 3022 contrectaveritis
4038 2965 4106 3008 ²¹-

1052 3066 1281 3120 nostrae
1326 3077 1440 3141 per
1480 3059 1600 3121 hoc
1645 3058 1930 3121 studium
1969 3058 2283 3132 lectioniS,
2318 3058 2405 3120 fa—
2437 3054 2481 3118 C
2511 3061 2657 3133 Quae
2705 3059 2783 3120 de
2833 3057 3393 3139 superstitionibus
3446 3056 3602 3138 legis
3652 3056 3824 3119 dicta
3870 3077 4014 3120 esse

911 3156 1038 3219 cies
1078 3174 1332 3239 quoque
1377 3176 1488 3219 seu
1533 3158 1759 3220 notitia
1797 3158 2269 3239 Scripturarum
2315 3158 2406 3219 in-

911 3255 1106 3336 cipiet
1163 3254 1450 3317 innovari
1506 3257 1568 3317 in
1623 3255 1830 3330 nobiS‚
1881 3265 1942 3318 et
1998 3255 2405 3338 pulchritudo

909 3355 1268 3418 sacratioris
1327 3355 1761 3438 intelligentiae
1821 3375 1967 3419 cum
2027 3355 2405 3438 proficiente

912 3453 1224 3536 proficiet.
1260 3454 1459 3516 Decor
1503 3456 1738 3517 etenim
1791 3455 2261 3538 Scripturarum
2307 3472 2407 3516 co-

910 3559 1165 3634 aptatur
1212 3551 1543 3634 capacitati
1595 3572 1897 3615 sensuum
1953 3553 2401 3626 humanorum,

914 3652 999 3714 ita
1028 3659 1098 3712 ut
1129 3650 1454 3731 Scriptura
1482 3660 1699 3712 sancta
1726 3651 2015 3713 videatur
2045 3650 2406 3714 carnalibus

913 3769 1051 3812 esse
1084 3757 1354 3821 terrena,
1389 3748 1830 3830 spiritualibus
1860 3766 2011 3811 vero
2040 3749 2295 3811 divina:
2320 3749 2406 3810 ita

915 3856 981 3910 ut
1022 3849 1088 3910 hi
1133 3847 1368 3930 quibus
1412 3855 1596 3910 antea
1638 3847 1982 3929 apparebat
2027 3849 2255 3910 crassis
2300 3868 2409 3910 ne-

912 3947 1082 4009 bulis
1118 3945 1422 4019 involuta,
1455 3954 1772 4027 nequeant
1813 3945 2232 4008 subtilitatem
2266 3947 2406 4026 ejus

913 4045 1270 4129 concipere,
1332 4063 1449 4107 nec
1513 4043 1826 4124 fulgorem
1892 4044 2094 4127 ipsius
2157 4045 2409 4106 valeant

911 4145 1244 4208 sustinere.
1297 4144 1485 4206 Porro
1534 4151 1603 4204 ut
1659 4142 1778 4204 hoc
1829 4143 2042 4223 ipsum
2095 4142 2264 4225 quod
2314 4141 2408 4203 af-

2511 3176 2637 3220 non
2686 3156 2956 3220 dubium
3008 3162 3125 3232 est,
3176 3175 3333 3238 quas
3383 3155 3436 3217 si
3496 3157 3641 3238 quis
3688 3155 4011 3230 inciderit,

2513 3255 2735 3339 procul
2766 3255 2964 3318 dubio
3006 3255 3356 3318 moechatus
3395 3263 3492 3316 est
3522 3274 3559 3316 a
3588 3255 3857 3330 Christo,
3892 3275 4016 3318 nec

2513 3353 2593 3415 ab
2650 3353 2951 3434 Apostolo
3007 3352 3229 3415 audire
3292 3359 3573 3416 meretur
3624 3371 3637 3414 :
3690 3354 4013 3434 Despondi
4046 3368 4279 3415 nevum.

2512 3453 2685 3515 enim
2725 3470 2837 3514 vos
2878 3451 2988 3514 uni
3028 3451 3168 3514 viro
3206 3451 3520 3532 virginem
3560 3459 3799 3514 castam
3838 3453 4018 3515 exhi-

2514 3551 2663 3613 bere
2700 3550 2983 3629 Christ03
3016 3550 3125 3612 sed
3167 3549 3325 3612 illud
3368 3550 3535 3632 quod
3577 3552 3890 3632 sequitur,
3926 3551 4017 3613 di-

2516 3659 2694 3711 cetur
2723 3650 2801 3711 ad
2842 3668 2989 3711 eum
3028 3666 3185 3711 voce
3223 3648 3512 3728 ejusdem
3543 3648 3829 3732 Apostoli
3864 3668 3878 3712 :
3914 3649 4017 3712 Ti-
4090 3659 4197 3704 lasa.
4232 3665 4275 3706 ³:

2516 3767 2657 3810 meo
2686 3755 2920 3820 autem,
2941 3766 3020 3809 ne
3052 3746 3217 3810 sicut
3247 3766 3508 3830 serpens
3538 3748 3791 3830 decepit
3820 3749 4017 3810 Evam
4046 3725 4148 3769 ⁶⁶⁸·
4168 3728 4265 3772 ¹¹¹⁸·

2511 3847 2746 3909 astutia
2787 3864 2921 3920 sua,
2964 3846 3051 3907 ita
3099 3853 3588 3926 corrumpantur
3634 3865 3859 3908 sensus
3908 3865 4016 3907 ve-

2516 3947 2651 4020 stri,
2684 3953 2747 4009 et
2786 3945 3079 4007 excidant
3115 3964 3153 4006 a
3190 3943 3599 4027 simplicitate
3639 3963 3781 4026 quae
3819 3952 3917 4007 est
3950 3945 4016 4006 in

2517 4045 2765 4109 Christo
2820 4046 2986 4107 Jesu.
3044 4045 3311 4126 Insuper
3368 4042 3479 4124 qui
3538 4041 4015 4106 immunditiam

2517 4145 2710 4226 hujus
2742 4143 3179 4206 fornicationis
3209 4141 3531 4222 effugerit,
3549 4141 3811 4205 habebit
3841 4162 4021 4225 quar-

913 4246 1268 4317 firmamuS,
1313 4243 1543 4305 clarius
1596 4249 1804 4323 pateat
1854 4260 1968 4324 per
2015 4241 2404 4322 exemplum,
2438 4241 2488 4304 D
2518 4252 2647 4306 tam
2678 4261 2871 4325 quam
2910 4241 3133 4323 fugiat,
3165 4260 3307 4323 quae
3338 4248 3740 4324 perpetratur
3767 4240 4018 4304 haereti-

913 4362 1114 4405 unum
1141 4341 1577 4405 testimonium
1604 4339 1761 4422 legis
1792 4338 2076 4422 proferre
2106 4338 2405 4413 sufficiat,

916 4461 1029 4524 per
1070 4441 1238 4524 quod
1282 4440 1475 4502 etiam
1521 4438 1864 4522 probemus
1908 4445 2139 4499 cuncta
2181 4456 2410 4519 praece-

918 4547 1026 4622 pta
1075 4538 1356 4602 coelestia
1403 4538 1657 4599 extendi
1707 4538 1785 4599 ad
1834 4553 2022 4598 omne
2072 4535 2408 4599 hominum

918 4657 1118 4721 genus
1151 4636 1502 4698 secundum
1536 4653 1900 4697 mensuram
1932 4641 2131 4697 status
2161 4652 2403 4697 eorum.

999 4735 1320 4816 Scriptum
1363 4740 1458 4795 est
1496 4733 1667 4795 enim
1710 4732 1774 4794 in
1819 4733 1956 4814 lege
1991 4732 2174 4795 :Non
2216 4731 2411 4796 forni-

920 4833 1186 4897 caberiS.
1232 4832 1362 4895 Hoc
1405 4830 1744 4893 salubriter
1787 4830 2144 4894 custoditur
2185 4850 2408 4893 secun-

919 4934 1072 4996 dum
1115 4930 1474 5013 simplicem
1506 4928 1731 4992 litterae
1771 4947 1999 4992 sonum
2038 4930 2119 4993 ab
2150 4929 2409 4992 homine

917 5033 1124 5095 adhuc
1182 5031 1437 5092 detento
1488 5027 1892 5110 passionibus
1942 5028 2407 5091 obscenitatum

919 5112 1290 5194 carnalium.
1331 5128 1451 5191 Sed
1496 5145 1755 5190 necesse
1798 5134 1895 5189 est
1935 5126 2107 5189 istud
2151 5126 2410 5208 spiritu-

917 5229 1102 5291 aliter
1152 5224 1474 5289 observari
1531 5223 1612 5287 ab
1665 5223 1923 5286 homine
1978 5223 2090 5305 qui
2149 5222 2411 5286 recessit

920 5327 1001 5391 ab
1052 5343 1242 5409 opere
1295 5324 1415 5388 hoc
1467 5323 1801 5387 immundo
1850 5330 1914 5385 et
1967 5321 2206 5384 carnali
2254 5321 2410 5384 affe-

2519 4361 2608 4405 cae
2640 4340 2933 4424 pravitati
2964 4339 3440 4413 consentiendo,
3469 4340 3547 4401 de
3576 4357 3704 4421 qua
3729 4337 4021 4403 affirmat

2518 4439 2855 4521 Apostolus
2891 4456 2905 4501 ε
2941 4439 3071 4520 Ego
3113 4438 3246 4500 scio
3293 4437 3443 4519 quia
3491 4445 3635 4519 post
3683 4437 4021 4501 discessio·
4102 4449 4194 4492 Act·
4226 4459 4284 4492 u„

2518 4556 2667 4600 nem
2708 4555 2915 4598 meam
2957 4535 3285 4598 intrabunt
3325 4535 3393 4597 in
3433 4553 3547 4598 vos
3592 4536 3729 4618 lupi
3766 4554 4019 4617 graveS,
4051 4515 4195 4560 ²⁹³⁰*

2520 4655 2646 4700 non
2685 4641 3017 4718 parcentes
3056 4635 3252 4716 gregi,
3284 4643 3349 4696 et
3386 4653 3465 4696 ex
3502 4633 3685 4697 vobis
3722 4634 3877 4716 ipsis
3917 4654 4024 4698 ex-

2519 4742 2778 4816 surgent
2839 4733 2960 4796 viri
3023 4732 3353 4815 loquentes
3411 4751 3729 4814 perversa,
3788 4739 3856 4794 ut
3916 4735 4025 4796 ab·

2519 4835 2752 4896 ducant
2800 4831 3149 4913 discipulos
3201 4839 3343 4913 post
3393 4849 3480 4893 se.
3535 4829 3853 4894 Post-remo
3908 4833 4021 4915 qui

2521 4929 3005 4994 fornicationem
3057 4929 3245 4992 istam
3292 4928 3622 5010 abjecerit,
3674 4936 3891 4992 caveat
3942 4950 4023 4992 ne

2520 5026 2852 5090 subtiliore
2902 5033 3163 5107 peccato
3211 5024 3459 5088 labatur
3509 5025 3575 5087 in
3624 5025 3849 5088 vitium
3896 5025 4025 5090 for-

2520 5123 2857 5187 nicationis
2908 5143 3049 5206 quae
3090 5123 3210 5185 sita
3253 5130 3349 5186 est
3392 5122 3459 5185 in
3500 5123 3867 5206 evagatione
3923 5143 4025 5190 co-

2518 5221 2897 5304 gitationum
2947 5219 3485 5303 disti-actioneque
3528 5220 3755 5285 cordis.
3798 5220 4027 5286 Omnis

2520 5321 2694 5385 enim
2726 5319 3023 5402 cogitatio
3054 5337 3183 5383 non
3212 5319 3421 5383 solum
3446 5321 3675 5403 turpis,
3688 5321 3797 5384 sed
3826 5321 4021 5386 etiam
