4359 6267
122 1469 261 1516 Xan&
280 1486 344 1523 xv,

126 1536 174 1574 ss.

1102 503 1519 553 coLLATIONUM
1562 506 1646 551 SS.
1681 501 1925 551 PATRmt
1966 500 2140 549 mmm
2182 504 2220 549 1.
2268 522 2349 533 --
2391 502 2677 551 COLLATlo
2718 503 2778 550 1v

390 682 609 737 rerent
653 694 873 738 curam
915 676 1209 749 aliorum,
1252 676 1364 738 sed
1413 693 1528 737 nec
1580 674 1679 736 sui
1726 673 1966 757 ipso-A

384 792 555 834 rum.
578 773 946 837 Econtrario
973 783 1187 837 autem
1217 774 1454 848 evenit,
1480 782 1549 835 ut
1578 774 1731 835 dum
1764 772 1886 854 ipsi

386 871 713 934 Fratribus
753 892 1023 955 praeesse
1064 872 1385 946 festinant,
1421 890 1749 953 nunquam
1792 890 1885 933 se-

382 970 681 1033 nioribus
730 971 1157 1052 subjiciantur
1202 992 1216 1035 :
1262 980 1451 1053 atque
1500 990 1537 1033 a
1585 969 1885 1052 superbia

382 1068 787 1143 inchoantcS,
856 1071 1009 1132 dum
1074 1070 1232 1133 alios
1300 1088 1517 1151 regere
1586 1068 1881 1151 cupiunt,

382 1166 651 1248 ipsimet
707 1186 1035 1249 nunquam
1098 1175 1424 1230 merentur
1476 1167 1719 1229 discere
1777 1174 1885 1228 aut

378 1284 574 1345 agere
604 1286 745 1348 quae
776 1267 904 1328 Deo
938 1275 1087 1328 sunt
1117 1267 1386 1349 placita3
1418 1272 1641 1347 estque
1672 1284 1885 1327 neces-

379 1382 455 1423 se
509 1364 691 1444 juxta
744 1364 1083 1426 Salvatoris
1142 1364 1547 1438 sententiam,
1602 1371 1670 1425 ut
1729 1362 1882 1425 effe-

378 1462 472 1521 cti
508 1461 658 1524 caeci
690 1462 886 1524 duces
932 1480 1268 1538 caecorum,
1302 1462 1495 1525 simul
1531 1462 1597 1523 in
1632 1461 1881 1524 foveam

376 1559 629 1622 cadant.

460 1658 767 1742 Denique,
787 1660 1079 1742 quamvis
1108 1660 1193 1722 sit
1224 1679 1426 1722 unum
1454 1679 1655 1741 genus
1686 1660 1879 1742 hujus

372 1758 717 1838 superbiae,
752 1759 988 1841 duplex
1020 1767 1231 1822 tamen
1272 1766 1369 1821 est
1399 1760 1645 1841 species
1684 1759 1824 1840 ejus
1859 1777 1872 1819 :

3370 484 3488 553 183

2375 742 2880 807 CAPITULUM
2942 745 3129 808 XXI.

2030 932 2114 986 De
2143 931 2240 985 liis
2270 932 2378 1004 qui
2407 933 2761 1003 contemptis
2789 932 3050 1003 maqm's,
3082 937 3455 1004 occupantur

2578 1048 2646 1087 m
2671 1047 2910 1103 parvas.

2134 1264 2284 1327 UNC
2316 1263 2588 1346 qualiter
2625 1264 3020 1345 exprimatur
3060 1265 3219 1327 illud
3261 1265 3490 1328 ridicu-

2152 1362 2303 1435 lum,
2328 1364 2498 1444 quod
2528 1364 2834 1445 quosdam
2866 1363 3178 1437 videmuS,
3203 1364 3311 1445 qui
3346 1371 3489 1444 post

1993 1460 2310 1524 fervorem
2361 1462 2582 1542 primae
2630 1462 3116 1525 renuntiationis
3166 1482 3291 1544 qua
3349 1462 3490 1525 reli-

1993 1568 2271 1641 querunt
2311 1579 2411 1622 res
2452 1558 2798 1622 familiares
2838 1569 2947 1623 aut
2987 1562 3295 1643 plurimas
3334 1579 3486 1643 opes

1991 1666 2099 1719 aut
2142 1658 2510 1721 saecularem
2557 1658 2872 1733 militiam,
2914 1668 3103 1741 atque
3146 1660 3224 1722 ad
3273 1679 3484 1723 mona-

1992 1758 2258 1820 sterium
2299 1758 2704 1820 contulerunt
2735 1778 2800 1821 se
2834 1759 3025 1840 ipSOS,
3061 1768 3236 1822 tanto
3273 1762 3484 1823 studio

370 1874 505 1917 una
549 1876 689 1939 quae
726 1858 1061 1920 veritatem
1104 1865 1167 1919 et
1204 1858 1579 1938 gravitatem
1622 1876 1877 1939 semper
1914 1856 1959 1918 B
1990 1874 2127 1917 esse
2157 1857 2486 1919 devinctos
2527 1857 2592 1918 in
2623 1857 2744 1931 his,
2781 1858 2842 1920 id
2873 1866 2969 1919 est
2999 1866 3128 1920 tam
3169 1858 3484 1921 inordina-

368 1954 683 2015 mentitur
724 1974 837 2017 seu
880 1955 1174 2034 simulat3
1214 1956 1339 2018 alia
1378 1976 1519 2037 quae
1561 1954 1874 2019 effrenata

367 2052 665 2117 libertate
702 2055 1043 2118 resolvitur
1081 2056 1148 2118 in
1186 2056 1354 2119 risus
1396 2056 1733 2138 fatuosque
1774 2075 1872 2118 ca-

367 2152 661 2215 chinnos.
678 2154 754 2215 Et
779 2154 983 2236 prima
1011 2156 1257 2237 species
1286 2154 1704 2217 taciturnitati
1734 2173 1877 2216 con-

365 2250 623 2331 gaudet,
682 2252 817 2315 haec
876 2254 1155 2315 secunda
1212 2253 1590 2334 dedignatur
1644 2252 1872 2315 arctari

365 2349 648 2423 silentio,
674 2369 793 2413 nec
828 2350 1243 2414 confunditur
1276 2352 1516 2433 passim
1555 2352 1750 2413 etiam
1788 2351 1876 2412 in-

366 2455 521 2531 epta
558 2448 862 2531 proferre,
897 2451 1051 2512 dum
1091 2450 1411 2512 erubescit
1450 2450 1675 2513 ceteris
1718 2449 1874 2511 inse-

368 2546 503 2608 rior
550 2547 683 2610 sive
731 2548 1046 2611 indoctior
1100 2548 1393 2630 judicari.
1446 2548 1588 2611 Alia
1644 2548 1871 2610 harum

366 2646 733 2726 specierum
763 2665 841 2709 ex
871 2646 1141 2709 elatione
1181 2647 1383 2710 ambit
1415 2648 1749 2709 clericatus
1780 2645 1871 2709 οῖ-

367 2742 621 2819 ficium‚
652 2744 779 2807 alia
817 2746 1089 2827 despicit
1118 2745 1279 2808 illud
1310 2754 1612 2828 tanquam
1656 2746 1872 2808 incon-

366 2862 601 2923 gruum
630 2852 693 2905 et
724 2844 1059 2926 indignum
1098 2865 1229 2909 suae
1259 2845 1545 2928 pristinae
1574 2845 1869 2925 dignitati

366 2950 477 3003 aut
534 2942 703 3015 vitae,
763 2962 838 3005 ac
899 2944 1145 3006 meritis
1206 2962 1469 3007 suorum
1531 2944 1864 3006 natalium.

1990 1962 2047 2016 te
2107 1953 2286 2017 affici
2337 1956 2459 2025 his,
2511 1975 2652 2037 quae
2703 1956 2952 2037 penitus
3011 1956 3299 2020 abscindi
3354 1976 3480 2021 non

1986 2054 2219 2128 valent,
2271 2056 2381 2116 sed
2431 2055 2623 2135 hujus
2683 2054 3094 2137 professionis
3147 2073 3478 2119 conversa-

1983 2152 2141 2214 tioni
2184 2161 2333 2215 sunt
2363 2153 2737 2227 necessaria,
2773 2161 2841 2215 ut
2883 2154 2949 2215 in
2990 2153 3230 2216 affectu
3269 2163 3333 2217 et
3361 2156 3482 2217 sol-

1985 2250 2316 2314 licitudine
2371 2254 2599 2316 horum
2659 2260 2961 2335 superent
3009 2254 3372 2336 passionem
3419 2263 3483 2317 et

1982 2349 2391 2413 affectionem
2433 2352 2846 2434 pristinarum
2887 2353 3178 2414 omnium
3216 2352 3481 2415 faculta-

1983 2452 2166 2511 tum?
2207 2449 2448 2522 Quibus
2494 2450 2778 2532 profecto
2824 2451 3148 2513 modicum
3199 2452 3484 2534 proderit

1985 2548 2258 2630 maiores
2298 2566 2449 2629 opes
2494 2549 2832 2631 sprevisse,
2868 2550 3172 2631 quoniam
3210 2558 3482 2613 transtu-

1986 2647 2195 2709 lerunt
2243 2645 2512 2708 affectus
2571 2666 2791 2710 earum
2851 2647 2916 2709 in
2970 2667 3067 2711 res
3128 2668 3352 2731 parvas
3408 2669 3482 2712 ac

1982 2745 2176 2823 viles;
2219 2730 2420 2827 quum
2468 2753 2680 2807 tamen
2728 2755 2988 2828 propter
3037 2746 3473 2810 reformandos

1981 2852 2045 2905 et
2067 2844 2506 2925 exstirpandos
2538 2844 2679 2907 illos
2709 2844 2980 2907 affectus
3011 2846 3205 2907 etiam
3237 2864 3480 2927 magnae

1981 2961 2134 3024 opes
2184 2944 2312 3005 sint
2355 2944 2852 3007 contemnendae.
2896 2942 3053 3006 Nam
3097 2944 3331 3007 vitium
3377 2956 3482 3007 cu-

365 3041 647 3115 Quarum
685 3043 1132 3124 superbiarum
1173 3063 1315 3127 quae
1357 3043 1663 3106 consistat
1704 3044 1871 3105 dete·
1907 3042 1950 3105 C
1983 3041 2267 3123 piditatis
2331 3043 2501 3125 quod
2561 3061 2854 3105 exercere
2917 3051 3244 3125 nequeunt
3308 3044 3478 3107 circa

366 3140 519 3215 rior,
546 3140 845 3203 discutiat
872 3161 946 3204 ac
978 3142 1329 3224 perpendat
1360 3142 1868 3223 uniuscujusque

368 3257 659 3301 examen.
687 3239 849 3303 Sane
880 3260 1079 3302 unum
1109 3259 1184 3303 ac
1215 3241 1385 3303 idem
1421 3240 1869 3303 inobedientiae

364 3354 571 3417 genus
626 3346 724 3401 est
773 3338 1010 3401 violare
1069 3339 1415 3421 superioris
1474 3340 1865 3413 mandatum,

363 3442 476 3496 aut
506 3444 768 3520 propter
802 3437 1169 3499 instantiam
1199 3438 1433 3518 operis,
1466 3438 1568 3500 vel
1608 3446 1868 3520 propter

365 3532 759 3597 desiderium
800 3536 935 3609 otii,
968 3542 1031 3597 et
1059 3554 1239 3617 aeque
1269 3535 1751 3617 dispendiosum
1790 3534 1870 3598 si-

366 3649 447 3693 ve
492 3632 794 3695 nocivum
838 3641 934 3695 est
974 3640 1209 3695 statuta
1258 3634 1623 3697 monasterii
1668 3642 1869 3697 trans-

364 3731 546 3811 gredi
605 3740 866 3814 propter
920 3751 1218 3795 somnum
1276 3740 1338 3797 et
1395 3741 1655 3815 propter
1713 3734 1867 3815 vigi-

366 3828 525 3891 liam
576 3848 590 3893 :
643 3829 729 3891 ita
776 3831 946 3911 quod
1002 3837 1251 3893 tantum
1307 3838 1405 3893 est
1461 3832 1863 3913 praevaricari

364 3926 617 3990 abbatis
666 3929 1034 3992 mandatum
1084 3937 1153 3991 ut
1201 3930 1500 4006 dormiaS,
1553 3939 1865 4012 quantum

366 4034 440 4086 ut
488 4026 735 4107 vigiles,
779 4046 897 4089 nec
944 4029 1107 4091 alius
1154 4029 1473 4110 superbiae
1520 4030 1724 4093 fomes
1770 4038 1865 4092 est

366 4142 669 4205 spernere
708 4126 988 4189 Fratrem
1033 4134 1292 4209 propter
1333 4127 1657 4209 jejunium
1700 4129 1862 4210 ejuS,

1983 3141 2260 3221 pretiosa
2302 3150 2364 3204 et
2409 3160 2654 3223 magna,
2697 3141 2972 3204 retinent
3017 3142 3186 3204 circa
3226 3142 3482 3205 viliores

1984 3239 2278 3302 materias
2314 3258 2327 3301 ε
2364 3259 2476 3323 per
2519 3241 2689 3322 quod
2735 3242 3206 3303 demonstratur
3245 3259 3311 3303 se
3354 3258 3481 3304 non

1980 3338 2351 3412 abscidisse,
2376 3340 2486 3401 sed
2518 3346 2942 3401 commutasse
2974 3339 3309 3421 pristinam
3342 3359 3481 3421 pas-

1980 3439 2244 3500 sionem.
2276 3438 2604 3519 Siquidem
2636 3438 2834 3499 nimia
2865 3456 3018 3500 cura
3048 3437 3275 3500 intenti
3307 3439 3476 3501 circa

1978 3537 2367 3619 sportellam,
2415 3536 2780 3610 saccellum,
2826 3537 3134 3609 codicem,
3185 3544 3467 3611 mattam,

1979 3642 2043 3697 et
2082 3634 2461 3709 consimilia,
2496 3636 2790 3717 quamvis
2828 3634 3161 3708 vilissima,
3196 3635 3480 3697 detinen-

1979 3741 2083 3796 tur
2117 3735 2338 3796 eadem
2380 3734 2646 3796 libidine
2686 3752 2797 3796 seu
2841 3734 3198 3796 inordinata
3237 3732 3479 3796 affecti-

1978 3850 2098 3896 one
2136 3841 2200 3895 et
2239 3832 2655 3894 delectatione
2704 3851 2831 3914 qua
2878 3840 3062 3895 ante:
3091 3832 3240 3905 Quae
3283 3832 3474 3895 etiam

1977 3940 2151 3995 'tanta
2217 3932 2618 3995 aemulatione
2687 3931 3054 3993 custodiunt
3114 3949 3189 3993 ac
3255 3931 3474 3993 defen-

1979 4031 2158 4106 dunt,
2195 4038 2263 4092 ut
2295 4048 2419 4093 non
2450 4029 2828 4092 erubescant
2859 4037 3119 4112 propter
3149 4049 3222 4092 ea
3252 4036 3470 4092 contra

1978 4130 2256 4191 Fratrem
2306 4129 2494 4191 irasci
2548 4146 2561 4190 :
2617 4128 2766 4201 imo,
2818 4128 2986 4210 quod
3045 4128 3295 4209 turpius
3354 4135 3470 4202 est,

364 4232 479 4285 aut
508 4232 767 4307 propter
804 4224 1216 4288 refectionem
1258 4226 1498 4307 ipsius3
1542 4228 1664 4289 nisi
1696 4228 1863 4309 quod
1896 4232 1945 4292 D
1975 4228 2169 4289 etiam
2202 4227 2466 4308 litigare.
2501 4227 2568 4289 In
2602 4226 2835 4308 quibus
2873 4226 3080 4288 adhuc
3114 4226 3472 4289 laborantes

366 4324 824 4405 perniciosiora
868 4331 931 4386 et
978 4344 1017 4386 a
1062 4325 1361 4388 remediis
1421 4326 1704 4407 longiora
1751 4346 1863 4389 seu

366 4422 822 4486 incurabiliora
860 4430 1009 4486 sunt
1046 4424 1203 4486 vitia
1242 4443 1383 4506 quae
1421 4433 1769 4506 erumpunt
1801 4433 1865 4487 et

365 4519 539 4583 fiunt
568 4521 687 4585 sub
718 4523 933 4605 specie
962 4525 1299 4606 coloreque
1330 4524 1641 4587 virtutum
1671 4533 1861 4607 atque

370 4619 647 4701 imagine
675 4622 1107 4704 spiritualium
1139 4640 1372 4697 rerum,
1392 4642 1585 4705 quam
1616 4642 1691 4686 ea
1721 4643 1864 4706 quae

367 4726 587 4801 aperte
632 4720 981 4801 gignuntur
1028 4739 1105 4783 ex
1148 4722 1471 4784 voluntate
1523 4723 1759 4784 carnali
1801 4731 1864 4784 et

370 4835 568 4898 prava
612 4818 841 4881 radice.
884 4818 1028 4882 Haec
1078 4819 1251 4882 enim
1292 4827 1596 4901 tanquam
1646 4829 1863 4901 aperta

370 4915 541 4977 mala
579 4934 652 4978 ac
690 4916 989 4999 languida
1028 4926 1380 4999 arguuntur
1423 4918 1611 4981 citius
1654 4926 1716 4980 et
1760 4938 1866 4982 cu-

370 5020 594 5075 rantur
647 5015 954 5095 celerius;
1004 5016 1112 5078 illa
1169 5034 1321 5079 vero
1376 5024 1679 5098 tanquam
1739 5018 1859 5080 sub

369 5100 585 5175 colore
612 5114 921 5177 virtutum
950 5122 1270 5197 teguntur,
1304 5116 1592 5177 incurata
1631 5118 1865 5198 perdu-

370 5216 541 5283 rant,
569 5209 936 5293 faciuntque
978 5211 1275 5294 deceptos
1326 5213 1747 5295 periculosius
1789 5233 1865 5277 ac

372 5308 764 5391 desperatius
807 5317 1130 5392 aegrotare.

630 5444 692 5498 Τ.
728 5444 807 5497 27.

1976 4326 2349 4406 aegritudine
2397 4324 2680 4407 pristinae
2722 4324 3113 4405 cupiditatiS,
3149 4342 3277 4388 non
3321 4333 3471 4387 sunt

1976 4423 2256 4486 contenti
2297 4423 2529 4485 habere
2560 4422 2912 4485 secundum
2954 4440 3321 4485 mensuram
3362 4443 3476 4485 nu-

1978 4541 2354 4604 merumque
2384 4540 2792 4585 communem
2832 4522 2950 4584 ista
2981 4541 3124 4603 quae
3161 4541 3312 4585 usus
3343 4541 3476 4585 cor-

1976 4622 2146 4703 poris
2187 4621 2320 4684 sive
2359 4620 2702 4683 necessitas
2755 4620 3139 4684 monachum
3180 4621 3350 4703 cogit
3393 4630 3478 4684 te-

1975 4738 2123 4782 nere
2144 4738 2158 4782 ε
2180 4720 2241 4781 in
2270 4719 2390 4782 hoc
2416 4737 2665 4801 quoque
2699 4726 3114 4782 monstrantes
3145 4720 3474 4782 avaritiam

1976 4818 2075 4881 sui
2113 4818 2345 4891 cordiS,
2380 4836 2580 4899 quum
2619 4836 2693 4879 ea
2731 4817 2966 4899 quibus
3005 4817 3313 4899 indigent,
3348 4826 3476 4880 stu-

1975 4918 2127 4979 dent
2157 4916 2477 4999 copiosius
2519 4916 2842 4998 possidere
2883 4935 3076 4998 quam
3117 4918 3333 4991 ceteri,
3370 4918 3471 4979 vel

1977 5016 2238 5078 modum
2282 5014 2626 5096 diligentiae
2669 5015 3067 5088 excedenteS,
3101 5015 3468 5077 custodiunt

1973 5133 2050 5178 ea
2088 5114 2474 5197 peculiarius
2513 5121 2704 5195 atque
2741 5112 3065 5187 attentiuS‚
3099 5120 3162 5175 et
3198 5114 3280 5175 ah
3318 5113 3471 5176 alio-

1977 5233 2119 5277 rum
2169 5220 2465 5277 contactu
2509 5218 2574 5274 et
2611 5231 2731 5274 usu
2781 5230 2854 5273 ea
2902 5219 3286 5294 praeservant
3327 5230 3471 5293 quae

1976 5313 2211 5375 debent
2260 5311 2576 5375 universis
2625 5307 2946 5372 Fratribus
3004 5327 3142 5373 esse
3191 5328 3474 5375 commu-

3165 5443 3228 5495 12
