4359 6267
617 968 793 1013 nauh,
813 981 868 1018 vi,

607 1035 673 1075 34.

607 1265 671 1307 Ie.
685 1277 794 1314 tvm,
807 1265 870 1314 13,

610 1331 670 1370 u.

640 2552 807 2596 Thr-en.
819 2565 876 2604 m,

610 2617 677 2665 27,
700 2617 768 2658 28.

609 2847 690 2894 Pe.
706 2861 759 2898 ct,
772 2851 812 2898 7,
831 2849 871 2891 8.

897 473 1017 538 360

1579 492 1996 540 COLLATIONUH
2037 493 2122 540 SS.
2157 493 2402 538 PA'rmm
2443 492 2619 537 LIBER
2661 492 2723 537 11.
2770 511 2851 520 --
2890 493 3176 541 COLLATIO
3216 494 3325 539 xlx

987 661 1160 724 Finis
1205 663 1538 728 coenobitae
1581 672 1676 727 est
1719 663 2108 727 mortificare
2157 671 2220 726 et
2260 682 2399 726 cru·
2430 661 2481 724 A
2508 670 2740 742 tatem3
2789 664 3085 746 quamvis
3142 664 3342 727 sciam
3398 664 3693 727 abbatem
3750 663 4025 746 Moysen

898 760 1157 841 cifigere
1189 780 1410 826 omnes
1444 764 1732 846 proprias
1764 763 2144 836 voluntates,
2169 769 2233 824 et
2259 762 2402 843 jux—

899 865 962 920 ta
1016 861 1396 941 evangelicae
1448 861 1858 944 perfectionis
1915 861 2168 923 salubre
2226 879 2402 922 man-

899 956 1134 1032 datum,
1185 959 1347 1020 nihil
1400 961 1674 1041 cogitare
1728 960 1806 1022 de
1860 959 2150 1022 crastino.
2208 959 2401 1032 Quam

901 1055 1360 1137 perfectionem
1420 1059 1851 1121 certissimum
1911 1066 2008 1120 est
2067 1058 2394 1120 neminem

902 1172 1086 1236 posse
1113 1157 1381 1239 implere
1407 1158 1528 1220 nisi
1558 1157 1961 1221 coenobitam.
1989 1157 2181 1230 Quem
2208 1156 2397 1219 Isaias

899 1253 1288 1329 describens,
1330 1256 1417 1318 ita
1462 1256 1786 1318 beatificat
1831 1264 1893 1318 et
1931 1256 2248 1319 collaudat
2280 1272 2293 1316 :
2330 1254 2393 1318 Si

899 1355 1202 1416 averteris
1251 1374 1288 1416 a
1335 1355 1598 1418 sabbato
1647 1356 1874 1438 pedem
1925 1363 2131 1428 tuum,
2187 1353 2392 1417 facere

898 1451 1291 1515 voluntatem
1341 1461 1516 1516 tuam
1571 1455 1636 1516 in
1686 1455 1790 1516 die
1843 1461 2064 1516 sancto
2113 1470 2277 1526 me0,
2330 1458 2395 1514 et

897 1550 1358 1631 glorificaveris
1409 1554 1631 1626 Deum,
1678 1553 1831 1615 dum
1882 1571 2009 1615 non
2057 1551 2215 1614 facis
2259 1551 2395 1612 vias

900 1657 1061 1724 tuaS,
1096 1658 1159 1712 et
1197 1668 1324 1712 non
1365 1650 1688 1713 invenitur
1716 1651 2009 1714 voluntas
2050 1658 2159 1712 tua
2198 1657 2267 1712 ut
2309 1650 2395 1712 lo-

898 1749 1113 1830 quaris
1145 1767 1525 1823 sermonem,
1559 1758 1713 1812 tunc
1744 1749 2160 1812 delectaberis
2205 1767 2398 1830 super

2506 769 2697 844 atque
2738 762 3167 844 Paphnutium
3210 772 3273 825 et
3316 763 3474 826 duos
3522 762 3825 826 Macarios
3869 779 4027 844 pos-

2508 859 2747 922 sedisse
2802 869 3137 942 utramque
3195 860 3673 942 perfectionem.
3726 861 3887 922 Nam
3956 860 4025 920 in

2509 965 2776 1041 utraque
2816 959 3209 1041 professione
3243 967 3372 1022 tam
3416 958 3679 1043 perfecti
3722 959 4021 1030 fuerunt,

2509 1063 2580 1117 ut
2628 1075 2829 1138 quum
2888 1058 3256 1120 secederent
3308 1058 3474 1120 ultra
3529 1076 3750 1121 omnes
3790 1056 4023 1118 -eremi

2510 1153 2916 1230 habitatores,
2970 1165 3032 1217 et
3092 1156 3538 1218 insatiabiliter
3597 1163 4023 1237 pascerentur

2510 1253 2874 1316 solitudinis
2924 1273 3103 1317 sacro
3150 1263 3416 1330 secrete,
3468 1262 3530 1318 et
3577 1261 3895 1337 quantum
3950 1253 4020 1314 in

2510 1351 2668 1432 ipsis
2710 1361 2865 1427 erat,
2908 1372 3309 1436 nequaquam
3353 1354 3747 1436 requirerent
3790 1353 4023 1415 huma-

2510 1469 2593 1511 na
2650 1451 2916 1530 solatia3
2969 1452 3055 1513 ita
3110 1460 3324 1515 tamen
3385 1453 3827 1515 sustinuerunt
3885 1450 4018 1512 fre-

2510 1550 2837 1629 quentiam
2898 1559 2961 1612 et
3021 1549 3427 1613 infirmitates
3485 1550 4017 1613 concurrentium

2510 1647 2587 1707 ad
2637 1666 2727 1720 se,
2771 1657 2841 1709 ut
2888 1668 3089 1730 quum
3137 1651 3217 1712 ad
3264 1666 3371 1712 eos
3420 1648 3773 1711 conflueret
3824 1649 4017 1710 innu—

2512 1763 2685 1807 mera
2716 1746 3055 1810 multitudo
3081 1748 3365 1810 Fratrum
3396 1747 3597 1829 gratia
3624 1746 4015 1808 visitationis

900 1846 1190 1922 Domin0,
1223 1857 1286 1910 et
1315 1849 1643 1910 sustollam
1677 1857 1738 1910 te
1769 1866 1962 1929 super
1989 1846 2393 1910 altitudinem
2433 1847 2481 1910 B
2509 1844 2643 1906 sive
2704 1844 3047 1927 profectus,
3110 1847 3449 1909 tolerantes
3516 1845 3832 1908 immobili
3904 1864 4015 1927 pa-

901 1953 1102 2020 terne,
1137 1954 1199 2008 et
1228 1947 1457 2010 cibabo
1495 1954 1556 2008 ‘te
1589 1947 1936 2008 hereditate
1974 1945 2165 2008 Jacob
2200 1943 2396 2026 patris

901 2043 1036 2123 tui3
1077 2062 1148 2107 os
1195 2045 1370 2107 enim
1417 2045 1666 2108 Domini
1717 2045 2000 2107 locutum
2051 2053 2164 2106 est.
2209 2045 2398 2106 Porro

903 2142 1210 2224 perfectio
1262 2163 1375 2206 seu
1427 2143 1580 2205 finis
1633 2142 1915 2206 eremitae
1967 2150 2060 2204 est
2116 2147 2397 2204 mentem

901 2240 1134 2303 habere
1173 2250 1426 2304 exutam
1457 2261 1494 2304 a
1525 2242 1772 2303 cunctis
1805 2240 2094 2313 terrenis,
2126 2257 2398 2319 eamque

905 2339 1154 2402 Christo
1191 2340 1397 2414 unire,
1434 2349 1744 2422 quantum
1787 2338 2195 2401 imbecillitas
2245 2337 2400 2399 sinit

903 2438 1200 2500 humana.
1222 2439 1416 2512 Quem
1442 2439 1646 2500 virum
1669 2437 1972 2500 Jeremias
2005 2436 2394 2510 describens,

905 2536 1153 2610 Beatus,
1189 2537 1418 2619 inquit,
1441 2537 1540 2599 vir
1569 2537 1680 2618 qui
1711 2536 1859 2597 tulit
1883 2535 2111 2617 jugum
2144 2533 2398 2596 Domini

904 2634 984 2696 ab
1022 2635 1446 2698 adolescentia
1490 2655 1604 2697 sua
1637 2653 1651 2696 ε
1689 2634 1934 2697 sedebit
1973 2633 2293 2696 solitarius
2334 2639 2399 2694 et

905 2733 1158 2808 tacebit,
1201 2733 1353 2816 quia
1391 2734 1624 2796 levavit
1667 2752 1733 2795 se
1773 2751 1964 2815 super
2001 2750 2111 2811 se;
2143 2730 2400 2793 Psalmi-

903 2841 1000 2895 sta
1041 2851 1318 2915 quoque,
1371 2832 1636 2906 Similis,
1686 2831 1795 2905 ait,
1843 2831 2048 2893 factus
2097 2849 2241 2892 sum
2291 2848 2397 2911 pe·

900 2931 1108 2994 licano
1150 2931 1545 3009 solitudinis3
1581 2929 1863 3011 vigilavi,
1903 2936 1966 2991 et
2007 2928 2214 2990 factus
2253 2947 2397 2990 sum

899 3028 1064 3090 sicut
1103 3048 1320 3111 passer
1351 3029 1672 3092 solitarius
1704 3028 1769 3090 in
1801 3035 1985 3089 tecto,
2020 3027 2237 3108 ltaque
2270 3025 2393 3088 nisi
2433 3027 2477 3091 C

896 3137 1024 3190 tam
1072 3128 1390 3192 coenobita
1431 3146 1624 3211 quam
1672 3127 1938 3189 eremita
1986 3123 2395 3207 pervenerint

895 3228 974 3288 ad
1018 3226 1217 3290 finem
1263 3246 1451 3289 suum
1492 3227 1626 3307 jam
1667 3233 1932 3299 tactum,
1975 3222 2211 3286 frustra
2255 3242 2396 3305 pro-

895 3327 1047 3389 fessi
1106 3334 1254 3389 sunt
1321 3325 1726 3408 disciplinam
1785 3321 2191 3386 anachoresis
2259 3321 2393 3384 sive

896 3424 1194 3499 caenobii,
1243 3443 1444 3506 quum
1494 3423 1708 3485 nullus
1757 3441 1978 3485 eorum
2030 3419 2393 3501 impleverit

897 3524 1197 3586 virtutem
1243 3542 1372 3586 suae
1415 3520 1848 3605 professionis

1307 3779 1810 3844 CAPITULUM
1859 3779 1983 3842 IX.

992 3922 1078 3978 De
1105 3935 1251 3977 vera
1277 3918 1787 3976 consummatione
1813 3934 1886 3973 ac
1905 3916 2300 3990 perfectione.

1033 4120 1510 4185 ERUMTAMEN
1557 4120 1678 4182 ista
1726 4136 1852 4180 non
1903 4125 1998 4179 est
2048 4117 2292 4196 integra
2331 4123 2396 4178 et

2514 1941 2731 2004 tientia
2780 1951 2908 2005 tam
2967 1945 3432 2007 indesinentem
3492 1943 4013 2026 inquietudinem

2507 2041 2967 2116 visitationum,
3003 2043 3411 2106 crederentur
3440 2050 3572 2106 toto
3602 2051 3890 2124 tempore
3921 2041 4017 2103 vi-

2507 2146 2587 2201 tae
2636 2159 2765 2203 suae
2816 2141 2910 2202 nil
2960 2141 3131 2204 aliud
3186 2141 3485 2204 didicisse
3530 2149 3644 2204 aut
3692 2141 4015 2204 exercuis—

2508 2255 2597 2310 se,
2622 2257 2815 2320 quam
2845 2240 3167 2303 deservire
3197 2240 3495 2302 omnibus
3524 2239 4011 2302 advenientium

2508 2337 2859 2399 commodis
2918 2346 3108 2420 atque
3156 2337 3448 2401 officiis:
3500 2337 3587 2399 ita
3634 2345 3705 2399 ut
3756 2337 4011 2399 cunctis

2505 2443 2675 2496 esset
2702 2435 3076 2517 ambiguum
3108 2437 3175 2498 in
3205 2456 3329 2518 qua
3370 2436 3763 2520 professione
3794 2445 4013 2499 essent

2507 2533 2939 2615 perfectioreS,
2967 2536 3088 2597 hoc
3118 2544 3236 2610 est,
3270 2543 3483 2610 utrum
3516 2536 4011 2616 magnanimitas

2507 2648 2728 2693 eorum
2768 2631 3126 2695 mirabilius
3162 2640 3485 2714 aptaretur
3524 2633 3591 2694 in
3631 2633 3743 2695 illa
3776 2633 4011 2695 eremi-

2506 2729 2631 2791 tica
2661 2729 3053 2813 puritate,an
3085 2731 3151 2792 in
3183 2731 3661 2795 conversatione
3690 2732 3814 2795 ista
3844 2749 4014 2795 com-

2507 2847 2707 2891 mum.

2924 3021 3426 3086 CAPITULUM
3492 3023 3579 3086 X.

2618 3152 2705 3207 De
2737 3150 2835 3206 his
2864 3152 2975 3224 qui
3004 3151 3346 3225 imperfecti
3373 3168 3631 3210 eremum
3651 3158 3888 3225 petunt.

2512 3319 2876 3486 SOLENT
2906 3323 3199 3385 nonnulli
3234 3324 3321 3385 ita
3350 3322 3605 3385 efferari
3636 3322 4007 3385 inhumani-

2646 3440 2770 3502 que
2804 3421 2947 3483 fieri
2984 3421 3241 3484 silentio
3274 3421 3637 3484 solitudinis
3671 3422 4004 3496 diuturno,

2502 3525 2573 3581 ut
2612 3538 2871 3601 prorsus
2910 3519 3293 3582 abhorreant
3330 3521 3609 3582 humana
3647 3520 4007 3598 consortia;

2502 3636 2831 3700 quumque
2869 3618 3333 3680 interveniente
3374 3619 3663 3680 Fratrum
3695 3618 4011 3680 visitatio-

2502 3735 2604 3790 ne,
2638 3717 3047 3779 discesserint
3076 3717 3409 3799 paululum
3442 3737 3479 3778 a
3508 3725 3753 3780 secreto
3782 3717 4007 3779 solitu-

2503 3815 2673 3877 dinis
2714 3835 2865 3890 suae,
2898 3823 3166 3878 aestuant
3198 3815 3463 3878 notabili
3506 3815 3739 3878 mentis
3766 3833 4005 3897 angore

2503 3921 2566 3974 et
2594 3913 3094 3976 evidentissimis
3133 3913 3681 3996 pusillanimitatis
3723 3913 4001 3976 indiciis.

2504 4013 2680 4086 Quod
2720 4012 2976 4075 evenire
3018 4013 3291 4075 maxime
3326 4013 3487 4075 solet
3516 4011 3596 4075 iis
3624 4012 3739 4095 qui
3778 4012 4006 4074 imma-

2504 4119 2647 4174 turo
2690 4111 3006 4174 desiderio
3055 4111 3513 4174 transtulerunt
3556 4130 3623 4174 se
3665 4112 3745 4174 ad
3794 4111 4009 4174 solita-

1046 4221 1111 4283 in
1142 4219 1442 4283 omnibus
1473 4225 1912 4281 consummata
1937 4214 2260 4297 perfecti0‚
2283 4215 2393 4276 sed
2423 4216 2472 4278 D
2504 4209 2666 4272 riam
2697 4209 2915 4284 vitam,
2949 4210 3223 4272 necdum
3264 4210 3545 4292 perfecte
3585 4211 3649 4272 in
3691 4209 4005 4273 coenobiis

893 4338 1039 4401 pars
1089 4318 1249 4399 ejus.
1303 4317 1545 4379 Idcirco
1605 4313 1916 4398 perfectio
1963 4332 2102 4375 rara
2159 4321 2277 4388 est,
2328 4320 2392 4375 et

893 4435 1020 4480 non
1052 4417 1176 4479 nisi
1206 4415 1611 4499 paucissimis
1642 4414 1806 4476 dono
1838 4413 1948 4474 Dei
1983 4429 2301 4474 concessa.
2334 4411 2392 4473 Is

893 4515 1066 4578 enim
1097 4533 1245 4578 vere
1275 4521 1338 4576 et
1368 4531 1495 4576 non
1527 4513 1759 4596 partim
1791 4511 2112 4594 perfectus
2143 4518 2260 4585 est,
2280 4510 2391 4592 qui

891 4614 1120 4696 aequali
1179 4611 1700 4693 magnanimitate
1759 4615 2070 4672 sustentat
2119 4607 2392 4670 infirmi-

892 4719 1052 4774 tates
1105 4712 1393 4774 Fratrum
1452 4709 1518 4771 in
1568 4709 1863 4783 claustro,
1915 4715 1979 4769 et
2028 4707 2393 4770 solitudinis

895 4810 1255 4893 squalorem
1297 4809 1362 4871 in
1401 4824 1635 4870 eremo.
1669 4807 1830 4869 Hinc
1869 4804 2138 4868 difficile
2171 4812 2270 4868 est
2300 4805 2393 4867 in-

895 4909 1101 4972 veniri
1146 4928 1260 4991 per
1301 4908 1516 4971 omnia
1560 4912 2070 4969 consummatum
2117 4903 2181 4965 in
2229 4911 2395 4966 utra-

897 5029 1022 5092 que
1065 5008 1480 5092 professione,
1522 5005 1676 5088 quia
1719 5023 1836 5067 nec
1880 5002 2259 5070 anachoreta
2299 5022 2395 5064 as-

897 5108 1078 5191 sequi
1128 5114 1334 5191 potest
1379 5110 1818 5185 contemptum
1859 5120 1932 5164 ac
1972 5101 2395 5183 privationem

896 5207 1188 5269 omnium
1242 5205 1640 5276 facultatum,
1697 5220 1816 5264 nec
1879 5199 2197 5264 coenobita
2251 5217 2397 5262 con-

897 5306 1081 5390 sequi
1122 5304 1291 5368 valet
1330 5305 1410 5368 ad
1453 5303 1772 5384 integrum
1824 5299 2172 5363 theoricam
2221 5297 2393 5381 puri-

2507 4308 2803 4382 instituti‚
2836 4327 2956 4371 nec
2998 4327 3033 4370 e
3079 4308 3401 4391 prioribus
3444 4307 3619 4370 vitiis
3668 4309 3857 4390 plene
3899 4327 4006 4370 ex—

2506 4408 2669 4470 cocti
2721 4426 2735 4469 :
2787 4407 2900 4490 qui
2960 4407 3025 4470 in
3084 4415 3353 4490 utraque
3402 4416 3579 4489 parte
3637 4407 4001 4491 imperfecti

2505 4525 2759 4589 semper
2794 4525 2869 4569 ac
2900 4506 3178 4588 fragiles,
3212 4506 3601 4569 inclinantur
3638 4507 3791 4568 hinc
3826 4507 3999 4580 inde,

2504 4623 2909 4688 quocumque
2956 4623 3110 4667 aura
3152 4605 3597 4668 commotionis
3646 4604 3998 4687 impulerit.

2504 4704 3047 4779 Quemadmodum
3086 4703 3260 4765 enim
3294 4703 3702 4786 impatienter
3738 4711 4004 4766 exaestu-

2504 4811 2613 4865 ant
2651 4803 2968 4865 consortio
3012 4801 3647 4884 interpellationeque
3686 4801 4001 4876 Fratrum,

2506 4902 2593 4963 ita
2635 4902 2703 4963 in
2748 4901 3089 4963 solitudine
3134 4901 3574 4974 consistenteS,
3615 4917 3744 4963 non
3786 4900 4005 4963 ferunt

2504 5000 2863 5063 vastitatem
2907 4998 3144 5061 silentii
3190 4999 3360 5081 quod
3402 4999 3761 5081 requirunt,
3798 5018 4003 5080 quum

2508 5100 2798 5180 ignorent
2836 5097 3145 5160 rationem
3186 5115 3301 5158 cur
3330 5096 3604 5160 solitudo
3643 5097 3873 5160 debeat
3900 5099 4006 5160 de-

2507 5197 2771 5260 siderari
2829 5204 2938 5259 aut
2994 5196 3244 5277 expeti3
3295 5196 3406 5258 sed
3464 5196 3783 5258 aestimant
3837 5195 4003 5259 hanc

2506 5315 2646 5359 esse
2696 5313 3013 5358 summam
3070 5314 3183 5357 seu
3236 5293 3696 5377 perfectionem
3745 5294 4003 5358 virtutis
