<?xml version="1.0" encoding="UTF-8"?>
<!DOCTYPE html PUBLIC "-//W3C//DTD XHTML 1.0 Transitional//EN"
    "http://www.w3.org/TR/xhtml1/DTD/xhtml1-transitional.dtd">
<html xmlns="http://www.w3.org/1999/xhtml" xml:lang="en" lang="en">
 <head>
  <title>
</title>
<meta http-equiv="Content-Type" content="text/html;charset=utf-8" />
  <meta name='ocr-system' content='tesseract 3.04.00' />
  <meta name='ocr-capabilities' content='ocr_page ocr_carea ocr_par ocr_line ocrx_word'/>
</head>
<body>
  <div class='ocr_page' id='page_1' title='image "./doctorisecstati03denigoog_0021.png"; bbox 0 0 4359 6267; ppageno 0'>
   <div class='ocr_carea' id='block_1_1' title="bbox 968 1218 2933 1344">
    <p class='ocr_par' dir='ltr' id='par_1_1' title="bbox 968 1218 2933 1344">
     <span class='ocr_line' id='line_1_1' title="bbox 968 1218 2933 1344; baseline 0.002 -4"><span class='ocrx_word' id='word_1_1' title='bbox 968 1222 1114 1340; x_wconf 92' lang='lat' dir='ltr'><strong>D.</strong></span> <span class='ocrx_word' id='word_1_2' title='bbox 1233 1219 1981 1344; x_wconf 88' lang='lat' dir='ltr'><strong>DIONYSII</strong></span> <span class='ocrx_word' id='word_1_3' title='bbox 2095 1218 2933 1343; x_wconf 87' lang='lat' dir='ltr'><strong>PRAEFATIO</strong></span> 
     </span>
    </p>
   </div>
   <div class='ocr_carea' id='block_1_2' title="bbox 1685 1542 2218 1555">
    <p class='ocr_par' dir='ltr' id='par_1_2' title="bbox 1685 1542 2218 1555">
     <span class='ocr_line' id='line_1_2' title="bbox 1685 1542 2218 1555; baseline 0 0"><span class='ocrx_word' id='word_1_4' title='bbox 1685 1542 2218 1555; x_wconf 95' lang='lat' dir='ltr'><strong> </strong></span> 
     </span>
    </p>
   </div>
   <div class='ocr_carea' id='block_1_3' title="bbox 395 1886 3831 5395">
    <p class='ocr_par' dir='ltr' id='par_1_3' title="bbox 395 1886 3831 5395">
     <span class='ocr_line' id='line_1_3' title="bbox 661 1886 3501 1965; baseline 0 -14"><span class='ocrx_word' id='word_1_5' title='bbox 661 1889 1166 1951; x_wconf 79' lang='lat' dir='ltr'><strong><em>ECLARATIO</em></strong></span> <span class='ocrx_word' id='word_1_6' title='bbox 1215 1901 1647 1951; x_wconf 70' lang='lat' dir='ltr'><strong>Semnonum</strong></span> <span class='ocrx_word' id='word_1_7' title='bbox 1697 1887 2000 1949; x_wconf 78' lang='lat' dir='ltr'><strong>tuorum</strong></span> <span class='ocrx_word' id='word_1_8' title='bbox 2052 1886 2457 1961; x_wconf 72' lang='lat' dir='ltr'><strong>illuminat,</strong></span> <span class='ocrx_word' id='word_1_9' title='bbox 2514 1888 2586 1950; x_wconf 84' lang='lat' dir='ltr'><strong>et</strong></span> <span class='ocrx_word' id='word_1_10' title='bbox 2638 1889 3092 1951; x_wconf 76' lang='lat' dir='ltr'><strong>intellectum</strong></span> <span class='ocrx_word' id='word_1_11' title='bbox 3142 1891 3272 1953; x_wconf 80' lang='lat' dir='ltr'><strong>dat</strong></span> <span class='ocrx_word' id='word_1_12' title='bbox 3311 1904 3501 1965; x_wconf 76' lang='lat' dir='ltr'><strong>par-</strong></span> 
     </span>
     <span class='ocr_line' id='line_1_4' title="bbox 687 1992 1512 2072; baseline -0.007 -12"><span class='ocrx_word' id='word_1_13' title='bbox 687 2001 902 2060; x_wconf 77' lang='lat' dir='ltr'><strong>vulis.</strong></span> <span class='ocrx_word' id='word_1_14' title='bbox 943 1995 1055 2057; x_wconf 85' lang='lat' dir='ltr'><strong>Ps.</strong></span> <span class='ocrx_word' id='word_1_15' title='bbox 1097 2012 1324 2072; x_wconf 82' lang='lat' dir='ltr'><strong>cxvln,</strong></span> <span class='ocrx_word' id='word_1_16' title='bbox 1365 1992 1512 2056; x_wconf 88' lang='lat'><strong>130.</strong></span> 
     </span>
     <span class='ocr_line' id='line_1_5' title="bbox 826 2098 3502 2180; baseline -0 -13"><span class='ocrx_word' id='word_1_17' title='bbox 826 2102 1174 2167; x_wconf 79' lang='lat' dir='ltr'>Sermones</span> <span class='ocrx_word' id='word_1_18' title='bbox 1201 2101 1326 2165; x_wconf 87' lang='lat' dir='ltr'><strong>Dei</strong></span> <span class='ocrx_word' id='word_1_19' title='bbox 1354 2117 1488 2163; x_wconf 93' lang='lat' dir='ltr'><strong>non</strong></span> <span class='ocrx_word' id='word_1_20' title='bbox 1526 2098 1742 2163; x_wconf 90' lang='lat' dir='ltr'><strong>solum</strong></span> <span class='ocrx_word' id='word_1_21' title='bbox 1782 2098 1938 2161; x_wconf 90' lang='lat' dir='ltr'><strong>sunt</strong></span> <span class='ocrx_word' id='word_1_22' title='bbox 1965 2098 2321 2180; x_wconf 85' lang='lat' dir='ltr'><strong>Scripturae</strong></span> <span class='ocrx_word' id='word_1_23' title='bbox 2358 2100 2709 2179; x_wconf 87' lang='lat' dir='ltr'><strong>canonicae,</strong></span> <span class='ocrx_word' id='word_1_24' title='bbox 2737 2100 2853 2164; x_wconf 90' lang='lat' dir='ltr'><strong>sed</strong></span> <span class='ocrx_word' id='word_1_25' title='bbox 2890 2102 3089 2165; x_wconf 91' lang='lat' dir='ltr'><strong>etiam</strong></span> <span class='ocrx_word' id='word_1_26' title='bbox 3126 2104 3502 2167; x_wconf 87' lang='lat' dir='ltr'><strong>sanctorum</strong></span> 
     </span>
     <span class='ocr_line' id='line_1_6' title="bbox 395 2205 3504 2291; baseline 0 -17"><span class='ocrx_word' id='word_1_27' title='bbox 395 2212 672 2274; x_wconf 90' lang='lat' dir='ltr'><strong>Patrum</strong></span> <span class='ocrx_word' id='word_1_28' title='bbox 719 2211 918 2291; x_wconf 86' lang='lat' dir='ltr'><strong>atque</strong></span> <span class='ocrx_word' id='word_1_29' title='bbox 965 2208 1439 2272; x_wconf 88' lang='lat' dir='ltr'><strong>catholicorum</strong></span> <span class='ocrx_word' id='word_1_30' title='bbox 1487 2207 1832 2269; x_wconf 92' lang='lat' dir='ltr'><strong>doctorum</strong></span> <span class='ocrx_word' id='word_1_31' title='bbox 1878 2205 2193 2269; x_wconf 85' lang='lat' dir='ltr'><strong>doctrinae</strong></span> <span class='ocrx_word' id='word_1_32' title='bbox 2241 2225 2256 2266; x_wconf 76' lang='grc' dir='ltr'><strong><em>ε</em></strong></span> <span class='ocrx_word' id='word_1_33' title='bbox 2307 2224 2587 2287; x_wconf 84' lang='lat' dir='ltr'><strong>quarum</strong></span> <span class='ocrx_word' id='word_1_34' title='bbox 2635 2210 2935 2272; x_wconf 91' lang='lat' dir='ltr'><strong>omnium</strong></span> <span class='ocrx_word' id='word_1_35' title='bbox 2986 2209 3336 2273; x_wconf 86' lang='lat' dir='ltr'>declaratio</span> <span class='ocrx_word' id='word_1_36' title='bbox 3386 2228 3504 2275; x_wconf 90' lang='lat' dir='ltr'><strong>seu</strong></span> 
     </span>
     <span class='ocr_line' id='line_1_7' title="bbox 397 2313 3794 2399; baseline 0.001 -17"><span class='ocrx_word' id='word_1_37' title='bbox 397 2318 728 2399; x_wconf 82' lang='lat' dir='ltr'><strong>expositio</strong></span> <span class='ocrx_word' id='word_1_38' title='bbox 775 2317 1070 2381; x_wconf 87' lang='lat' dir='ltr'><strong>fidelium</strong></span> <span class='ocrx_word' id='word_1_39' title='bbox 1121 2315 1374 2379; x_wconf 82' lang='lat' dir='ltr'><strong>mentes</strong></span> <span class='ocrx_word' id='word_1_40' title='bbox 1418 2314 1774 2393; x_wconf 89' lang='lat' dir='ltr'><strong>illuminat,</strong></span> <span class='ocrx_word' id='word_1_41' title='bbox 1820 2313 1903 2375; x_wconf 92' lang='lat' dir='ltr'><strong>ad</strong></span> <span class='ocrx_word' id='word_1_42' title='bbox 1949 2313 2452 2376; x_wconf 90' lang='lat' dir='ltr'><strong>discernendum</strong></span> <span class='ocrx_word' id='word_1_43' title='bbox 2500 2332 2731 2378; x_wconf 91' lang='lat' dir='ltr'><strong>verum</strong></span> <span class='ocrx_word' id='word_1_44' title='bbox 2768 2333 2808 2379; x_wconf 86' lang='lat' dir='ltr'><strong>a</strong></span> <span class='ocrx_word' id='word_1_45' title='bbox 2845 2315 3035 2397; x_wconf 89' lang='lat' dir='ltr'><strong>fals0,</strong></span> <span class='ocrx_word' id='word_1_46' title='bbox 3069 2317 3151 2379; x_wconf 93' lang='lat' dir='ltr'><strong>ad</strong></span> <span class='ocrx_word' id='word_1_47' title='bbox 3197 2334 3505 2399; x_wconf 82' lang='lat' dir='ltr'><strong>separan-</strong></span> <span class='ocrx_word' id='word_1_48' title='bbox 3532 2342 3794 2392; x_wconf 79' lang='lat' dir='ltr'><strong>Jer.xv.19.</strong></span> 
     </span>
     <span class='ocr_line' id='line_1_8' title="bbox 399 2420 3504 2506; baseline 0 -17"><span class='ocrx_word' id='word_1_49' title='bbox 399 2426 565 2489; x_wconf 90' lang='lat' dir='ltr'><strong>dum</strong></span> <span class='ocrx_word' id='word_1_50' title='bbox 611 2426 976 2506; x_wconf 87' lang='lat' dir='ltr'><strong>pretiosum</strong></span> <span class='ocrx_word' id='word_1_51' title='bbox 1013 2440 1052 2485; x_wconf 92' lang='lat' dir='ltr'><strong>a</strong></span> <span class='ocrx_word' id='word_1_52' title='bbox 1093 2422 1236 2503; x_wconf 92' lang='lat' dir='ltr'><strong>vili,</strong></span> <span class='ocrx_word' id='word_1_53' title='bbox 1269 2423 1351 2485; x_wconf 93' lang='lat' dir='ltr'><strong>ad</strong></span> <span class='ocrx_word' id='word_1_54' title='bbox 1394 2420 1922 2503; x_wconf 83' lang='lat' dir='ltr'><strong>cognoscendum</strong></span> <span class='ocrx_word' id='word_1_55' title='bbox 1969 2420 2304 2501; x_wconf 91' lang='lat' dir='ltr'><strong>quomodo</strong></span> <span class='ocrx_word' id='word_1_56' title='bbox 2339 2420 2411 2482; x_wconf 92' lang='lat' dir='ltr'><strong>in</strong></span> <span class='ocrx_word' id='word_1_57' title='bbox 2448 2422 2556 2485; x_wconf 92' lang='lat' dir='ltr'><strong>via</strong></span> <span class='ocrx_word' id='word_1_58' title='bbox 2605 2423 3066 2487; x_wconf 91' lang='lat' dir='ltr'><strong>mandatorum</strong></span> <span class='ocrx_word' id='word_1_59' title='bbox 3104 2425 3227 2489; x_wconf 92' lang='lat' dir='ltr'><strong>Dei</strong></span> <span class='ocrx_word' id='word_1_60' title='bbox 3273 2426 3504 2489; x_wconf 92' lang='lat' dir='ltr'><strong>ambu-</strong></span> 
     </span>
     <span class='ocr_line' id='line_1_9' title="bbox 399 2525 3503 2613; baseline 0.001 -19"><span class='ocrx_word' id='word_1_61' title='bbox 399 2532 538 2595; x_wconf 90' lang='lat' dir='ltr'><strong>lare</strong></span> <span class='ocrx_word' id='word_1_62' title='bbox 597 2531 895 2595; x_wconf 86' lang='lat' dir='ltr'><strong>debeant.</strong></span> <span class='ocrx_word' id='word_1_63' title='bbox 957 2529 1373 2594; x_wconf 81' lang='lat' dir='ltr'><strong>Intellectum</strong></span> <span class='ocrx_word' id='word_1_64' title='bbox 1432 2545 1695 2610; x_wconf 90' lang='lat' dir='ltr'><strong>quoque</strong></span> <span class='ocrx_word' id='word_1_65' title='bbox 1750 2527 1862 2589; x_wconf 91' lang='lat' dir='ltr'><strong>dat</strong></span> <span class='ocrx_word' id='word_1_66' title='bbox 1926 2525 2243 2607; x_wconf 80' lang='lat' dir='ltr'><strong>parvulis,</strong></span> <span class='ocrx_word' id='word_1_67' title='bbox 2301 2528 2463 2607; x_wconf 86' lang='lat' dir='ltr'><strong>puta</strong></span> <span class='ocrx_word' id='word_1_68' title='bbox 2526 2528 2913 2593; x_wconf 76' lang='lat' dir='ltr'><strong>humilibus·</strong></span> <span class='ocrx_word' id='word_1_69' title='bbox 2974 2530 3071 2595; x_wconf 92' lang='lat' dir='ltr'><strong>De</strong></span> <span class='ocrx_word' id='word_1_70' title='bbox 3128 2532 3369 2613; x_wconf 91' lang='lat' dir='ltr'><strong>quibus</strong></span> <span class='ocrx_word' id='word_1_71' title='bbox 3433 2534 3503 2596; x_wconf 89' lang='lat' dir='ltr'><strong>in</strong></span> 
     </span>
     <span class='ocr_line' id='line_1_10' title="bbox 399 2633 3797 2720; baseline 0 -18"><span class='ocrx_word' id='word_1_72' title='bbox 399 2638 761 2720; x_wconf 86' lang='lat' dir='ltr'><strong>Evangelio</strong></span> <span class='ocrx_word' id='word_1_73' title='bbox 801 2638 894 2701; x_wconf 90' lang='lat' dir='ltr'><strong>ait</strong></span> <span class='ocrx_word' id='word_1_74' title='bbox 927 2637 1229 2701; x_wconf 84' lang='lat' dir='ltr'><strong>Salvator</strong></span> <span class='ocrx_word' id='word_1_75' title='bbox 1263 2657 1278 2699; x_wconf 75' lang='lat' dir='ltr'><strong><em>z</em></strong></span> <span class='ocrx_word' id='word_1_76' title='bbox 1311 2635 1642 2700; x_wconf 87' lang='lat' dir='ltr'><strong>Confiteor</strong></span> <span class='ocrx_word' id='word_1_77' title='bbox 1677 2634 1822 2714; x_wconf 93' lang='lat' dir='ltr'><strong>tibi,</strong></span> <span class='ocrx_word' id='word_1_78' title='bbox 1855 2634 2072 2712; x_wconf 85' lang='lat' dir='ltr'><strong>Pater,</strong></span> <span class='ocrx_word' id='word_1_79' title='bbox 2112 2634 2270 2714; x_wconf 92' lang='lat' dir='ltr'><strong>quia</strong></span> <span class='ocrx_word' id='word_1_80' title='bbox 2305 2633 2706 2699; x_wconf 84' lang='lat' dir='ltr'><strong>abscondisti</strong></span> <span class='ocrx_word' id='word_1_81' title='bbox 2742 2636 2884 2700; x_wconf 86' lang='lat' dir='ltr'><strong>haec</strong></span> <span class='ocrx_word' id='word_1_82' title='bbox 2920 2654 2960 2700; x_wconf 97' lang='lat' dir='ltr'><strong>a</strong></span> <span class='ocrx_word' id='word_1_83' title='bbox 2995 2638 3403 2719; x_wconf 87' lang='lat' dir='ltr'><strong>sapientibus</strong></span> <span class='ocrx_word' id='word_1_84' title='bbox 3438 2643 3505 2704; x_wconf 89' lang='lat' dir='ltr'><strong>et</strong></span> <span class='ocrx_word' id='word_1_85' title='bbox 3549 2659 3725 2705; x_wconf 69' lang='grc' dir='ltr'><strong><em>Μακιι.</em></strong></span> <span class='ocrx_word' id='word_1_86' title='bbox 3740 2674 3797 2712; x_wconf 68' lang='lat'><strong>11.</strong></span> 
     </span>
     <span class='ocr_line' id='line_1_11' title="bbox 395 2725 3599 2827; baseline 0 -19"><span class='ocrx_word' id='word_1_87' title='bbox 395 2745 858 2827; x_wconf 82' lang='lat' dir='ltr'><strong>prudentibuS,</strong></span> <span class='ocrx_word' id='word_1_88' title='bbox 911 2746 977 2808; x_wconf 85' lang='lat' dir='ltr'><strong>et</strong></span> <span class='ocrx_word' id='word_1_89' title='bbox 1021 2744 1328 2807; x_wconf 82' lang='lat' dir='ltr'><strong>revelasti</strong></span> <span class='ocrx_word' id='word_1_90' title='bbox 1376 2761 1452 2807; x_wconf 90' lang='lat' dir='ltr'><strong>ea</strong></span> <span class='ocrx_word' id='word_1_91' title='bbox 1499 2742 1812 2824; x_wconf 91' lang='lat' dir='ltr'><strong>parvulis.</strong></span> <span class='ocrx_word' id='word_1_92' title='bbox 1855 2740 2046 2804; x_wconf 85' lang='lat' dir='ltr'><strong>Tales</strong></span> <span class='ocrx_word' id='word_1_93' title='bbox 2094 2758 2381 2822; x_wconf 91' lang='lat' dir='ltr'><strong>namque</strong></span> <span class='ocrx_word' id='word_1_94' title='bbox 2437 2743 2717 2823; x_wconf 88' lang='lat' dir='ltr'><strong>desuper</strong></span> <span class='ocrx_word' id='word_1_95' title='bbox 2772 2742 3087 2807; x_wconf 86' lang='lat' dir='ltr'><strong>illustrari</strong></span> <span class='ocrx_word' id='word_1_96' title='bbox 3145 2747 3499 2827; x_wconf 89' lang='lat' dir='ltr'><strong>merentur,</strong></span> <span class='ocrx_word' id='word_1_97' title='bbox 3532 2725 3599 2765; x_wconf 76' lang='lat'><strong>²⁵·</strong></span> 
     </span>
     <span class='ocr_line' id='line_1_12' title="bbox 397 2848 3831 2944; baseline 0.001 -29"><span class='ocrx_word' id='word_1_98' title='bbox 397 2854 574 2916; x_wconf 88' lang='lat' dir='ltr'><strong>sicut</strong></span> <span class='ocrx_word' id='word_1_99' title='bbox 621 2869 736 2933; x_wconf 91' lang='lat' dir='ltr'><strong>per</strong></span> <span class='ocrx_word' id='word_1_100' title='bbox 781 2851 1202 2916; x_wconf 82' lang='lat' dir='ltr'><strong>Salomonem</strong></span> <span class='ocrx_word' id='word_1_101' title='bbox 1240 2850 1526 2913; x_wconf 90' lang='lat' dir='ltr'><strong>increata</strong></span> <span class='ocrx_word' id='word_1_102' title='bbox 1571 2848 1907 2929; x_wconf 89' lang='lat' dir='ltr'><strong>Sapientia</strong></span> <span class='ocrx_word' id='word_1_103' title='bbox 1943 2848 2238 2929; x_wconf 89' lang='lat' dir='ltr'><strong>loquitur</strong></span> <span class='ocrx_word' id='word_1_104' title='bbox 2277 2869 2292 2909; x_wconf 91' lang='lat'><strong>:</strong></span> <span class='ocrx_word' id='word_1_105' title='bbox 2336 2849 2408 2913; x_wconf 91' lang='lat' dir='ltr'><strong>Si</strong></span> <span class='ocrx_word' id='word_1_106' title='bbox 2453 2849 2606 2930; x_wconf 90' lang='lat' dir='ltr'><strong>quis</strong></span> <span class='ocrx_word' id='word_1_107' title='bbox 2652 2851 2753 2913; x_wconf 91' lang='lat' dir='ltr'><strong>est</strong></span> <span class='ocrx_word' id='word_1_108' title='bbox 2789 2850 3124 2932; x_wconf 83' lang='lat' dir='ltr'><strong>parvulus,</strong></span> <span class='ocrx_word' id='word_1_109' title='bbox 3167 2854 3386 2916; x_wconf 90' lang='lat' dir='ltr'><strong>veniat</strong></span> <span class='ocrx_word' id='word_1_110' title='bbox 3421 2854 3504 2916; x_wconf 92' lang='lat' dir='ltr'><strong>ad</strong></span> <span class='ocrx_word' id='word_1_111' title='bbox 3532 2875 3667 2918; x_wconf 68' lang='lat' dir='ltr'><strong>pm.</strong></span> <span class='ocrx_word' id='word_1_112' title='bbox 3685 2879 3831 2944; x_wconf 38' lang='lat' dir='ltr'><strong>um..</strong></span> 
     </span>
     <span class='ocr_line' id='line_1_13' title="bbox 397 2955 3795 3046; baseline 0.001 -22"><span class='ocrx_word' id='word_1_113' title='bbox 397 2978 531 3024; x_wconf 89' lang='lat' dir='ltr'><strong>me.</strong></span> <span class='ocrx_word' id='word_1_114' title='bbox 575 2959 840 3023; x_wconf 88' lang='lat' dir='ltr'><strong>Etenim</strong></span> <span class='ocrx_word' id='word_1_115' title='bbox 877 2958 1041 3022; x_wconf 82' lang='lat' dir='ltr'><strong>teste</strong></span> <span class='ocrx_word' id='word_1_116' title='bbox 1087 2958 1426 3038; x_wconf 85' lang='lat' dir='ltr'><strong>Scriptura</strong></span> <span class='ocrx_word' id='word_1_117' title='bbox 1465 2977 1480 3017; x_wconf 93' lang='lat'>:</span> <span class='ocrx_word' id='word_1_118' title='bbox 1525 2955 1651 3019; x_wconf 87' lang='lat' dir='ltr'><strong>Ubi</strong></span> <span class='ocrx_word' id='word_1_119' title='bbox 1697 2956 2063 3035; x_wconf 86' lang='lat' dir='ltr'><strong>humilitas,</strong></span> <span class='ocrx_word' id='word_1_120' title='bbox 2096 2955 2191 3018; x_wconf 92' lang='lat' dir='ltr'><strong>ibi</strong></span> <span class='ocrx_word' id='word_1_121' title='bbox 2228 2956 2293 3018; x_wconf 93' lang='lat' dir='ltr'><strong>et</strong></span> <span class='ocrx_word' id='word_1_122' title='bbox 2338 2956 2695 3037; x_wconf 82' lang='lat' dir='ltr'><strong>sapientia3</strong></span> <span class='ocrx_word' id='word_1_123' title='bbox 2734 2956 2851 3020; x_wconf 93' lang='lat' dir='ltr'><strong>ubi</strong></span> <span class='ocrx_word' id='word_1_124' title='bbox 2901 2959 3122 3046; x_wconf 83' lang='lat' dir='ltr'><strong>autem</strong></span> <span class='ocrx_word' id='word_1_125' title='bbox 3169 2960 3499 3041; x_wconf 88' lang='lat' dir='ltr'><strong>superbia,</strong></span> <span class='ocrx_word' id='word_1_126' title='bbox 3532 2982 3649 3029; x_wconf 72' lang='grc' dir='ltr'><strong>ιωα.</strong></span> <span class='ocrx_word' id='word_1_127' title='bbox 3674 2988 3795 3037; x_wconf 61' lang='grc' dir='ltr'><strong>κῃ.</strong></span> 
     </span>
     <span class='ocr_line' id='line_1_14' title="bbox 398 3066 1076 3131; baseline -0.003 0"><span class='ocrx_word' id='word_1_128' title='bbox 398 3068 496 3131; x_wconf 91' lang='lat' dir='ltr'><strong>ibi</strong></span> <span class='ocrx_word' id='word_1_129' title='bbox 543 3068 609 3130; x_wconf 93' lang='lat' dir='ltr'><strong>et</strong></span> <span class='ocrx_word' id='word_1_130' title='bbox 657 3066 1076 3129; x_wconf 85' lang='lat' dir='ltr'><strong>contumelia.</strong></span> 
     </span>
     <span class='ocr_line' id='line_1_15' title="bbox 535 3170 3506 3255; baseline 0 -17"><span class='ocrx_word' id='word_1_131' title='bbox 535 3174 861 3248; x_wconf 87' lang='lat' dir='ltr'><strong>Quamvis</strong></span> <span class='ocrx_word' id='word_1_132' title='bbox 914 3175 1136 3237; x_wconf 86' lang='lat' dir='ltr'><strong>autem</strong></span> <span class='ocrx_word' id='word_1_133' title='bbox 1191 3172 1580 3254; x_wconf 86' lang='lat' dir='ltr'><strong>disponente</strong></span> <span class='ocrx_word' id='word_1_134' title='bbox 1635 3170 1936 3252; x_wconf 89' lang='lat' dir='ltr'><strong>piissime</strong></span> <span class='ocrx_word' id='word_1_135' title='bbox 1991 3170 2243 3251; x_wconf 90' lang='lat' dir='ltr'><strong>Spiritu</strong></span> <span class='ocrx_word' id='word_1_136' title='bbox 2298 3170 2567 3255; x_wconf 69' lang='lat' dir='ltr'><strong>Sancto²</strong></span> <span class='ocrx_word' id='word_1_137' title='bbox 2611 3172 2749 3233; x_wconf 90' lang='lat' dir='ltr'><strong>tota</strong></span> <span class='ocrx_word' id='word_1_138' title='bbox 2804 3172 3139 3253; x_wconf 86' lang='lat' dir='ltr'><strong>Scriptura</strong></span> <span class='ocrx_word' id='word_1_139' title='bbox 3193 3175 3506 3239; x_wconf 89' lang='lat' dir='ltr'><strong>canonica</strong></span> 
     </span>
     <span class='ocr_line' id='line_1_16' title="bbox 395 3277 3509 3365; baseline 0 -20"><span class='ocrx_word' id='word_1_140' title='bbox 395 3284 600 3365; x_wconf 89' lang='lat' dir='ltr'><strong>plano</strong></span> <span class='ocrx_word' id='word_1_141' title='bbox 638 3298 715 3344; x_wconf 92' lang='lat' dir='ltr'><strong>ac</strong></span> <span class='ocrx_word' id='word_1_142' title='bbox 761 3280 936 3343; x_wconf 90' lang='lat' dir='ltr'><strong>facili</strong></span> <span class='ocrx_word' id='word_1_143' title='bbox 985 3280 1072 3343; x_wconf 89' lang='lat' dir='ltr'><strong>sit</strong></span> <span class='ocrx_word' id='word_1_144' title='bbox 1109 3280 1362 3361; x_wconf 88' lang='lat' dir='ltr'><strong>digesta</strong></span> <span class='ocrx_word' id='word_1_145' title='bbox 1414 3296 1739 3356; x_wconf 89' lang='lat' dir='ltr'><strong>sermone,</strong></span> <span class='ocrx_word' id='word_1_146' title='bbox 1786 3278 2110 3359; x_wconf 86' lang='lat' dir='ltr'><strong>quatenus</strong></span> <span class='ocrx_word' id='word_1_147' title='bbox 2156 3277 2240 3341; x_wconf 89' lang='lat' dir='ltr'><strong>ab</strong></span> <span class='ocrx_word' id='word_1_148' title='bbox 2288 3278 2617 3341; x_wconf 87' lang='lat' dir='ltr'><strong>universis</strong></span> <span class='ocrx_word' id='word_1_149' title='bbox 2666 3277 2929 3342; x_wconf 85' lang='lat' dir='ltr'><strong>facilius</strong></span> <span class='ocrx_word' id='word_1_150' title='bbox 2978 3280 3303 3362; x_wconf 89' lang='lat' dir='ltr'><strong>capiatur;</strong></span> <span class='ocrx_word' id='word_1_151' title='bbox 3344 3300 3509 3363; x_wconf 91' lang='lat' dir='ltr'><strong>quo-</strong></span> 
     </span>
     <span class='ocr_line' id='line_1_17' title="bbox 397 3384 3506 3467; baseline 0 -15"><span class='ocrx_word' id='word_1_152' title='bbox 397 3389 708 3453; x_wconf 89' lang='lat' dir='ltr'><strong>rumdam</strong></span> <span class='ocrx_word' id='word_1_153' title='bbox 747 3390 967 3451; x_wconf 86' lang='lat' dir='ltr'><strong>tamen</strong></span> <span class='ocrx_word' id='word_1_154' title='bbox 999 3388 1274 3450; x_wconf 91' lang='lat' dir='ltr'><strong>Patrum</strong></span> <span class='ocrx_word' id='word_1_155' title='bbox 1311 3386 1686 3449; x_wconf 89' lang='lat' dir='ltr'><strong>sanctorum</strong></span> <span class='ocrx_word' id='word_1_156' title='bbox 1727 3403 1802 3448; x_wconf 90' lang='lat' dir='ltr'><strong>ac</strong></span> <span class='ocrx_word' id='word_1_157' title='bbox 1839 3384 2314 3448; x_wconf 90' lang='lat' dir='ltr'><strong>catholicorum</strong></span> <span class='ocrx_word' id='word_1_158' title='bbox 2352 3385 2697 3448; x_wconf 89' lang='lat' dir='ltr'><strong>doctorum</strong></span> <span class='ocrx_word' id='word_1_159' title='bbox 2725 3385 3087 3467; x_wconf 88' lang='lat' dir='ltr'><strong>volumina,</strong></span> <span class='ocrx_word' id='word_1_160' title='bbox 3119 3405 3252 3450; x_wconf 94' lang='lat' dir='ltr'><strong>non</strong></span> <span class='ocrx_word' id='word_1_161' title='bbox 3288 3390 3506 3453; x_wconf 92' lang='lat' dir='ltr'><strong>solum</strong></span> 
     </span>
     <span class='ocr_line' id='line_1_18' title="bbox 397 3486 3508 3575; baseline 0 -17"><span class='ocrx_word' id='word_1_162' title='bbox 397 3496 754 3575; x_wconf 90' lang='lat' dir='ltr'><strong>rhetorico,</strong></span> <span class='ocrx_word' id='word_1_163' title='bbox 788 3495 903 3558; x_wconf 90' lang='lat' dir='ltr'><strong>sed</strong></span> <span class='ocrx_word' id='word_1_164' title='bbox 940 3496 1006 3557; x_wconf 89' lang='lat' dir='ltr'><strong>et</strong></span> <span class='ocrx_word' id='word_1_165' title='bbox 1041 3492 1291 3556; x_wconf 89' lang='lat' dir='ltr'><strong>difficili</strong></span> <span class='ocrx_word' id='word_1_166' title='bbox 1332 3492 1648 3555; x_wconf 90' lang='lat' dir='ltr'><strong>orationis</strong></span> <span class='ocrx_word' id='word_1_167' title='bbox 1685 3491 1837 3555; x_wconf 93' lang='lat' dir='ltr'><strong>stilo</strong></span> <span class='ocrx_word' id='word_1_168' title='bbox 1876 3492 2245 3572; x_wconf 90' lang='lat' dir='ltr'><strong>traduntur,</strong></span> <span class='ocrx_word' id='word_1_169' title='bbox 2278 3492 2353 3555; x_wconf 98' lang='lat' dir='ltr'><strong>ut</strong></span> <span class='ocrx_word' id='word_1_170' title='bbox 2387 3492 2459 3554; x_wconf 91' lang='lat' dir='ltr'><strong>in</strong></span> <span class='ocrx_word' id='word_1_171' title='bbox 2498 3491 2727 3555; x_wconf 91' lang='lat' dir='ltr'><strong>multis</strong></span> <span class='ocrx_word' id='word_1_172' title='bbox 2764 3491 2995 3556; x_wconf 88' lang='lat' dir='ltr'><strong>talium</strong></span> <span class='ocrx_word' id='word_1_173' title='bbox 3035 3493 3282 3575; x_wconf 84' lang='lat' dir='ltr'><strong>duplex</strong></span> <span class='ocrx_word' id='word_1_174' title='bbox 3318 3486 3508 3559; x_wconf 85' lang='lat' dir='ltr'><strong>inve-</strong></span> 
     </span>
     <span class='ocr_line' id='line_1_19' title="bbox 399 3598 3512 3680; baseline 0 -16"><span class='ocrx_word' id='word_1_175' title='bbox 399 3604 584 3665; x_wconf 87' lang='lat' dir='ltr'><strong>nitur</strong></span> <span class='ocrx_word' id='word_1_176' title='bbox 639 3599 1010 3680; x_wconf 84' lang='lat' dir='ltr'><strong>difficultas,</strong></span> <span class='ocrx_word' id='word_1_177' title='bbox 1060 3616 1193 3663; x_wconf 93' lang='lat' dir='ltr'><strong>una</strong></span> <span class='ocrx_word' id='word_1_178' title='bbox 1242 3598 1524 3679; x_wconf 78' lang='lat' dir='ltr'><strong>phrasiS,</strong></span> <span class='ocrx_word' id='word_1_179' title='bbox 1575 3599 1777 3662; x_wconf 84' lang='lat' dir='ltr'><strong>altera</strong></span> <span class='ocrx_word' id='word_1_180' title='bbox 1831 3615 2065 3661; x_wconf 92' lang='lat' dir='ltr'><strong>sensus</strong></span> <span class='ocrx_word' id='word_1_181' title='bbox 2110 3616 2126 3658; x_wconf 73' lang='grc' dir='ltr'><strong>ε</strong></span> <span class='ocrx_word' id='word_1_182' title='bbox 2177 3599 2446 3679; x_wconf 89' lang='lat' dir='ltr'><strong>propter</strong></span> <span class='ocrx_word' id='word_1_183' title='bbox 2468 3599 2677 3680; x_wconf 59' lang='lat' dir='ltr'><strong>‚quod</strong></span> <span class='ocrx_word' id='word_1_184' title='bbox 2734 3616 2773 3661; x_wconf 93' lang='lat' dir='ltr'><strong>a</strong></span> <span class='ocrx_word' id='word_1_185' title='bbox 2825 3600 3343 3680; x_wconf 89' lang='lat' dir='ltr'><strong>simplicioribus</strong></span> <span class='ocrx_word' id='word_1_186' title='bbox 3397 3604 3512 3665; x_wconf 90' lang='lat' dir='ltr'><strong>aut</strong></span> 
     </span>
     <span class='ocr_line' id='line_1_20' title="bbox 403 3705 3512 3788; baseline -0.001 -15"><span class='ocrx_word' id='word_1_187' title='bbox 403 3710 520 3773; x_wconf 86' lang='lat' dir='ltr'><strong>vix</strong></span> <span class='ocrx_word' id='word_1_188' title='bbox 557 3710 673 3772; x_wconf 94' lang='lat' dir='ltr'><strong>aut</strong></span> <span class='ocrx_word' id='word_1_189' title='bbox 709 3708 1054 3772; x_wconf 88' lang='lat' dir='ltr'><strong>difficulter</strong></span> <span class='ocrx_word' id='word_1_190' title='bbox 1089 3706 1567 3788; x_wconf 90' lang='lat' dir='ltr'><strong>intelliguntur.</strong></span> <span class='ocrx_word' id='word_1_191' title='bbox 1599 3706 1886 3787; x_wconf 86' lang='lat' dir='ltr'><strong>Ideoque</strong></span> <span class='ocrx_word' id='word_1_192' title='bbox 1922 3706 2170 3787; x_wconf 84' lang='lat' dir='ltr'><strong>posteri</strong></span> <span class='ocrx_word' id='word_1_193' title='bbox 2208 3706 2478 3787; x_wconf 91' lang='lat' dir='ltr'><strong>quidam</strong></span> <span class='ocrx_word' id='word_1_194' title='bbox 2514 3706 2652 3769; x_wconf 92' lang='lat' dir='ltr'><strong>zelo</strong></span> <span class='ocrx_word' id='word_1_195' title='bbox 2681 3705 2839 3769; x_wconf 92' lang='lat' dir='ltr'><strong>boni</strong></span> <span class='ocrx_word' id='word_1_196' title='bbox 2876 3709 3249 3771; x_wconf 88' lang='lat' dir='ltr'><strong>communis</strong></span> <span class='ocrx_word' id='word_1_197' title='bbox 3286 3726 3512 3773; x_wconf 89' lang='lat' dir='ltr'><strong>accen-</strong></span> 
     </span>
     <span class='ocr_line' id='line_1_21' title="bbox 403 3798 3511 3898; baseline 0 -17"><span class='ocrx_word' id='word_1_198' title='bbox 403 3819 486 3896; x_wconf 91' lang='lat' dir='ltr'><strong>si,</strong></span> <span class='ocrx_word' id='word_1_199' title='bbox 529 3816 854 3898; x_wconf 89' lang='lat' dir='ltr'><strong>quosdam</strong></span> <span class='ocrx_word' id='word_1_200' title='bbox 891 3815 1096 3877; x_wconf 90' lang='lat' dir='ltr'><strong>libros</strong></span> <span class='ocrx_word' id='word_1_201' title='bbox 1143 3798 1606 3895; x_wconf 81' lang='lat' dir='ltr'><strong>hujuscemodi</strong></span> <span class='ocrx_word' id='word_1_202' title='bbox 1646 3814 1799 3877; x_wconf 91' lang='lat' dir='ltr'><strong>stilo</strong></span> <span class='ocrx_word' id='word_1_203' title='bbox 1843 3813 2318 3877; x_wconf 88' lang='lat' dir='ltr'><strong>transtulerunt</strong></span> <span class='ocrx_word' id='word_1_204' title='bbox 2360 3812 2662 3894; x_wconf 90' lang='lat' dir='ltr'><strong>faciliori,</strong></span> <span class='ocrx_word' id='word_1_205' title='bbox 2702 3814 3263 3894; x_wconf 89' lang='lat' dir='ltr'><strong>quemadmodum</strong></span> <span class='ocrx_word' id='word_1_206' title='bbox 3310 3816 3511 3881; x_wconf 85' lang='lat' dir='ltr'><strong>abbas</strong></span> 
     </span>
     <span class='ocr_line' id='line_1_22' title="bbox 403 3920 3509 4005; baseline 0 -18"><span class='ocrx_word' id='word_1_207' title='bbox 403 3923 844 3990; x_wconf 76' lang='lat' dir='ltr'><strong>vercellensis</strong></span> <span class='ocrx_word' id='word_1_208' title='bbox 887 3923 968 3987; x_wconf 90' lang='lat' dir='ltr'><strong>de</strong></span> <span class='ocrx_word' id='word_1_209' title='bbox 1007 3923 1195 3986; x_wconf 88' lang='lat' dir='ltr'><strong>libris</strong></span> <span class='ocrx_word' id='word_1_210' title='bbox 1231 3922 1440 3985; x_wconf 91' lang='lat' dir='ltr'><strong>divini</strong></span> <span class='ocrx_word' id='word_1_211' title='bbox 1477 3939 1552 3985; x_wconf 90' lang='lat' dir='ltr'><strong>ac</strong></span> <span class='ocrx_word' id='word_1_212' title='bbox 1596 3923 1841 4004; x_wconf 85' lang='lat' dir='ltr'><strong>magni,</strong></span> <span class='ocrx_word' id='word_1_213' title='bbox 1884 3922 2019 3984; x_wconf 89' lang='lat' dir='ltr'><strong>imo</strong></span> <span class='ocrx_word' id='word_1_214' title='bbox 2057 3920 2159 4005; x_wconf 90' lang='lat' dir='ltr'><strong>(ut</strong></span> <span class='ocrx_word' id='word_1_215' title='bbox 2195 3920 2414 3985; x_wconf 87' lang='lat' dir='ltr'><strong>verbis</strong></span> <span class='ocrx_word' id='word_1_216' title='bbox 2459 3922 2608 3983; x_wconf 88' lang='lat' dir='ltr'><strong>utar</strong></span> <span class='ocrx_word' id='word_1_217' title='bbox 2644 3920 3065 4003; x_wconf 88' lang='lat' dir='ltr'><strong>Damasceni)</strong></span> <span class='ocrx_word' id='word_1_218' title='bbox 3108 3923 3509 3988; x_wconf 88' lang='lat' dir='ltr'><strong>divinissimi</strong></span> 
     </span>
     <span class='ocr_line' id='line_1_23' title="bbox 403 4029 1544 4111; baseline -0.006 -14"><span class='ocrx_word' id='word_1_219' title='bbox 403 4031 964 4111; x_wconf 88' lang='lat' dir='ltr'><strong>sacratissimique</strong></span> <span class='ocrx_word' id='word_1_220' title='bbox 1017 4030 1348 4110; x_wconf 87' lang='lat' dir='ltr'><strong>Dionysii,</strong></span> <span class='ocrx_word' id='word_1_221' title='bbox 1389 4029 1544 4110; x_wconf 87' lang='lat' dir='ltr'><strong>egit.</strong></span> 
     </span>
     <span class='ocr_line' id='line_1_24' title="bbox 550 4134 3507 4217; baseline 0 -16"><span class='ocrx_word' id='word_1_222' title='bbox 550 4139 758 4201; x_wconf 91' lang='lat' dir='ltr'><strong>Porro</strong></span> <span class='ocrx_word' id='word_1_223' title='bbox 821 4138 994 4200; x_wconf 86' lang='lat' dir='ltr'><strong>inter</strong></span> <span class='ocrx_word' id='word_1_224' title='bbox 1047 4153 1162 4199; x_wconf 92' lang='lat' dir='ltr'><strong>eos</strong></span> <span class='ocrx_word' id='word_1_225' title='bbox 1217 4136 1334 4217; x_wconf 92' lang='lat' dir='ltr'><strong>qui</strong></span> <span class='ocrx_word' id='word_1_226' title='bbox 1397 4136 1534 4198; x_wconf 91' lang='lat' dir='ltr'><strong>tam</strong></span> <span class='ocrx_word' id='word_1_227' title='bbox 1589 4134 1835 4199; x_wconf 86' lang='lat' dir='ltr'><strong>difficili</strong></span> <span class='ocrx_word' id='word_1_228' title='bbox 1895 4135 2049 4198; x_wconf 90' lang='lat' dir='ltr'><strong>stilo</strong></span> <span class='ocrx_word' id='word_1_229' title='bbox 2112 4136 2269 4198; x_wconf 89' lang='lat' dir='ltr'><strong>sunt</strong></span> <span class='ocrx_word' id='word_1_230' title='bbox 2322 4135 2451 4215; x_wconf 92' lang='lat' dir='ltr'><strong>usi,</strong></span> <span class='ocrx_word' id='word_1_231' title='bbox 2507 4134 2910 4198; x_wconf 89' lang='lat' dir='ltr'><strong>venerabiles</strong></span> <span class='ocrx_word' id='word_1_232' title='bbox 2965 4152 3041 4198; x_wconf 89' lang='lat' dir='ltr'><strong>ac</strong></span> <span class='ocrx_word' id='word_1_233' title='bbox 3094 4137 3507 4201; x_wconf 90' lang='lat' dir='ltr'><strong>devotissimi</strong></span> 
     </span>
     <span class='ocr_line' id='line_1_25' title="bbox 401 4242 3505 4324; baseline 0 -16"><span class='ocrx_word' id='word_1_234' title='bbox 401 4247 634 4308; x_wconf 87' lang='lat' dir='ltr'><strong>Patres</strong></span> <span class='ocrx_word' id='word_1_235' title='bbox 689 4246 932 4308; x_wconf 86' lang='lat' dir='ltr'><strong>aeterna</strong></span> <span class='ocrx_word' id='word_1_236' title='bbox 997 4243 1316 4307; x_wconf 89' lang='lat' dir='ltr'><strong>memoria</strong></span> <span class='ocrx_word' id='word_1_237' title='bbox 1369 4243 1553 4324; x_wconf 83' lang='lat' dir='ltr'><strong>digni</strong></span> <span class='ocrx_word' id='word_1_238' title='bbox 1605 4243 1892 4306; x_wconf 79' lang='lat' dir='ltr'><strong>Joannes</strong></span> <span class='ocrx_word' id='word_1_239' title='bbox 1946 4242 2298 4306; x_wconf 83' lang='lat' dir='ltr'><strong>Cassianus</strong></span> <span class='ocrx_word' id='word_1_240' title='bbox 2362 4244 2427 4305; x_wconf 89' lang='lat' dir='ltr'><strong>et</strong></span> <span class='ocrx_word' id='word_1_241' title='bbox 2481 4242 2811 4305; x_wconf 88' lang='lat' dir='ltr'><strong>Climacus</strong></span> <span class='ocrx_word' id='word_1_242' title='bbox 2868 4244 3147 4305; x_wconf 85' lang='lat' dir='ltr'><strong>exstant.</strong></span> <span class='ocrx_word' id='word_1_243' title='bbox 3208 4244 3505 4317; x_wconf 89' lang='lat' dir='ltr'><strong>Quorum</strong></span> 
     </span>
     <span class='ocr_line' id='line_1_26' title="bbox 401 4348 3503 4431; baseline 0 -17"><span class='ocrx_word' id='word_1_244' title='bbox 401 4351 580 4431; x_wconf 92' lang='lat' dir='ltr'><strong>libri,</strong></span> <span class='ocrx_word' id='word_1_245' title='bbox 622 4368 831 4431; x_wconf 90' lang='lat' dir='ltr'><strong>quum</strong></span> <span class='ocrx_word' id='word_1_246' title='bbox 869 4349 1161 4413; x_wconf 87' lang='lat' dir='ltr'><strong>crebrius</strong></span> <span class='ocrx_word' id='word_1_247' title='bbox 1206 4348 1348 4412; x_wconf 88' lang='lat' dir='ltr'><strong>sola</strong></span> <span class='ocrx_word' id='word_1_248' title='bbox 1384 4348 1762 4412; x_wconf 87' lang='lat' dir='ltr'><strong>difficultate</strong></span> <span class='ocrx_word' id='word_1_249' title='bbox 1799 4348 1961 4428; x_wconf 87' lang='lat' dir='ltr'><strong>stili,</strong></span> <span class='ocrx_word' id='word_1_250' title='bbox 2001 4348 2335 4412; x_wconf 90' lang='lat' dir='ltr'><strong>interdum</strong></span> <span class='ocrx_word' id='word_1_251' title='bbox 2372 4366 2525 4412; x_wconf 92' lang='lat' dir='ltr'><strong>vero</strong></span> <span class='ocrx_word' id='word_1_252' title='bbox 2564 4349 2697 4410; x_wconf 89' lang='lat' dir='ltr'><strong>tam</strong></span> <span class='ocrx_word' id='word_1_253' title='bbox 2743 4348 2880 4411; x_wconf 91' lang='lat' dir='ltr'><strong>stili</strong></span> <span class='ocrx_word' id='word_1_254' title='bbox 2917 4367 3118 4429; x_wconf 90' lang='lat' dir='ltr'><strong>quam</strong></span> <span class='ocrx_word' id='word_1_255' title='bbox 3164 4352 3503 4417; x_wconf 87' lang='lat' dir='ltr'><strong>sententiae</strong></span> 
     </span>
     <span class='ocr_line' id='line_1_27' title="bbox 403 4455 3505 4541; baseline 0.001 -19"><span class='ocrx_word' id='word_1_256' title='bbox 403 4457 810 4535; x_wconf 88' lang='lat' dir='ltr'><strong>difficultate,</strong></span> <span class='ocrx_word' id='word_1_257' title='bbox 841 4455 1214 4536; x_wconf 89' lang='lat' dir='ltr'><strong>simplicem</strong></span> <span class='ocrx_word' id='word_1_258' title='bbox 1243 4456 1652 4519; x_wconf 89' lang='lat' dir='ltr'><strong>remorentur</strong></span> <span class='ocrx_word' id='word_1_259' title='bbox 1679 4455 2025 4535; x_wconf 85' lang='lat' dir='ltr'><strong>lectorem3</strong></span> <span class='ocrx_word' id='word_1_260' title='bbox 2067 4455 2309 4518; x_wconf 84' lang='lat' dir='ltr'><strong>idcirco</strong></span> <span class='ocrx_word' id='word_1_261' title='bbox 2350 4455 2612 4535; x_wconf 78' lang='lat' dir='ltr'><strong>eosdem</strong></span> <span class='ocrx_word' id='word_1_262' title='bbox 2645 4456 2726 4518; x_wconf 91' lang='lat' dir='ltr'><strong>ad</strong></span> <span class='ocrx_word' id='word_1_263' title='bbox 2763 4456 2993 4519; x_wconf 89' lang='lat' dir='ltr'><strong>stilum</strong></span> <span class='ocrx_word' id='word_1_264' title='bbox 3031 4456 3281 4521; x_wconf 84' lang='lat' dir='ltr'><strong>clarum</strong></span> <span class='ocrx_word' id='word_1_265' title='bbox 3310 4462 3505 4541; x_wconf 87' lang='lat' dir='ltr'><strong>atque</strong></span> 
     </span>
     <span class='ocr_line' id='line_1_28' title="bbox 407 4562 3507 4644; baseline 0.001 -16"><span class='ocrx_word' id='word_1_266' title='bbox 407 4564 824 4643; x_wconf 89' lang='lat' dir='ltr'><strong>facillimum,</strong></span> <span class='ocrx_word' id='word_1_267' title='bbox 864 4563 1224 4625; x_wconf 85' lang='lat' dir='ltr'><strong>auxiliante</strong></span> <span class='ocrx_word' id='word_1_268' title='bbox 1262 4563 1844 4643; x_wconf 85' lang='lat' dir='ltr'><strong>superdulcissimo</strong></span> <span class='ocrx_word' id='word_1_269' title='bbox 1881 4563 2133 4644; x_wconf 88' lang='lat' dir='ltr'><strong>Spiritu</strong></span> <span class='ocrx_word' id='word_1_270' title='bbox 2169 4563 2431 4637; x_wconf 87' lang='lat' dir='ltr'><strong>Sancto,</strong></span> <span class='ocrx_word' id='word_1_271' title='bbox 2472 4562 2821 4626; x_wconf 88' lang='lat' dir='ltr'><strong>transferre</strong></span> <span class='ocrx_word' id='word_1_272' title='bbox 2869 4563 3135 4627; x_wconf 85' lang='lat' dir='ltr'><strong>intendo</strong></span> <span class='ocrx_word' id='word_1_273' title='bbox 3183 4582 3257 4628; x_wconf 91' lang='lat' dir='ltr'><strong>ac</strong></span> <span class='ocrx_word' id='word_1_274' title='bbox 3304 4566 3507 4630; x_wconf 90' lang='lat' dir='ltr'><strong>eluci-</strong></span> 
     </span>
     <span class='ocr_line' id='line_1_29' title="bbox 405 4669 3506 4751; baseline 0 -15"><span class='ocrx_word' id='word_1_275' title='bbox 405 4674 582 4751; x_wconf 89' lang='lat' dir='ltr'><strong>dare,</strong></span> <span class='ocrx_word' id='word_1_276' title='bbox 615 4670 962 4734; x_wconf 86' lang='lat' dir='ltr'><strong>accedente</strong></span> <span class='ocrx_word' id='word_1_277' title='bbox 996 4671 1062 4733; x_wconf 89' lang='lat' dir='ltr'><strong>et</strong></span> <span class='ocrx_word' id='word_1_278' title='bbox 1100 4686 1206 4733; x_wconf 91' lang='lat' dir='ltr'><strong>me</strong></span> <span class='ocrx_word' id='word_1_279' title='bbox 1234 4669 1588 4750; x_wconf 81' lang='lat' dir='ltr'><strong>instigante</strong></span> <span class='ocrx_word' id='word_1_280' title='bbox 1626 4670 1709 4732; x_wconf 92' lang='lat' dir='ltr'><strong>ad</strong></span> <span class='ocrx_word' id='word_1_281' title='bbox 1738 4671 1864 4733; x_wconf 93' lang='lat' dir='ltr'><strong>hoc</strong></span> <span class='ocrx_word' id='word_1_282' title='bbox 1893 4671 2251 4735; x_wconf 85' lang='lat' dir='ltr'><strong>affectuosa</strong></span> <span class='ocrx_word' id='word_1_283' title='bbox 2287 4670 2655 4750; x_wconf 86' lang='lat' dir='ltr'><strong>humilique</strong></span> <span class='ocrx_word' id='word_1_284' title='bbox 2694 4670 3006 4734; x_wconf 88' lang='lat' dir='ltr'><strong>instantia</strong></span> <span class='ocrx_word' id='word_1_285' title='bbox 3034 4672 3506 4736; x_wconf 89' lang='lat' dir='ltr'><strong>venerabilium</strong></span> 
     </span>
     <span class='ocr_line' id='line_1_30' title="bbox 405 4775 3506 4858; baseline 0 -15"><span class='ocrx_word' id='word_1_286' title='bbox 405 4780 680 4843; x_wconf 90' lang='lat' dir='ltr'><strong>Patrum</strong></span> <span class='ocrx_word' id='word_1_287' title='bbox 709 4794 784 4840; x_wconf 88' lang='lat' dir='ltr'><strong>ac</strong></span> <span class='ocrx_word' id='word_1_288' title='bbox 803 4776 1110 4840; x_wconf 88' lang='lat' dir='ltr'><strong>Fratrum</strong></span> <span class='ocrx_word' id='word_1_289' title='bbox 1139 4794 1438 4840; x_wconf 89' lang='lat' dir='ltr'><strong>meorum</strong></span> <span class='ocrx_word' id='word_1_290' title='bbox 1469 4775 1988 4841; x_wconf 85' lang='lat' dir='ltr'><strong>Cartusiensium</strong></span> <span class='ocrx_word' id='word_1_291' title='bbox 2018 4795 2222 4858; x_wconf 88' lang='lat' dir='ltr'><strong>prope</strong></span> <span class='ocrx_word' id='word_1_292' title='bbox 2240 4776 2583 4856; x_wconf 89' lang='lat' dir='ltr'><strong>Leodium,</strong></span> <span class='ocrx_word' id='word_1_293' title='bbox 2605 4778 2971 4857; x_wconf 86' lang='lat' dir='ltr'><strong>praesertim</strong></span> <span class='ocrx_word' id='word_1_294' title='bbox 3002 4777 3254 4841; x_wconf 88' lang='lat' dir='ltr'><strong>domini</strong></span> <span class='ocrx_word' id='word_1_295' title='bbox 3278 4780 3506 4844; x_wconf 84' lang='lat' dir='ltr'><strong>Jacobi</strong></span> 
     </span>
     <span class='ocr_line' id='line_1_31' title="bbox 407 4883 3508 4967; baseline 0 -17"><span class='ocrx_word' id='word_1_296' title='bbox 407 4884 782 4967; x_wconf 85' lang='lat' dir='ltr'><strong>Gruytrode</strong></span> <span class='ocrx_word' id='word_1_297' title='bbox 838 4884 1220 4947; x_wconf 90' lang='lat' dir='ltr'><strong>eorumdem</strong></span> <span class='ocrx_word' id='word_1_298' title='bbox 1278 4883 1550 4963; x_wconf 84' lang='lat' dir='ltr'><strong>PrioriS,</strong></span> <span class='ocrx_word' id='word_1_299' title='bbox 1609 4884 1731 4946; x_wconf 89' lang='lat' dir='ltr'><strong>viri</strong></span> <span class='ocrx_word' id='word_1_300' title='bbox 1791 4883 2082 4965; x_wconf 85' lang='lat' dir='ltr'><strong>benigni,</strong></span> <span class='ocrx_word' id='word_1_301' title='bbox 2141 4884 2342 4963; x_wconf 91' lang='lat' dir='ltr'><strong>docti,</strong></span> <span class='ocrx_word' id='word_1_302' title='bbox 2401 4884 2675 4947; x_wconf 90' lang='lat' dir='ltr'><strong>humilis</strong></span> <span class='ocrx_word' id='word_1_303' title='bbox 2734 4902 2809 4947; x_wconf 84' lang='lat' dir='ltr'><strong>ac</strong></span> <span class='ocrx_word' id='word_1_304' title='bbox 2864 4884 3108 4965; x_wconf 89' lang='lat' dir='ltr'><strong>devoti,</strong></span> <span class='ocrx_word' id='word_1_305' title='bbox 3169 4886 3233 4949; x_wconf 91' lang='lat' dir='ltr'><strong>et</strong></span> <span class='ocrx_word' id='word_1_306' title='bbox 3288 4885 3508 4952; x_wconf 88' lang='lat' dir='ltr'><strong>fratris</strong></span> 
     </span>
     <span class='ocr_line' id='line_1_32' title="bbox 405 4989 3507 5075; baseline 0.001 -18"><span class='ocrx_word' id='word_1_307' title='bbox 405 4991 744 5057; x_wconf 89' lang='lat' dir='ltr'><strong>Laurentii</strong></span> <span class='ocrx_word' id='word_1_308' title='bbox 784 4989 930 5071; x_wconf 87' lang='lat' dir='ltr'><strong>ejus</strong></span> <span class='ocrx_word' id='word_1_309' title='bbox 965 4989 1234 5070; x_wconf 77' lang='lat' dir='ltr'><strong>vicarii,</strong></span> <span class='ocrx_word' id='word_1_310' title='bbox 1278 5008 1514 5072; x_wconf 86' lang='lat' dir='ltr'><strong>magna</strong></span> <span class='ocrx_word' id='word_1_311' title='bbox 1561 4991 2064 5063; x_wconf 86' lang='lat' dir='ltr'><strong>mansuetudine</strong></span> <span class='ocrx_word' id='word_1_312' title='bbox 2102 5009 2177 5055; x_wconf 91' lang='lat' dir='ltr'><strong>ac</strong></span> <span class='ocrx_word' id='word_1_313' title='bbox 2228 4991 2568 5072; x_wconf 81' lang='lat' dir='ltr'><strong>diligentia</strong></span> <span class='ocrx_word' id='word_1_314' title='bbox 2613 4992 2923 5069; x_wconf 89' lang='lat' dir='ltr'><strong>decorati,</strong></span> <span class='ocrx_word' id='word_1_315' title='bbox 2964 4991 3077 5072; x_wconf 93' lang='lat' dir='ltr'><strong>qui</strong></span> <span class='ocrx_word' id='word_1_316' title='bbox 3125 4992 3250 5056; x_wconf 90' lang='lat' dir='ltr'><strong>hoc</strong></span> <span class='ocrx_word' id='word_1_317' title='bbox 3285 4993 3507 5075; x_wconf 90' lang='lat' dir='ltr'><strong>ipsum</strong></span> 
     </span>
     <span class='ocr_line' id='line_1_33' title="bbox 409 5097 3507 5178; baseline 0 -15"><span class='ocrx_word' id='word_1_318' title='bbox 409 5100 720 5163; x_wconf 82' lang='lat' dir='ltr'><strong>obnixius</strong></span> <span class='ocrx_word' id='word_1_319' title='bbox 768 5097 1206 5178; x_wconf 88' lang='lat' dir='ltr'><strong>postularunt.</strong></span> <span class='ocrx_word' id='word_1_320' title='bbox 1252 5097 1380 5162; x_wconf 92' lang='lat' dir='ltr'><strong>Sed</strong></span> <span class='ocrx_word' id='word_1_321' title='bbox 1418 5099 1483 5161; x_wconf 87' lang='lat' dir='ltr'><strong>et</strong></span> <span class='ocrx_word' id='word_1_322' title='bbox 1519 5098 1715 5161; x_wconf 88' lang='lat' dir='ltr'><strong>ceteri</strong></span> <span class='ocrx_word' id='word_1_323' title='bbox 1763 5098 2058 5178; x_wconf 86' lang='lat' dir='ltr'><strong>ejusdem</strong></span> <span class='ocrx_word' id='word_1_324' title='bbox 2111 5098 2392 5162; x_wconf 90' lang='lat' dir='ltr'><strong>coenobii</strong></span> <span class='ocrx_word' id='word_1_325' title='bbox 2438 5097 2699 5160; x_wconf 82' lang='lat' dir='ltr'><strong>Fratres</strong></span> <span class='ocrx_word' id='word_1_326' title='bbox 2746 5098 2995 5177; x_wconf 86' lang='lat' dir='ltr'><strong>ingenti</strong></span> <span class='ocrx_word' id='word_1_327' title='bbox 3042 5100 3309 5164; x_wconf 78' lang='lat' dir='ltr'><strong>caritate</strong></span> <span class='ocrx_word' id='word_1_328' title='bbox 3346 5118 3507 5164; x_wconf 90' lang='lat' dir='ltr'><strong>con-</strong></span> 
     </span>
     <span class='ocr_line' id='line_1_34' title="bbox 409 5203 3507 5290; baseline 0.001 -21"><span class='ocrx_word' id='word_1_329' title='bbox 409 5206 761 5285; x_wconf 89' lang='lat' dir='ltr'><strong>cordiaque</strong></span> <span class='ocrx_word' id='word_1_330' title='bbox 792 5204 1094 5284; x_wconf 82' lang='lat' dir='ltr'><strong>connexi,</strong></span> <span class='ocrx_word' id='word_1_331' title='bbox 1129 5221 1204 5267; x_wconf 89' lang='lat' dir='ltr'><strong>ac</strong></span> <span class='ocrx_word' id='word_1_332' title='bbox 1241 5205 1604 5286; x_wconf 83' lang='lat' dir='ltr'><strong>spiritualis</strong></span> <span class='ocrx_word' id='word_1_333' title='bbox 1641 5206 1976 5287; x_wconf 86' lang='lat' dir='ltr'><strong>profectus</strong></span> <span class='ocrx_word' id='word_1_334' title='bbox 2012 5205 2335 5270; x_wconf 90' lang='lat' dir='ltr'><strong>desiderio</strong></span> <span class='ocrx_word' id='word_1_335' title='bbox 2374 5203 2787 5283; x_wconf 85' lang='lat' dir='ltr'><strong>inflammati,</strong></span> <span class='ocrx_word' id='word_1_336' title='bbox 2814 5204 2989 5267; x_wconf 89' lang='lat' dir='ltr'><strong>idem</strong></span> <span class='ocrx_word' id='word_1_337' title='bbox 3028 5204 3277 5270; x_wconf 91' lang='lat' dir='ltr'><strong>fervide</strong></span> <span class='ocrx_word' id='word_1_338' title='bbox 3313 5226 3507 5290; x_wconf 85' lang='lat' dir='ltr'><strong>roga-</strong></span> 
     </span>
     <span class='ocr_line' id='line_1_35' title="bbox 412 5310 3506 5395; baseline 0.002 -20"><span class='ocrx_word' id='word_1_339' title='bbox 412 5314 666 5377; x_wconf 87' lang='lat' dir='ltr'><strong>verunt.</strong></span> <span class='ocrx_word' id='word_1_340' title='bbox 701 5312 1052 5390; x_wconf 79' lang='lat' dir='ltr'><strong>Praeterea,</strong></span> <span class='ocrx_word' id='word_1_341' title='bbox 1085 5314 1159 5376; x_wconf 91' lang='lat' dir='ltr'><strong>ut</strong></span> <span class='ocrx_word' id='word_1_342' title='bbox 1189 5312 1443 5377; x_wconf 87' lang='lat' dir='ltr'><strong>confido</strong></span> <span class='ocrx_word' id='word_1_343' title='bbox 1473 5312 1680 5394; x_wconf 88' lang='lat' dir='ltr'><strong>(quod</strong></span> <span class='ocrx_word' id='word_1_344' title='bbox 1717 5314 1974 5395; x_wconf 86' lang='lat' dir='ltr'><strong>praesati</strong></span> <span class='ocrx_word' id='word_1_345' title='bbox 2012 5332 2275 5395; x_wconf 86' lang='lat' dir='ltr'><strong>quoque</strong></span> <span class='ocrx_word' id='word_1_346' title='bbox 2301 5313 2529 5376; x_wconf 85' lang='lat' dir='ltr'><strong>Patres</strong></span> <span class='ocrx_word' id='word_1_347' title='bbox 2557 5328 2631 5374; x_wconf 88' lang='lat' dir='ltr'><strong>ac</strong></span> <span class='ocrx_word' id='word_1_348' title='bbox 2660 5310 2919 5374; x_wconf 82' lang='lat' dir='ltr'><strong>Fratres</strong></span> <span class='ocrx_word' id='word_1_349' title='bbox 2948 5311 3111 5374; x_wconf 89' lang='lat' dir='ltr'><strong>mihi</strong></span> <span class='ocrx_word' id='word_1_350' title='bbox 3150 5313 3219 5376; x_wconf 90' lang='lat' dir='ltr'><strong>in</strong></span> <span class='ocrx_word' id='word_1_351' title='bbox 3248 5314 3506 5380; x_wconf 89' lang='lat' dir='ltr'><strong>Christo</strong></span> 
     </span>
    </p>
   </div>
  </div>
 </body>
</html>
