4359 6267
161 1360 252 1402 Emi.
265 1373 339 1405 nu.

161 1484 338 1534 latitant,

181 1946 256 1987 Itid.
275 1961 338 1992 nu,

159 2011 188 2034 aa

996 500 1413 547 cotLATtonfl
1454 501 1540 546 SS.
1575 501 1819 546 mmm(
1859 499 2034 546 mmm
2077 501 2138 546 11.
2185 519 2265 528 —-
2306 499 2593 547 COLLATlo
2632 501 2737 547 xxt

3303 480 3424 544 375

357 687 474 730 6556
509 687 574 730 56
608 669 1025 732 christianum
1065 677 1123 733 et
1157 670 1389 734 Christi
1424 671 1626 752 gratia
1664 669 1820 732 libe·
1849 671 1898 733 A
1931 689 2074 752 spes
2104 690 2267 734 vana
2304 671 2610 752 juvenilis
2648 670 2847 734 aetatis
2886 687 3013 732 non
3055 669 3424 752 praejudica-

359 776 556 828 ratum.
591 767 718 830 Non
760 769 966 832 solum
1001 771 1172 831 enim
1205 770 1309 831 hic
1340 769 1693 831 credendus
1724 776 1818 830 est

357 885 474 927 esse
513 865 626 927 sub
671 867 829 948 lege,
874 869 984 950 qui
1029 868 1379 931 contemnit
1427 867 1694 950 implere
1746 885 1820 928 ea

358 983 476 1044 quae
513 964 686 1044 jubet
727 966 851 1040 lex,
884 967 995 1028 sed
1033 967 1226 1029 etiam
1269 966 1375 1028 ille
1415 967 1526 1048 qui
1567 972 1822 1028 conten-

361 1070 444 1124 tus
480 1070 569 1124 est
609 1083 859 1126 servare
905 1065 1015 1127 illa
1056 1073 1302 1127 tantum
1344 1084 1486 1146 quae
1529 1064 1821 1146 praecipit

361 1160 462 1234 lex,
491 1167 552 1222 et
579 1179 977 1244 nequaquam
1017 1162 1274 1225 exbibet
1316 1163 1560 1224 fructus
1595 1161 1820 1242 dignos

359 1259 653 1322 vocatione
691 1267 754 1322 et
791 1261 995 1342 gratia
1035 1261 1290 1334 Christi,
1325 1260 1435 1342 qui
1477 1278 1600 1323 non
1639 1259 1816 1334 dicit,

359 1355 616 1419 Decimas
654 1365 792 1420 tuas
831 1366 895 1420 et
925 1359 1240 1440 primitias
1277 1356 1513 1420 offeres
1552 1357 1822 1420 Domino

361 1454 468 1516 Deo
508 1463 640 1534 tuo;
683 1457 816 1531 sed,
849 1457 1040 1532 Vade,
1073 1466 1137 1518 et
1179 1457 1382 1520 vende
1424 1455 1640 1518 omnia
1681 1476 1822 1538 quae

361 1552 550 1626 habes,
587 1561 648 1614 et
690 1554 770 1616 da
813 1555 1227 1637 pauperibuS‚
1273 1564 1332 1616 et
1379 1554 1646 1617 habebis
1688 1555 1823 1616 the-

359 1669 588 1712 saurum
619 1651 684 1714 in
715 1653 910 1731 coe103
943 1661 1006 1715 et
1033 1653 1200 1726 veni,
1235 1671 1501 1735 sequere
1533 1671 1634 1715 me
1665 1670 1678 1714 ε
1711 1652 1821 1734 (1111

359 1749 428 1810 ob
455 1752 1009 1814 commendandam
1053 1752 1596 1833 magnificentiam
1635 1771 1823 1814 evan—

1931 776 2020 830 ret
2071 768 2430 830 necessitati
2491 767 2717 830 subitae
2774 768 3017 841 mortiS,
3069 786 3211 848 quae
3258 766 3424 829 tollit

1931 866 2207 930 infantes
2254 874 2318 929 et
2366 885 2595 950 pueros
2643 886 2717 930 66
2764 866 3217 940 adolescentes,
3259 865 3426 928 sicut

1930 971 1991 1026 et
2035 984 2238 1028 561165.

2334 1211 2838 1275 CAPITULUM
2901 1211 3023 1274 IX.

2058 1370 2360 1438 Quomodo
2387 1385 2510 1426 non
2536 1369 2949 1442 acquiescente
2977 1383 3193 1430 uxore,
3221 1367 3305 1422 ad

2230 1459 2663 1514 monasterium
2689 1456 3122 1514 convolaverit.

2062 1655 2262 1717 ORRO
2309 1673 2510 1736 quum
2569 1673 2728 1717 uxor
2776 1654 3117 1716 durissima
3162 1671 3289 1714 non
3337 1672 3430 1715 as-

2089 1754 2354 1815 sentiret
2409 1753 2533 1815 sibi
2591 1753 2824 1815 talibus
2884 1751 3430 1815 obsecrationibus

359 1847 550 1926 gelicae
594 1848 1027 1930 perfectioni5‚
1061 1867 1188 1912 non
1233 1851 1546 1912 concessit
1590 1849 1826 1911 brevis·
1860 1857 1907 1920 Β
1934 1853 2170 1933 jugiter
2212 1851 2554 1926 insistenti,
2585 1850 2919 1913 affirmans
2959 1869 3027 1914 se
3066 1851 3429 1912 nullatenus

361 1944 568 2008 simum
609 1947 778 2010 horae
823 1948 1100 2029 spatium
1145 1948 1461 2029 discipulo
1506 1947 1569 2010 id
1613 1955 1825 2029 postu-

361 2042 492 2106 lanti
523 2063 630 2126 pro
655 2054 833 2128 patre
863 2065 978 2108 suo
1007 2046 1516 2128 sepeliend0,nec
1547 2045 1825 2128 praetulit

361 2140 623 2206 humanae
665 2143 947 2206 caritatis
994 2143 1289 2207 officium
1333 2144 1552 2206 divino
1598 2144 1818 2205 amori.

695 2399 1200 2464 CAPITULUM
1259 2400 1441 2464 VIII.

351 2546 620 2612 Quomodo
669 2549 940 2604 Theona-s
975 2548 1291 2620 conjugem
1332 2565 1502 2605 suam
1547 2549 1824 2604 hortatus

640 2639 728 2693 sit
757 2643 826 2694 ut
851 2639 1238 2695 renuntiaret
1265 2639 1506 2694 munda

357 2828 686 3030 QUIBUS
745 2834 1003 2908 auditiS‚
1055 2835 1120 2898 B.
1175 2835 1460 2897 Theonas
1515 2853 1822 2897 6666115115

492 2933 992 3014 inexstinguibili
1035 2933 1349 2996 desiderio
1389 2933 1819 3015 perfectioniS,

1937 1968 2122 2032 posse
2170 1969 2384 2012 carere
2438 1949 2647 2012 mariti
2708 1949 2931 2012 solatio
2978 1957 3238 2032 propter
3284 1949 3431 2011 ado·

1937 2049 2256 2112 lescentiae
2290 2068 2419 2111 suae
2459 2048 2710 2122 florem,
2744 2048 3013 2130 ideoque
3044 2048 3097 2110 si
3128 2048 3282 2130 quid
3314 2048 3434 2109 cri-

1935 2147 2127 2210 minis
2167 2154 2561 2229 perpetraret
2590 2147 2809 2209 relicta
2836 2146 2918 2208 ab
2949 2164 3045 2219 e0,
3083 2146 3285 2226 magis
3317 2147 3431 2207 im-

1933 2246 2287 2327 putandum
2319 2263 2457 2308 esse
2487 2244 2695 2307 eidem
2727 2245 2838 2326 qui
2877 2244 3117 2307 foedera
3146 2242 3430 2324 conjugii

1933 2352 2306 2426 rumperet:
2342 2351 2494 2405 tunc
2547 2343 2683 2425 ipse
2732 2342 3016 2405 Theonas
3071 2361 3270 2424 quum
3320 2340 3431 2403 diu

1933 2442 2372 2524 praetendisset
2400 2449 2461 2504 et
2491 2441 2822 2522 allegasset
2852 2440 3284 2502 conditionem
3323 2457 3432 2500 na-

1934 2548 2091 2603 turae
2122 2541 2417 2602 humanae
2449 2539 2631 2601 valde
2668 2538 2973 2601 incertam
3010 2557 3083 2601 66
3114 2537 3428 2619 fragilem,

1934 2647 1996 2700 et
2021 2658 2214 2721 quam
2239 2638 2672 2720 periculosum
2697 2645 2864 2699 esset
2886 2637 3127 2700 diutius
3158 2636 3437 2718 implica-

1935 2737 1989 2798 ri
2020 2737 2353 2798 desideriis
2385 2735 2813 2818 operibusque
2847 2734 3207 2797 carnalibus
3233 2754 3246 2797 :
3270 2751 3435 2795 asse-

1934 2834 2112 2897 rebat
2141 2851 2270 2896 non
2310 2834 2502 2896 licere
2540 2833 2733 2895 alicui
2766 2833 2977 2896 facere
3010 2851 3077 2894 se
3118 2839 3433 2894 extorrem

1933 2953 2046 2995 5611
2091 2932 2563 3015 imparticipem
2610 2931 2759 2994 boni
2805 2931 2974 3014 quod
3017 2930 3261 3004 didicit,
3305 2948 3437 2990 ma·
3516 2949 3523 2954 ·

351 3045 540 3091 semen
603 3029 783 3092 verbi
847 3031 1124 3094 coelestis
1189 3039 1569 3113 conceptum
1635 3032 1822 3093 corde
1858 3037 1901 3101 C
1931 3032 2089 3114 joris
2149 3049 2404 3114 quoque
2456 3049 2593 3094 esse
2651 3031 2893 3113 peceati
2952 3030 3277 3111 despicere
3336 3045 3437 3090 60-

353 3125 598 3190 fecundo
637 3129 920 3209 reposuit
960 3128 1140 3210 quasi
1184 3129 1247 3190 in
1292 3129 1488 3191 sulcis
1527 3129 1823 3191 edomitis

351 3230 403 3284 61
447 3224 772 3306 profundis
818 3242 832 3286 :
885 3225 1162 3288 maxime
1211 3227 1586 3289 humiliatus
1633 3233 1824 3309 atque

353 3331 752 3405 compunctus
799 3323 864 3384 in
914 3323 1056 3398 1106,
1104 3325 1272 3405 quod
1321 3344 1514 3386 senex
1562 3325 1828 3386 dixisset.

352 3439 481 3484 eum
507 3440 631 3485 non
666 3421 876 3486 solum
912 3439 1040 3484 non
1078 3422 1360 3503 attigisse
1393 3422 1824 3504 evangelicam

353 3519 810 3600 perfectionem,
846 3521 978 3582 imo
1008 3527 1072 3582 et
1102 3520 1208 3582 vix
1245 3520 1628 3602 adimplesse
1669 3521 1826 3603 legis

353 3619 651 3696 mandata3
693 3618 938 3680 deflens
988 3638 1056 3680 se
1100 3618 1384 3681 nondum
1433 3619 1688 3682 audisse
1734 3639 1828 3682 ra-

355 3717 568 3780 tionem
599 3719 1052 3801 primitiarum,
1081 3738 1282 3801 quum
1312 3726 1527 3781 tamen
1559 3720 1828 3800 singulis

353 3818 518 3878 annis
563 3816 784 3881 solitus
829 3825 996 3880 esset
1039 3817 1271 3880 afferre
1319 3818 1622 3881 diaconiae
1667 3819 1833 3881 deci-

357 3933 476 3976 mas
521 3914 774 3997 frugum
819 3935 1100 3978 suarum.
1146 3916 1308 3990 Quas
1356 3917 1475 3978 etsi
1514 3916 1698 3979 aliter
1743 3919 1833 3978 'at-

1933 3131 2174 3212 gnitam
2217 3130 2569 3193 bonitatem
2609 3148 2800 3210 quam
2845 3146 2971 3191 non
3015 3147 3225 3190 amare
3265 3127 3435 3189 inco-

1933 3229 2199 3308 gnitam,
2255 3247 2322 3290 se
2382 3229 2533 3290 item
2596 3227 2835 3289 involvi
2894 3224 3433 3308 praevaricationis

1937 3333 2112 3388 reatu
2144 3326 2198 3387 si
2233 3334 2482 3388 terrena
2518 3325 2899 3407 sordidaque
2942 3323 3265 3406 praeferret
3306 3331 3433 3385 tam

1937 3423 2257 3506 praeclaris
2287 3443 2360 3486 ac
2384 3424 2752 3488 coelestibus
2777 3423 2961 3486 donis
2988 3423 3295 3502 inventis3
3318 3441 3441 3484 ma-

1937 3523 2379 3604 gnificentiam
2429 3541 2683 3605 quoque
2734 3521 3141 3604 perfectionis
3186 3522 3265 3584 ad
3308 3539 3440 3584 om-

1940 3641 2089 3685 nem
2148 3630 2397 3685 aetatem
2455 3630 2517 3685 et
2574 3641 2799 3685 sexum
2859 3621 3197 3703 pertinere,
3248 3627 3439 3702 atque

1944 3721 2241 3783 universa
2274 3720 2571 3784 Ecclesiae
2612 3721 2901 3783 membra
2943 3719 3196 3782 invitari
3228 3720 3305 3781 ad
3336 3737 3440 3799 ag·

1941 3820 2349 3900 grediendam
2387 3827 2451 3881 et
2482 3820 2945 3882 ascendendam
2991 3818 3438 3882 celsitudinem

1945 3918 2322 3981 sublimium
2376 3918 2769 3993 meritorum,
2816 3917 3067 3980 dicente
3110 3917 3433 3999 Apost010,

359 4013 610 4088 tulisset,
659 4014 864 4077 nihilo
921 4015 1138 4076 minus
1196 4014 1513 4076 fatebatur
1569 4034 1635 4076 se
1695 4015 1833 4078 lon·
1946 4019 2048 4081 Sic
2089 4017 2325 4079 currite
2365 4023 2432 4077 ut
2473 4017 3060 4097 comprehendatis;
3101 4034 3218 4077 nec
3264 4035 3438 4097 para·
3506 4043 3729 4094 icona,

359 4129 426 4189 ge
460 4112 684 4174 distare
725 4113 1077 4175 secundum
1129 4114 1298 4176 senis
1337 4114 1716 4176 sententiam
1755 4113 1835 4175 ab
1948 4125 2042 4178 tos
2089 4133 2160 4177 ac
2210 4115 2447 4177 alacres
2500 4113 2731 4176 debere
2779 4113 3125 4176 subsistere
3179 4121 3438 4195 propter
3464 4108 3531 4149 ²⁴·

361 4211 704 4291 evangelica
735 4211 1145 4294 perfectione.
1179 4213 1489 4275 Reversus
1518 4220 1614 4274 est
1645 4213 1839 4293 igitur
1867 4218 1916 4279 D
1950 4232 2156 4277 mores
2212 4233 2285 4275 ac
2345 4230 2552 4275 moras
2612 4212 2902 4293 segnium
2958 4231 3029 4273 ac
3087 4212 3436 4287 tardorum,

165 4306 188 4347 ΙΙ
197 4307 272 4353 Γᾶν.
283 4327 338 4363 ςυ,

362 4306 602 4370 (1011111111
650 4309 872 4383 tristiS,
920 4310 1028 4372 illa
1073 4310 1344 4372 affectus
1395 4310 1649 4372 tristitia
1696 4329 1836 4392 quae

363 4407 786 4486 poenitentiam
836 4409 903 4470 in
953 4409 1224 4471 salutem
1277 4407 1569 4470 stabilem
1618 4427 1836 4490 opera-

361 4511 498 4567 tur:
529 4525 644 4568 nec
686 4505 820 4586 jam
863 4507 1095 4568 dubius
1140 4506 1218 4568 de
1261 4525 1375 4568 sua
1415 4507 1736 4568 voluntate
1775 4513 1838 4569 et

365 4602 718 4677 intentione,
751 4605 1064 4668 convertit
1092 4623 1348 4668 omnem
1388 4624 1568 4667 suam
1608 4605 1838 4667 sollici-

362 4702 630 4765 tudinem
673 4704 842 4766 circa
881 4704 1172 4786 conjugis
1215 4724 1346 4768 suae
1387 4705 1679 4778 salutem,
1715 4723 1838 4768 coe-

365 4799 565 4882 pitque
595 4821 738 4864 eam
768 4803 1082 4865 exhortari
1122 4802 1200 4864 ad
1231 4802 1617 4864 desiderium
1657 4803 1841 4885 spiri-

364 4898 516 4962 tuale
539 4919 666 4983 quo
695 4901 831 4983 ipse
853 4920 1158 4963 accensus
1182 4901 1314 4982 jam
1340 4901 1366 4962 f
1368 4901 1567 4979 uit3ad
1578 4920 1838 4965 monens

363 5015 488 5060 eam
529 5018 674 5061 cum
719 5000 997 5062 lacrimis
1033 5001 1136 5062 die
1176 5018 1248 5060 ac
1288 5008 1496 5074 nocte,
1531 5006 1600 5060 ut
1640 5001 1704 5062 in
1745 5020 1840 5063 ca-

1948 4332 2146 4395 quum
2189 4312 2424 4374 rectius
2464 4312 2546 4374 sit
2587 4319 2657 4372 ut
2694 4309 2941 4372 desides
2979 4329 3016 4371 a
3056 4329 3443 4391 praecurren·

1950 4410 2119 4472 tibus
2171 4410 2538 4483 incitentur,
2592 4427 2783 4491 quam
2835 4415 2905 4468 ut
2951 4417 3361 4490 properantes
3406 4428 3445 4470 a

1948 4508 2316 4571 sedentibus
2359 4527 2432 4570 ac
2478 4507 2675 4590 pigris
2718 4507 3138 4594 detineantur.
3176 4506 3252 4567 Et
3294 4506 3445 4570 hinc

1949 4626 2015 4669 se
2058 4607 2417 4670 decrevisse
2458 4605 2711 4668 dicebat
2754 4605 3118 4667 renuntiare
3162 4623 3237 4666 ac
3285 4605 3445 4668 mori

1951 4706 2297 4779 mundo‚ut
2327 4704 2527 4787 possit
2556 4703 2770 4766 vivere
2801 4704 3027 4778 Deo,et
3059 4704 3200 4767 ideo
3231 4724 3451 4786 quam·

1951 4805 2046 4867 vis
2085 4803 2372 4866 obtinere
2410 4803 2675 4884 gratiam
2721 4803 2906 4864 istam
2951 4820 3080 4864 non
3122 4811 3337 4883 posset
3377 4811 3446 4865 ut

1950 4903 2141 4965 simul
2204 4920 2349 4963 cum
2409 4901 2681 4982 conjuge
2738 4901 3031 4962 transiret
3091 4900 3156 4960 in
3211 4900 3441 4963 Christi

1952 5002 2363 5074 consortium,
2402 4999 2587 5061 malle
2615 5008 2830 5062 tamen
2862 4999 3091 5061 salvari
3123 5016 3269 5059 cum
3305 5000 3442 5060 uni-

363 5095 557 5159 stitate
603 5105 668 5160 et
715 5098 1135 5160 sanctimonia
1177 5099 1304 5160 Deo
1354 5098 1589 5180 pariter
1637 5099 1842 5163 deser-

365 5193 577 5269 virent,
609 5195 828 5258 dicens
859 5197 1338 5259 conversionem
1369 5196 1447 5257 ad
1480 5195 1675 5257 vitam
1712 5216 1840 5259 me-

367 5290 572 5355 liorem
615 5312 755 5356 esse
797 5295 1159 5357 nullatenus
1202 5294 1648 5369 differendam,
1691 5297 1842 5376 quia

1953 5121 2026 5162 us
2085 5099 2359 5161 membri
2418 5097 2773 5180 dispendio,
2822 5104 2884 5158 et
2931 5095 3111 5177 quasi
3160 5095 3438 5158 debilem
3520 5122 3697 5168 unuh,

1953 5196 2198 5278 ingredi
2234 5214 2501 5276 regnum
2540 5197 2867 5270 coelorum,
2901 5213 3093 5277 quam
3128 5212 3277 5255 cum
3308 5212 3441 5256 cor·
3468 5198 3583 5238 ”¹¹¹⁹
3610 5189 3651 5231 ⁸·

1957 5295 2130 5378 poris
2173 5295 2532 5376 integritate
2574 5295 2879 5357 damnari.
