4359 6267
871 480 951 543 36
1763 501 1842 545 nu
1883 500 2213 546 msrrru'ris
2256 502 2340 546 ss.
2376 500 2636 547 runnu.
2682 518 2763 529 —
2803 500 2978 547 Lmen
3018 502 3085 545 111

870 668 1078 730 facere
1119 687 1268 731 vera
1309 666 1688 730 humilitate.
1732 669 1801 730 In
1842 668 2169 730 nocturnis
2214 685 2364 732 vero
2395 667 2446 729 A
2477 668 3015 750 consumpsimus,
3050 668 3485 750 impertientes
3525 677 3763 733 naturae
3794 670 3971 751 quod

871 766 1120 829 Officiis
1166 766 1349 828 datur
1399 766 1674 828 intrandi
1729 766 1986 828 licentia
2035 785 2237 849 usque
2286 767 2364 828 ad

869 864 1069 925 finem
1115 864 1378 925 secundi
1423 863 1676 945 psalmi,
1719 864 2064 926 dummodo
2111 864 2363 925 tardans

870 959 1340 1042 congregationi
1390 981 1456 1023 se
1507 963 1744 1023 inserat
1789 969 2151 1043 antequam,
2201 962 2363 1043 psal-

872 1078 977 1121 mo
1007 1061 1285 1121 secundo
1316 1059 1524 1133 finito,
1543 1061 1786 1121 Fratres
1819 1059 1884 1120 in
1915 1060 2196 1122 oratione
2229 1077 2365 1140 pro·

873 1157 1194 1219 cumbant.
1240 1157 1316 1219 Et
1355 1140 1620 1219 ssultra
1663 1158 1782 1218 hoc
1825 1156 1925 1218 vel
1972 1176 2198 1238 parum
2244 1165 2364 1218 tar-

872 1256 1135 1329 daverit,
1162 1256 1370 1317 eidem
1402 1254 1822 1336 increpationi
1855 1261 1916 1316 et
1944 1254 2358 1318 satisfactioni

872 1353 1180 1415 subdetur
1220 1372 1412 1434 quam
1456 1353 1753 1415 diximus,

1241 1606 1744 1670 CAPITULUM
1811 1606 1989 1669 VIII.

873 1756 1053 1822 Quem
1091 1756 1378 1827 temporis
1413 1756 1648 1810 modum
1685 1760 1926 1811 teneant
1957 1756 2197 1826 viqilz'ae
2229 1771 2365 1827 quae

2474 786 2662 828 suum
2708 774 2824 841 est,
2873 786 2988 829 nec
3038 766 3343 829 habentes
3389 768 3830 830 necessitatem
3873 788 3977 829 re-

2476 865 2767 927 sumendi
2802 865 2865 926 in
2898 865 2999 926 die
3040 866 3209 945 quod
3248 868 3495 946 corpori
3536 866 3973 928 subtraximus

2475 970 2679 1025 nocte.
2716 964 2941 1025 Totum
2982 982 3259 1044 namque
3301 964 3545 1045 corpori
3587 982 3703 1026 suo
3742 964 3973 1045 procul

2476 1059 2673 1122 dubio
2713 1061 2952 1134 reddet,
2986 1062 3377 1143 quicumque
3418 1062 3756 1123 tentaverit
3784 1062 3842 1123 ei
3872 1070 3973 1123 to-

2474 1165 2609 1219 tum
2656 1160 2825 1239 quod
2865 1159 3005 1239 ejus
3046 1168 3141 1221 cst
3181 1160 3513 1239 denegare,
3546 1168 3607 1221 et
3647 1178 3773 1223 non
3814 1178 3969 1221 cum

2475 1256 2855 1319 discretione
2886 1266 3132 1338 partem
3162 1264 3409 1319 tantum
3449 1258 3842 1332 subtrahere,
3872 1266 3969 1319 at-

2475 1373 2599 1436 que
2645 1361 2711 1415 ut
2758 1355 2971 1417 verius
3016 1356 3246 1429 dicam,
3290 1373 3415 1419 non
3462 1356 3809 1437 superflua,
3852 1356 3965 1418 sed

2476 1452 2833 1515 necessaria
2880 1453 2939 1514 ei
2986 1454 3259 1516 voluerit
3310 1462 3658 1535 amputare.
3704 1454 3970 1535 Propter

2477 1551 2645 1633 quod
2679 1569 2937 1613 necesse
2969 1552 3090 1613 erit
3122 1550 3347 1633 majori
3380 1551 3628 1614 fervore
3667 1570 3968 1614 somnum

2476 1668 2879 1730 recuperare,
2933 1650 2986 1711 si
3036 1649 3275 1712 suerint
3322 1650 3559 1731 vigiliae
3607 1649 3968 1712 indiscretae

2476 1765 2677 1827 usque
2709 1748 2787 1808 ad
2819 1746 3028 1810 lucem
3062 1754 3409 1829 protractae.
3444 1748 3687 1811 Idcirco
3714 1748 3970 1828 vigilias

943 1860 982 1899 a
1004 1860 1253 1915 vespera
1281 1844 1656 1900 illucescente
1683 1844 1931 1901 sabbato
1959 1844 2361 1907 celebrantur,
2400 1839 2448 1901 Β
2480 1844 2809 1927 tripartitis
2835 1844 3235 1926 distinguunt
3264 1845 3532 1920 Officiis,
3552 1853 3622 1907 ut
3646 1846 3821 1908 labor
3848 1846 3970 1907 hac

942 1933 1036 1988 vel
1062 1949 1178 2006 quo
1207 1934 1422 1989 ordine
1448 1934 1622 2004 fiant.

996 2136 1152 2198 ANE
1187 2137 1436 2218 vigilias
1470 2158 1612 2219 quae
1651 2139 1919 2219 singulis
1958 2137 2367 2200 hebdomadi-

1015 2234 1134 2295 bus
1175 2234 1592 2298 observantur
1621 2256 1656 2299 a
1686 2256 1951 2317 vespera
1990 2235 2251 2297 sabbato
2292 2235 2363 2296 il-

875 2331 1257 2407 lucescente,
1309 2335 1452 2397 ideo
1504 2335 1783 2397 seniores
1836 2336 2244 2397 moderantur
2291 2354 2363 2395 ac

873 2432 1250 2513 protrahunt.
1297 2452 1411 2514 per
1463 2435 1840 2496 monasteria
1890 2441 2177 2515 tempore
2233 2433 2364 2495 hie-

874 2530 1046 2603 mali,
1080 2531 1334 2611 quando
1365 2539 1580 2594 noctes
1612 2540 1760 2593 sunt
1791 2533 2127 2613 longiores,
2162 2551 2365 2612 usque

871 2630 950 2691 ad
989 2636 1286 2709 quartum
1326 2629 1632 2709 gallorum
1671 2638 1951 2704 cantum,
1985 2637 2050 2691 ut
2095 2638 2235 2711 post
2274 2638 2363 2692 to-

873 2726 999 2789 tius
1051 2727 1253 2789 noctis
1303 2728 1551 2808 vigilias
1607 2728 1870 2810 reliquis
1927 2728 2172 2791 duabus
2235 2728 2364 2790 fere

873 2825 1045 2887 horis
1077 2842 1340 2906 corpora
1380 2845 1494 2887 sua
1533 2821 1755 2889 somno
1796 2834 2227 2907 repausanteS,
2262 2846 2367 2888 ne·-

872 2941 1192 3005 quaquam
1238 2942 1350 3005 per
1392 2932 1596 2986 toturn
1643 2925 1812 2987 diem
1858 2925 2065 2986 somni
2111 2932 2363 3005 torpore

2476 1942 2840 2005 diversitate
2902 1943 3167 2019 divisuS,
3218 1943 3635 2006 delectatione
3692 1944 3967 2025 quadam

2475 2040 2909 2120 fatigationem
2943 2042 3179 2104 relevet
3218 2043 3520 2123 corporiS.
3556 2042 3762 2115 Quum
3790 2041 3968 2103 enim

2476 2139 2699 2201 stando
2746 2146 2873 2201 tres
2922 2140 3301 2222 antiphonas
3351 2140 3771 2213 cantaverint,
3822 2150 3971 2221 post

2476 2237 2611 2299 haec
2659 2238 2723 2298 in
2774 2244 2941 2299 terra
2990 2246 3099 2299 aut
3150 2238 3215 2299 in
3265 2238 3618 2300 humilibus
3674 2239 3969 2301 sedentes

2476 2334 2735 2397 sedibus
2786 2342 2912 2396 tres
2964 2336 3263 2417 psalmOS,
3318 2354 3443 2398 uno
3494 2353 3600 2398 eos
3650 2344 3967 2409 cantante,

2475 2433 2829 2514 adjungunt
2866 2454 2880 2498 ε
2925 2434 3033 2515 qui
3079 2443 3289 2495 tamen
3340 2433 3572 2514 singuli
3618 2453 3657 2495 a
3698 2434 3970 2515 singulis

2476 2532 2796 2594 Fratribus
2840 2532 3126 2594 vicissim
3170 2532 3291 2594 sibi
3334 2532 3822 2594 succedent-ibus
3866 2534 3972 2595 de-

2477 2636 2850 2708 cantantur3
2896 2638 2960 2691 et-
3008 2629 3127 2692 sub
3176 2631 3397 2691 eadem
3444 2630 3659 2711 quiete
3706 2631 3969 2693 sedendi

2479 2728 2739 2808 psalmis
2772 2728 2870 2790 his
2901 2728 3107 2789 tribus
3140 2735 3265 2789 tres
3298 2728 3611 2809 adjiciunt
3641 2729 3965 2791 lectioneS.

2478 2826 2707 2906 Sicque
2740 2825 3131 2907 corporalem
3164 2826 3526 2887 minuentes
3560 2826 3859 2899 laborem,
3882 2827 3975 2888 vi-

2474 2923 2657 3003 gilias
2719 2942 2863 2984 suas
2916 2923 3141 3003 majori
3191 2923 3424 2985 mentis
3474 2922 3823 2987 intentione
3863 2943 3971 2986 ex-

871 3029 1235 3102 graventur,
1301 3023 1580 3084 contenti
1649 3022 1862 3103 quiete
1932 3030 2060 3084 tam
2129 3022 2363 3084 modici
2404 3020 2446 3083 C
2476 3030 2711 3084 ercent.

871 3118 1180 3199 temporis
1230 3136 1344 3199 pro
1393 3137 1617 3182 somno
1665 3120 1858 3181 totius
1909 3120 2132 3181 noctis.
2189 3120 2365 3192 Quod

874 3234 988 3279 nos
1032 3234 1286 3297 quoque
1328 3218 1502 3278 omni
1549 3218 1877 3298 diligentia
1919 3218 2208 3299 congruit
2260 3236 2367 3279 cu-

873 3314 1453 3395 stodire,quatenus
1485 3315 1764 3377 contenti
1797 3333 2019 3377 somno
2045 3316 2152 3397 qui
2184 3316 2366 3377 nobis

874 3413 1246 3475 conceditur
1275 3420 1416 3494 post
1459 3413 1720 3476 missam
1759 3413 2122 3493 vigiliarum
2164 3433 2365 3494 usque

873 3512 951 3573 ad
985 3511 1145 3573 lucis
1176 3511 1542 3584 adventum,
1578 3512 1640 3573 id
1671 3520 1766 3573 est
1801 3530 2003 3592 usque
2034 3512 2111 3573 ad
2142 3512 2368 3574 Primae

875 3609 1396 3693 persolutionem,
1452 3616 1656 3671 totum
1709 3609 2013 3691 deinceps
2073 3610 2245 3671 diem
2302 3610 2363 3670 in

873 3726 1064 3790 opere
1095 3708 1594 3789 necessariisque
1625 3709 2056 3789 expendamus
2087 3707 2373 3770 officiis:

873 3826 954 3869 ne
1000 3824 1295 3868 somnum
1341 3824 1532 3887 quem
1577 3806 1744 3867 nocti
1799 3806 2253 3879 subtraximuS,
2301 3806 2366 3867 in

874 3904 976 3967 die
1018 3921 1339 3965 resumere
1385 3903 1845 3984 compellamur
1882 3923 1958 3965 ex
2004 3904 2366 3984 vigiliarum

875 4002 1246 4064 lassitudine
1291 4009 1354 4063 et
1398 4001 1632 4063 virium
1673 4002 2104 4075 evacuatione,
2149 4004 2369 4083 sicque

875 4100 1206 4163 videamur
1251 4107 1502 4180 tempus
1543 4100 1777 4180 quietis
1817 4108 1880 4162 et
1921 4118 2217 4162 somnum
2261 4118 2368 4161 no-

2878 3229 3381 3294 CAPITULUM
3446 3232 3564 3293 IX.

2480 3362 2679 3427 Quare
2708 3360 3083 3416 illucescente
3112 3378 3214 3417 seu
3244 3363 3588 3416 imminente
3623 3362 3723 3417 die
3754 3361 3973 3416 sabba-

2552 3451 2603 3504 ti
2631 3450 2870 3521 viqilioe
2900 3451 3201 3507 institutoe
3238 3452 3384 3514 sint,
3416 3458 3473 3506 et
3500 3468 3689 3524 quare
3710 3468 3825 3523 per·
3852 3468 3973 3507 om-

2551 3556 2683 3595 nem
2728 3540 3021 3595 orientem
3057 3540 3377 3611 jejunium
3421 3558 3542 3597 non
3586 3546 3855 3597 servetur
3904 3542 3975 3596 in

2548 3629 2818 3685 sabbato.

2624 3798 2935 3872 ENIQUE
2995 3800 3286 3881 praefatas
3342 3799 3593 3880 vigilias
3649 3798 3887 3862 idcirco
3938 3820 3977 3862 a

2622 3905 2907 3979 tempore
2941 3898 3407 3978 praedicationis
3437 3898 3821 3980 apostolicae,
3846 3916 3976 3980 quo

2481 3996 2827 4058 christiana
2862 3994 3025 4057 fides
3066 4004 3254 4077 atque
3295 3997 3514 4077 religio
3557 3997 3817 4058 fundata
3852 4004 3973 4070 est,

2482 4094 2845 4156 institutum
2885 4101 2981 4155 est
3019 4094 3340 4157 observari
3375 4115 3489 4177 per
3527 4103 3732 4158 totum
3772 4095 3983 4157 orien-

876 4206 1173 4260 cturnum
1225 4198 1436 4278 potius
1492 4205 1939 4270 commutasse,
1991 4216 2184 4279 quam
2235 4216 2369 4259 cor·
2402 4202 2449 4262 D
2482 4201 2633 4267 tem,
2669 4192 2930 4255 sabbato
2962 4193 3391 4266 illucescente,
3415 4194 3534 4256 hoc
3566 4201 3662 4255 est
3694 4194 3760 4255 in
3792 4202 3979 4256 nocte

876 4296 1014 4377 pori
1044 4296 1332 4376 requiem
1363 4295 1765 4357 subtraxisse.
1792 4296 2164 4357 Nullatenus
2196 4296 2369 4358 enim

875 4396 1104 4477 poterit
1135 4393 1376 4474 fragilis
1409 4412 1553 4455 caro
1585 4393 1670 4454 ita
1699 4394 1890 4455 totius
1923 4394 2125 4456 noctis
2157 4395 2370 4475 quiete

877 4492 1134 4575 privari,
1185 4499 1252 4552 ut
1297 4492 1400 4553 die
1449 4492 1740 4572 sequenti
1787 4492 2027 4574 absque
2072 4493 2369 4555 dormita-

875 4590 1047 4652 tione
1106 4588 1430 4670 animique
1491 4597 1743 4671 torpore
1803 4590 2113 4670 integram
2171 4591 2371 4671 possit

875 4706 1126 4750 servare
1175 4686 1486 4767 vigiliam,
1532 4707 1674 4768 quae
1734 4688 2118 4769 impedietur
2171 4689 2372 4769 magis

876 4806 1068 4868 quam
1127 4784 1555 4865 adjuvabitur,
1618 4786 1741 4847 nisi
1801 4794 1944 4868 post
2006 4788 2373 4868 vigiliarum

879 4884 1136 4947 missam
1167 4884 1630 4965 aliquantulum
1664 4885 1868 4947 somni
1895 4887 2244 4966 gustaverit
2273 4887 2379 4949 ho-

879 5002 1000 5046 mo.
1058 4984 1134 5045 Et
1183 4983 1324 5045 idco
1373 4982 1564 5045 unius
1624 4983 1846 5045 saltem
1898 4984 2064 5047 horae
2114 5002 2376 5046 somnus

879 5091 1024 5147 ante
1078 5083 1310 5156 lucem,
1364 5090 1433 5144 ut
1482 5082 1782 5155 diximus,
1833 5091 2073 5145 naturae
2123 5100 2382 5144 conces-

879 5200 1012 5255 suS,
1067 5180 1418 5242 lucrabitur
1465 5187 1527 5241 et
1577 5178 1978 5241 conservabit
2027 5198 2249 5241 omnes
2288 5180 2380 5242 vi-

883 5278 1181 5360 giliarum
1213 5278 1397 5339 horas
1437 5296 1594 5360 quas
1625 5283 1756 5339 tota
1784 5284 1970 5339 nocte
2002 5277 2068 5339 in
2098 5278 2381 5341 oratione

2480 4291 2707 4354 feriam
2765 4299 3005 4353 sextam
3056 4298 3381 4373 sequente,
3424 4292 3727 4372 quoniam
3766 4292 3979 4354 Domi·

2485 4408 2567 4452 no
2598 4391 2915 4453 Salvatore
2948 4398 3123 4451 sexta
3154 4389 3314 4451 feria
3353 4389 3683 4465 crucifixo,
3716 4391 3981 4473 Aposto-

2485 4488 2529 4550 li
2570 4489 2806 4551 recenti
2847 4488 3063 4550 dolore
3107 4488 3391 4569 percussi
3434 4496 3564 4550 tota
3606 4497 3981 4551 manserunt

2484 4596 2669 4649 nocte
2700 4587 3063 4669 pervigileS,
3098 4604 3394 4649 somnum
3435 4588 3567 4649 suis
3605 4588 3809 4650 oculis
3838 4590 3983 4649 nul-

2484 4687 2731 4748 latenus
2772 4687 3207 4747 concedentes.
3245 4684 3665 4758 Quamobrem
3706 4704 3783 4747 ex
3822 4694 3983 4749 tunc

2484 4786 2783 4865 deputata
2832 4791 2928 4845 est
2974 4782 3337 4863 vigiliarum
3396 4783 3753 4846 observatio
3806 4786 3984 4848 nocti

2485 4884 2718 4956 eidem,
2766 4889 2828 4943 et
2878 4899 3079 4963 usque
3130 4880 3194 4941 in
3242 4901 3520 4963 praesens
3569 4900 3683 4963 per
3727 4882 3985 4944 univer-

2486 5000 2629 5044 sum
2664 4981 2972 5043 orientem
3014 4978 3107 5041 sic
3146 4978 3536 5042 observatur.
3572 4980 3747 5043 Unde
3784 4988 3847 5042 ct
3884 5000 3989 5044 so-

2490 5080 2648 5143 lutio
2688 5078 2918 5161 jejunii
2964 5077 3044 5139 ab
3087 5078 3451 5159 apostolicis
3494 5078 3648 5141 viris
3693 5080 3991 5143 instituta

2490 5186 2585 5242 est
2633 5176 2895 5240 sabbato
2938 5184 3081 5258 post
3125 5176 3572 5257 praedictarum
3615 5177 3989 5259 vigiliarum

2494 5277 2797 5350 laborem,
2860 5283 3049 5357 atque
3108 5294 3222 5355 per
3280 5276 3608 5338 universas
3668 5275 3989 5339 Ecclesias
