4359 6267
905 507 1025 572 322
1587 526 2002 572 COLLATIONUM
2046 525 2130 570 ss.
2165 523 2409 569 mmm
2448 523 2623 569 tumn
2665 523 2726 567 11.
2774 541 2855 550 --
2894 521 3179 568 οοιιΑΤιο
3220 523 3325 567 xvi

906 718 1159 780 semper
1207 697 1436 759 humili
1485 696 1766 758 retinens
1811 696 1997 758 corde
2047 694 2223 756 illam
2274 689 2481 753 Sal-A
2509 690 2828 764 stantiam,
2861 691 2953 752 sic
3001 690 3165 752 inter
3215 688 3577 771 spirituales
3625 689 3831 770 gignit
3875 688 3997 751 dis-

637 811 813 855 Μαιιὴ.
834 827 877 862 v,
907 799 1138 860 vatoris
1170 797 1546 858 sententiam
1583 813 1596 857 :
1631 795 1690 856 Si
1723 795 1920 856 offers
1953 812 2186 855 munus
2218 801 2397 852 tuum
2508 789 2788 851 cordiam
2830 807 2907 850 ex
2953 788 3253 851 varietate
3296 788 3671 870 opinionum
3714 796 3825 849 aut
3860 808 3996 850 sen-

611 877 678 916 23·
905 895 983 957 ad
1015 894 1230 967 altare,
1256 903 1318 954 et
1349 893 1438 954 ibi
1471 893 1832 954 recordatus
1868 891 2065 952 fueris
2096 889 2247 971 quia
2276 887 2399 950 fra·
2506 887 2861 948 tentiarum.
2882 887 2969 948 Ex
3001 905 3128 969 qua
3156 886 3343 969 plane
3372 885 3687 948 discordia
3710 884 3995 948 oriuntur
4279 959 4280 964 γ

907 1001 1000 1054 ter
1040 1001 1186 1054 tuus
1227 992 1418 1054 habet
1455 991 1696 1072 aliquid
1735 990 2071 1051 adversum
2113 996 2197 1060 te,
2230 989 2397 1048 ete?
2506 984 2873 1067 frequenter
2905 985 3055 1046 rixas
3083 993 3146 1047 et
3174 984 3632 1057 contentioneS,
3655 1003 3813 1066 quas
3840 984 3993 1066 Apo-
4060 1003 4280 1052 caiam„

904 1091 1074 1155 Nihil
1131 1091 1370 1172 quippe
1431 1090 1710 1171 proderit
1757 1090 1809 1151 si
1860 1097 1921 1148 te
1969 1106 2212 1150 asseras
2272 1103 2396 1148 non
2507 1083 2705 1147 stolus
2749 1084 3023 1145 damnat.
3072 1083 3247 1146 Unde
3295 1090 3758 1164 consequenter
3798 1083 3991 1145 hostis
4017 1069 4079 1107 ²⁰·

906 1191 1113 1263 irasci,
1163 1198 1227 1251 et
1272 1197 1457 1271 putes
1510 1197 1566 1250 te
1615 1188 1963 1268 adimplere
2017 1186 2175 1247 illud
2227 1203 2399 1246 man·
2504 1183 2807 1263 antiquus
2845 1190 2908 1244 et
2938 1181 3253 1263 malignus
3293 1181 3565 1243 divortia
3602 1180 3873 1242 seminat
3900 1181 3988 1242 in-

905 1289 1144 1360 datum,
1181 1288 1280 1352 Sol
1325 1305 1450 1348 non
1489 1287 1734 1348 occidat
1769 1304 1962 1367 super
2001 1283 2395 1345 iracundiam
2505 1289 2600 1342 ter
2640 1279 2865 1342 fratres
2906 1280 3258 1342 unanimes.
3284 1280 3443 1341 Vera
3483 1279 3725 1361 quippe
3762 1286 3857 1341 est
3888 1279 3989 1342 illa

636 1395 811 1470 ,smm-
833 1441 875 1478 v,
905 1395 1214 1464 vestram3
1247 1393 1329 1457 et,
1363 1385 1478 1457 Qui
1521 1384 1814 1446 irascitur
1853 1382 2028 1444 fratri
2075 1398 2213 1454 suc,
2252 1398 2395 1442 reus
2506 1379 2858 1441 Salomonis
2898 1379 3213 1441 sententia
3246 1397 3259 1440 ε
3294 1377 3522 1440 Odium
3558 1377 3822 1440 suscitat
3852 1396 3988 1440 con·
4026 1397 4257 1445 Prummu,

611 1493 677 1532 ²2·
905 1485 1024 1547 erit
1051 1485 1330 1564 judici03
1363 1491 1424 1544 et
1465 1481 1824 1545 contumaci
1865 1480 2052 1542 corde
2082 1478 2395 1559 despicias
2504 1476 2751 1555 tenti03
2812 1476 3140 1538 universos
3193 1494 3344 1538 vero
3392 1476 3503 1559 qui
3557 1494 3686 1538 non
3738 1483 3986 1538 conten-
4011 1461 4129 1514 ''¹¹¹“
4152 1459 4280 1510 ms

627 1301 800 1378 ephes.
819 1315 874 1352 w,

610 2189 624 2232 l
648 2189 758 2233 Tim.
777 2205 821 2243 u,
833 2193 872 2235 4.

903 1582 1162 1644 alterius
1205 1583 1384 1654 iram,
1418 1599 1610 1661 quam
1650 1579 1918 1642 delinire
1961 1586 2069 1639 tua
2109 1593 2397 1639 mansue-

903 1681 1124 1743 tudine
1165 1679 1444 1760 potuisti.
1482 1678 1716 1740 Eodem
1757 1677 1992 1738 etenim
2035 1675 2223 1737 modo
2256 1673 2397 1735 effi-

903 1779 1066 1840 ceris
1130 1778 1571 1859 praevaricator
1627 1777 1828 1838 divini
1893 1773 2213 1856 praecepti.
2276 1771 2389 1845 Qui

902 1877 1074 1938 enim
1116 1877 1275 1938 dixit
1317 1883 1377 1936 te
1417 1884 1635 1936 contra
1677 1874 1946 1936 alterum
1986 1891 2113 1934 non
2160 1870 2392 1933 debere
2430 1872 2477 1933 B

905 1976 1113 2048 irasci,
1147 1975 1306 2036 dixit
1345 1992 1470 2035 non
1512 1973 1743 2034 debere
1781 1972 2040 2033 alterius
2072 1968 2393 2032 tristitiam

904 2074 1082 2155 parvi
1115 2073 1302 2154 pendi
1325 2089 1338 2132 :
1358 2072 1509 2153 quia
1540 2089 1665 2132 non
1697 2072 1954 2133 interest
1981 2068 2149 2150 apud
2180 2068 2390 2138 Deum,

904 2172 1012 2254 qui
1045 2190 1264 2232 omnes
1295 2170 1585 2231 homines
1618 2169 1749 2231 vult
1782 2168 2033 2241 salvari,
2057 2187 2136 2228 an
2169 2166 2394 2248 perdas

905 2279 964 2332 te
995 2271 1204 2352 ipsum
1235 2287 1314 2330 an
1345 2268 1565 2342 alium,
1599 2268 1899 2349 quoniam
1939 2266 2394 2328 detrimentum

903 2369 1000 2430 sui
1057 2368 1313 2430 lionoris
1365 2369 1646 2429 nascitur
1693 2367 1750 2428 ei
1802 2384 1878 2427 ex
1928 2364 2393 2444 cujuscumque

903 2467 1182 2528 interitu.
1219 2465 1498 2528 Daemoni
1540 2482 1793 2545 quoque
1831 2461 2185 2544 acquiritur
2224 2461 2391 2522 idem

901 2566 1152 2627 lucrum
1200 2584 1276 2626 ex
1322 2572 1427 2625 tua
1469 2571 1531 2624 et
1573 2583 1650 2624 ex
1694 2562 1906 2623 fratris
1949 2561 2040 2622 tui
2086 2560 2393 2622 damnati-

899 2683 1041 2736 one,
1086 2663 1187 2724 cui
1235 2663 1455 2744 utique
1503 2661 1773 2723 daemoni
1824 2659 2029 2741 placet
2071 2657 2393 2720 damnatio

898 2762 1206 2824 omnium.
1242 2761 1563 2823 Postremo
1593 2759 1866 2841 qualiter
1907 2757 2138 2838 poterit
2166 2755 2266 2817 vel
2306 2765 2391 2817 te-

899 2880 1090 2922 nuem
1155 2867 1370 2921 tenere
1437 2858 1758 2920 tristitiam
1823 2864 2040 2919 contra
2106 2854 2389 2927 fratrem,

899 2959 1009 3041 qui
1054 2979 1120 3020 se
1165 2959 1363 3020 credit
1406 2957 1712 3039 quotidie,
1767 2956 1894 3018 imo
1945 2954 2267 3026 continue,
2313 2954 2391 3015 de

898 3058 1017 3120 hoc
1060 3057 1292 3119 saeculo
1336 3056 1800 3136 migraturum?

1284 3281 1786 3346 CAPITULUM
1852 3281 1999 3344 VII.

944 3405 1115 3473 Quod
1143 3403 1305 3458 nihil
1323 3403 1802 3474 proeponendum
1829 3403 1912 3456 sit
1939 3402 2219 3463 caritati,
2251 3418 2355 3456 nec

1078 3493 1326 3565 aliquid
1347 3493 1827 3564 postponendum
1858 3492 2218 3547 iracundioe.

1020 3647 1192 3711 lctss'r
1223 3645 1393 3708 enim
1434 3644 1594 3705 nihil
1632 3643 2128 3724 praeponendum
2169 3651 2263 3704 est
2296 3661 2391 3704 ca-

1041 3745 1232 3818 ritati,
1264 3743 1355 3806 sic
1401 3742 1754 3805 econtrario
1793 3742 1953 3803 nihil
1997 3750 2092 3803 est
2137 3749 2393 3824 postpo-

898 3845 1174 3907 nendum
1211 3841 1551 3904 iracundiae
1581 3849 1686 3902 aut
1718 3839 1936 3902 furori.
1963 3841 2187 3902 Omnia
2216 3841 2389 3902 enim

896 3943 1188 4026 quamvis
1253 3940 1434 4002 utilia
1490 3947 1552 4000 et
1615 3938 1970 4000 necessaria
2029 3938 2385 4012 videantur,

879 4042 1252 4124 'spernenda
1281 4048 1429 4102 sunt
1460 4047 1529 4100 ut
1560 4037 1951 4119 perturbatio
1983 4037 2090 4098 ira»
2122 4037 2387 4114 vitetur3

895 4141 1110 4203 omnia
1140 4157 1393 4222 quoque
1424 4156 1565 4217 quae
1597 4143 1901 4217 putantur
1929 4135 2213 4207 adversa,
2242 4142 2387 4195 sunt

2504 1574 2683 1648 dunt,
2727 1574 3000 1656 protegit
3041 1574 3342 1637 amicit-ia.

2906 1799 3009 1862 CA
3018 1800 3408 1864 PITULUM
3472 1801 3590 1863 IX.

2654 1921 2739 1976 De
2765 1921 3160 1992 amputandis
3187 1921 3625 1993 spiritualibus
3653 1924 3860 1978 causis

3074 2011 3425 2066 discordioe.

2628 2160 3029 2224 ROPTEREA
3089 2161 3167 2222 ad
3226 2163 3721 2224 conservandam
3780 2183 3995 2245 perpe-

2658 2268 2832 2320 tuam
2886 2278 2957 2321 ac
3008 2259 3402 2322 individuam
3448 2261 3797 2333 caritatem,
3841 2262 3994 2323 nihil

2506 2358 2762 2439 prodest
2790 2366 3152 2438 amputasse
3188 2358 3461 2439 primam
3493 2359 3827 2422 discordiae
3856 2379 3994 2421 cau-

2504 2475 2661 2529 sam,
2697 2475 2837 2536 quae
2868 2456 2945 2517 de
2977 2457 3246 2518 'terrenis
3290 2464 3481 2538 atque
3512 2457 3770 2520 caducis
3800 2458 3997 2520 nasci-

2504 2560 2607 2614 tur
2639 2553 2849 2626 rebus,
2882 2562 2945 2615 et
2978 2555 3273 2616 universa
3304 2555 3581 2616 carnalia
3610 2555 3993 2637 despexisse,

2504 2659 2566 2712 et
2610 2652 2897 2733 proprias
2939 2670 3093 2733 opes
3139 2671 3253 2733 pro
3296 2654 3623 2716 communi
3666 2674 3785 2715 usu
3828 2654 3997 2716 dere-

2508 2751 2813 2831 liquisse3
2866 2750 2991 2812 nisi
3050 2758 3112 2812 et
3159 2751 3605 2814 abscindentes
3654 2753 3993 2816 secundam

2506 2868 2783 2921 causam,
2828 2869 2969 2931 quae
3017 2867 3095 2910 ex
3143 2849 3507 2912 diversitate
3557 2851 3996 2914 intellectuum

2503 2948 2725 3021 oritur,
2768 2948 3173 3029 acquiramus
3224 2947 3288 3009 in
3336 2949 3636 3010 omnibus
3686 2949 3993 3012 humilem

2430 3048 2472 3111 C
2503 3054 2782 3108 mentem
2827 3053 2889 3106 et
2932 3062 3239 3108 consonas
3288 3047 3663 3110 voluntates.

2921 3265 3429 3329 CAPITULUM
3494 3265 3581 3328 X.

2752 3388 2837 3442 De
2866 3387 3090 3458 optimo
3120 3387 3404 3441 examine
3432 3387 3735 3441 veritatis.

2657 3540 2907 3602 EMlNI
2966 3558 3262 3620 namque,
3317 3559 3515 3621 quum
3574 3539 3793 3619 junior
3848 3548 3994 3603 aetas

2686 3639 3042 3701 hortaretur
3087 3656 3189 3699 me
3231 3637 3439 3699 adhuc
3486 3637 3807 3700 adhaerere
3852 3657 3996 3702 con-

2500 3737 2675 3811 sorti,
2712 3737 2901 3799 talem
2945 3736 3429 3817 intelligentiam
3471 3736 3655 3798 nobis
3702 3736 3994 3820 frequen-

2498 3843 2594 3897 ter
2635 3835 2832 3897 fuisse
2879 3835 3188 3915 ingestam
3233 3833 3297 3894 in
3342 3834 3699 3916 disciplinis
3748 3835 3994 3898 morali-

2498 3933 2617 3996 bus
2660 3941 2768 3996 aut
2812 3933 3182 4013 Scripturis,
3219 3940 3288 3992 ut
3336 3933 3741 3995 crederemus
3788 3953 3863 3995 ea
3904 3934 3993 3996 nil

2497 4034 2733 4107 veriuS,
2779 4032 2870 4093 nil
2915 4031 3354 4093 rationabilius
3404 4049 3561 4094 esse.
3602 4032 3723 4094 Sed
3773 4050 3996 4095 conve-

2498 4132 2745 4193 nientes
2777 4131 2845 4192 in
2877 4149 3101 4199 unum,
3135 4130 3288 4191 dum
3319 4129 3735 4212 coepissemus
3768 4131 3997 4194 intelli·

897 4238 1302 4320 suscipienda
1349 4255 1422 4297 ac
1470 4234 1795 4296 toleranda
1851 4241 1918 4294 ut
1965 4232 2386 4314 tranquillitas
2418 4235 2467 4297 D
2496 4229 2739 4311 gentias
2772 4236 3017 4290 nostras
3049 4227 3320 4290 invicem
3353 4228 3993 4310 propalare,quaedam

897 4335 1256 4399 dilectionis
1301 4353 1374 4395 ac
1415 4333 1588 4414 pacis
1633 4331 1878 4393 illibata
1922 4339 2226 4394 servetur.
2260 4331 2389 4394 Nec

898 4435 1284 4499 credendum
1341 4440 1436 4494 est
1483 4430 1724 4511 aliquid
1777 4430 2201 4511 perniciosius
2251 4448 2388 4491 esse

898 4537 990 4598 ira
1039 4542 1227 4615 atque
1277 4531 1554 4603 tristitia,
1587 4548 1794 4610 neque
1840 4528 2060 4590 utilius
2106 4529 2383 4589 caritate.

1278 4755 1781 4819 CAPITULUM
1825 4755 2008 4818 VIII.

900 4880 1131 4949 Quibus
1168 4880 1241 4935 de
1277 4877 1480 4935 causis
1519 4882 1812 4932 nascatur
1841 4877 2003 4930 inter
2030 4874 2392 4947 spirituales

1487 4967 1805 5022 dissensio.
2101 4961 2110 4969 ”

1038 5121 1148 5183 ΑΜ
1196 5119 1361 5182 sicut
1409 5118 1708 5180 inimicus
1757 5116 2060 5179 velociter
2103 5115 2185 5178 ab
2239 5115 2396 5178 invi—

1060 5239 1196 5281 cem
1228 5224 1476 5300 separat
1507 5217 1752 5279 Fratres
1781 5215 1988 5277 adhuc
2020 5215 2303 5277 carnales
2333 5221 2395 5276 et

901 5317 1277 5392 imbecilleS‚
1301 5323 1560 5399 propter
1589 5314 1783 5377 vilem
1815 5322 1878 5376 et
1907 5323 2223 5376 terrenam
2256 5311 2396 5374 sub-

2498 4327 2821 4391 communi
2854 4326 3321 4388 examinatione
3351 4326 3676 4400 discussae,
3713 4327 3993 4390 invenie-

2499 4426 2731 4488 bantur
2757 4425 2965 4507 primo
2997 4425 3077 4488 ab
3110 4443 3237 4488 uno
3269 4432 3556 4487 nostrum
3584 4424 3758 4489 falsae
3786 4447 3861 4489 ac
3894 4445 3997 4489 no-

2500 4526 2635 4589 xiae.
2671 4525 2910 4587 Deinde
2958 4524 3283 4586 communi
3322 4531 3539 4586 nostro
3570 4524 3817 4604 judicio
3856 4546 3992 4608 per-

2499 4623 2756 4686 niciosae
2811 4623 3255 4704 pronuntiatae,
3312 4640 3455 4684 mox
3504 4622 3991 4696 damnabantur,

2499 4743 2640 4804 quae
2669 4722 2847 4804 prius
2878 4741 2915 4782 a
2943 4719 3195 4782 diabolo
3237 4719 3463 4782 insusae
3492 4721 3675 4803 quasi
3718 4721 3860 4785 luce
3890 4743 3992 4786 ve-

2502 4822 2704 4884 ritatis
2735 4820 3064 4902 fulgebant
3099 4838 3112 4880 ε
3149 4819 3211 4880 in
3254 4827 3499 4881 tantum
3536 4829 3605 4881 ut
3635 4823 3995 4903 potuissent

2502 4918 2754 4980 facilius
2788 4919 2952 4980 inter
2983 4936 3095 4980 nos
3126 4917 3505 4979 discordiam
3533 4937 3855 4999 generare,
3872 4921 3993 4983 nisi

2504 5024 2893 5099 praeceptum
2944 5015 3291 5088 seniorum,
3340 5016 3507 5097 quod
3561 5024 3863 5100 tanquam
3908 5019 3999 5082 di-

2502 5116 2726 5178 vinum
2777 5113 3107 5175 oraculum
3157 5113 3589 5187 servabamuS,
3639 5127 3996 5180 revocasset

2504 5232 2618 5277 nos
2676 5212 2757 5275 ab
2814 5212 2990 5276 omni
3050 5213 3489 5291 contentione3
3542 5214 3849 5295 quoniam
3905 5217 3993 5278 illi

2507 5329 2621 5395 pro
2648 5310 2831 5394 legali
2864 5310 3188 5372 sanctione
3216 5310 3653 5386 instituerunt,
3672 5321 3741 5376 ut
3770 5323 3997 5377 neuter
