4359 6267
145 1124 264 1165 Proe.
279 1137 364 1172 nv,

125 1189 178 1226 tm.
207 1187 320 1238 iuxta

143 1514 247 1557 Ιόέᾰ.
265 1529 364 1564 nv,

125 1581 177 1623 15,
197 1579 316 1630 juxta

145 2107 212 2148 1³⁸.
225 2122 356 2159 cxviu,

127 2171 199 2209 155.

147 2395 256 2439 Prot.
272 2411 354 2451 xvi,

125 2461 178 2504 δὲ.
199 2461 240 2514 J‘u
246 2465 312 2503 xta

125 2522 220 2565 Lxx,

139 2983 202 3026 Ρι.
213 2999 350 3039 xxxx-n,

125 3049 156 3092 7,
175 3051 207 3093 3,
223 3052 258 3089 4.

133 4553 190 4596 rs.
205 4569 294 4606 mx,
305 4561 341 4601 7.

169 5339 254 5386 md.
269 5347 301 5387 8.

1071 554 1486 601 COLLATIONUM
1529 556 1613 600 SS.
1647 555 1892 600 PATRUM
1933 555 2108 600 LIBER
2149 555 2212 600 ll.
2256 573 2338 583 —
2378 554 2663 601 COLLATlo
2704 555 2791 600 x11

3362 527 3481 590 285

471 719 640 782 Porro
668 720 776 782 ubi
807 722 1016 784 adhuc
1045 731 1336 804 superest
1366 723 1727 787 sollicitudo
1753 743 1877 786 cer·
1906 722 1958 785 A
1989 724 2054 785 in
2107 743 2267 799 mea,
2321 725 2429 786 sed
2481 725 2547 785 in
2596 732 2702 785 tua
2729 705 3073 784 'voluntate
3132 719 3478 802 praestitisti

397 819 662 892 taminiS‚
704 836 832 881 non
883 828 1090 901 potest
1140 821 1481 885 multitudo
1532 823 1876 884 consistere

397 915 582 995 paciS.
615 916 725 978 Per
764 919 934 1000 quod
971 919 1327 982 ostenditur
1364 920 1532 1000 quod
1575 920 1880 1001 patientia

397 1014 482 1075 sit
523 1013 966 1079 efficacissima
1021 1018 1250 1080 animae
1309 1019 1646 1092 medicina,
1697 1019 1878 1098 juxta

399 1109 550 1175 illud
586 1113 934 1177 Salomonis
969 1135 983 1178 :
1015 1116 1378 1178 Mansuetus
1409 1116 1506 1178 vir
1538 1116 1744 1179 cordis
1782 1123 1878 1178 est

399 1211 700 1290 medicus;
743 1219 812 1273 ut
856 1230 983 1275 non
1035 1213 1242 1276 solum
1291 1215 1597 1296 exstirpet
1644 1216 1878 1296 passio-

397 1328 506 1370 nes
543 1310 663 1383 irae,
697 1310 992 1384 tristitiae,
1034 1312 1290 1384 acediae,
1329 1312 1666 1394 superbire,
1700 1331 1876 1375 vanae

394 1405 618 1486 gloriae,
652 1407 779 1470 imo
817 1416 882 1470 et
921 1409 1210 1471 libidinis
1253 1428 1326 1471 ac
1365 1411 1652 1472 omnium
1694 1409 1877 1472 fomi-

397 1510 522 1567 tem
549 1506 863 1569 vitiorum.
893 1508 965 1569 In
997 1509 1474 1588 longanimitate
1505 1528 1780 1591 quoque,
1806 1517 1876 1571 ut

391 1601 480 1662 ait
532 1603 842 1678 Salomon,
904 1607 1290 1688 prosperitas
1351 1609 1528 1688 regni
1586 1615 1698 1669 est.
1758 1607 1874 1680 Qui

391 1699 556 1762 enim
593 1721 845 1784 semper
886 1704 1059 1765 mitis
1098 1713 1194 1766 est
1226 1723 1300 1766 ac
1330 1705 1734 1786 tranquilluS,
1767 1724 1874 1766 ne-

392 1816 694 1880 quaquam
756 1801 1232 1881 perturbatione
1282 1801 1390 1864 irae
1441 1803 1870 1876 succenditur,

1986 823 2199 885 decori
2246 840 2387 884 meo
2427 822 2751 894 virtutem,
2786 820 3069 884 avertisti
3114 819 3343 881 faciem
3381 826 3479 880 tu-

1985 940 2086 982 am
2119 941 2156 982 a
2188 941 2309 994 me,
2343 929 2406 982 et
2437 920 2641 982 factus
2671 939 2812 981 sum
2846 918 3287 996 conturbatus;
3318 917 3477 979 illud

1985 1038 2241 1101 quoque
2291 1019 2458 1082 beati
2506 1019 2620 1082 Job
2669 1038 2683 1081 :
2737 1019 2802 1080 Si
2852 1017 3017 1079 lotus
3067 1017 3248 1078 fuero
3295 1015 3476 1099 quasi
3530 1035 3772 1089 sommo,

1985 1119 2167 1199 aquis
2199 1118 2388 1192 niviS,
2420 1125 2483 1180 et
2514 1116 2808 1179 fulserint
2836 1115 3011 1178 velut
3041 1114 3478 1177 mundissimae
3506 1101 3573 1144 ³¹·

1987 1235 2213 1278 manus
2256 1235 2433 1290 meze,
2466 1223 2675 1277 tamen
2710 1214 3004 1277 sordibus
3046 1213 3319 1293 intinges
3351 1231 3473 1286 me,

1986 1323 2049 1375 et
2109 1312 2650 1375 abominabuntur
2715 1330 2815 1374 me
2872 1311 3252 1374 vestimenta
3312 1329 3473 1372 mea.

1985 1411 2158 1484 Quod
2202 1417 2413 1472 tamen
2460 1427 2575 1472 suo
2620 1427 2745 1472 non
2794 1416 3001 1492 potest
3045 1409 3255 1471 dicere
3298 1408 3478 1472 Crea-

1985 1501 2271 1590 tori,'qui
2303 1509 2563 1591 proprio
2592 1509 2748 1571 vitio
2778 1508 3069 1570 sordibus
3100 1525 3168 1568 se
3200 1505 3473 1586 intingit.

1984 1607 2159 1670 Unde
2210 1626 2468 1670 necesse
2516 1615 2611 1669 est
2654 1625 2801 1669 eum
2852 1606 2989 1667 istis
3039 1603 3479 1685 inaequalitati-

1984 1705 2100 1768 bus
2151 1705 2383 1787 saepius
2433 1706 2693 1780 erudiri,
2744 1705 2944 1767 donec
2992 1704 3069 1764 ad
3122 1701 3475 1784 perfectum

1985 1803 2281 1885 puritatis
2341 1804 2553 1865 veniat
2612 1809 2867 1876 statum,
2922 1810 2984 1864 et
3041 1819 3155 1881 per
3210 1799 3476 1881 gratiam

392 1915 587 1978 neque
614 1899 930 1960 anxietate
959 1900 1194 1962 acediae
1223 1919 1296 1961 ac
1326 1901 1617 1963 moeroris
1649 1919 1873 1964 consu·
1909 1901 1956 1964 B
1987 1903 2096 1964 Dei
2130 1902 2548 1989 confirmatus
2580 1901 2644 1963 in
2677 1901 2951 1983 puritate
2981 1917 3173 1981 quam
3208 1898 3472 1979 appetit,

393 1994 597 2068 mitur,
631 2015 747 2058 nec
787 1996 990 2077 gloria
1029 2016 1190 2059 vana
1227 1998 1630 2074 distenditur,
1665 2019 1873 2080 neque

389 2091 691 2172 superbiai
745 2101 994 2156 tumore
1052 2095 1408 2157 sustollitur
1461 2113 1474 2156 :
1527 2115 1648 2178 pax
1699 2096 1870 2158 enim

389 2188 578 2252 multa
621 2191 1036 2272 diligentibus
1082 2193 1286 2273 legem
1331 2193 1466 2268 Dei,
1500 2201 1563 2255 et
1608 2213 1734 2256 non
1778 2202 1874 2256 est

387 2285 508 2348 illis
553 2288 940 2351 scandalum.
986 2291 1244 2372 Propter
1288 2292 1456 2373 quod
1510 2291 1735 2353 merito
1785 2293 1872 2353 ait

385 2385 700 2467 Scriptura
735 2408 749 2451 z
782 2387 1002 2451 Melior
1031 2397 1127 2451 est
1157 2390 1406 2470 patiens
1437 2390 1574 2452 viro
1605 2390 1774 2463 forti,
1808 2398 1872 2451 et

385 2483 494 2564 qui
522 2484 800 2548 continet
841 2486 1001 2549 iram
1045 2487 1335 2568 capiente
1377 2487 1620 2550 urbem.
1657 2489 1869 2550 Multis

383 2599 527 2662 ergo
554 2584 1014 2646 tentationibus
1043 2593 1291 2666 oportet
1321 2603 1434 2648 nos
1467 2586 1717 2658 tentari,
1736 2586 1872 2667 qui-

383 2678 498 2742 bus
547 2700 905 2744 mereamur
946 2683 1234 2746 obtinere
1285 2684 1448 2746 hanc
1495 2704 1719 2766 pacem
1762 2685 1870 2747 fir—

385 2797 546 2840 mam
587 2798 658 2840 ac
705 2779 1166 2860 incessantem3
1208 2789 1272 2843 et
1311 2781 1677 2864 frequenter
1719 2803 1867 2845 cum

382 2875 534 2938 fletu
591 2885 654 2939 et
701 2878 944 2958 gemitu
1003 2879 1311 2942 debemus
1371 2887 1656 2962 repetere
1715 2881 1866 2944 istos

379 2975 718 3038 versiculos
754 2993 768 3037 :
801 2976 990 3038 Miser
1031 2975 1236 3039 factus
1281 2997 1425 3040 sum
1467 2985 1530 3040 et
1569 2987 1866 3041 curvatus

1983 1998 2338 2062 efficaciter
2391 1999 2603 2060 dicere
2656 2005 2971 2060 mereatur
3020 2013 3034 2057 ε

1983 2098 2345 2178 exspectavi
2386 2097 2751 2170 Dominum,
2784 2103 2847 2157 et
2885 2093 3157 2157 intendit
3196 2093 3379 2166 mihi,

1983 2196 2309 2258 exaudivit
2352 2215 2573 2278 preces
2616 2215 2812 2269 meaS,
2854 2200 2972 2256 etc.

2366 2447 2871 2512 CAPITULUM
2932 2446 3083 2510 VII.

2097 2589 2185 2642 De
2211 2587 2585 2659 differentiis
2614 2591 2671 2641 et
2696 2585 2995 2657 yradibus
3022 2587 3350 2642 castitatis·

2137 2782 2311 2845 ULTI
2370 2790 2518 2844 sunt
2573 2783 2802 2862 gradus
2860 2781 3187 2854 castitatis,
3238 2781 3473 2863 quibus

2150 2879 2517 2942 ascenditur
2553 2880 2629 2941 ad
2672 2879 2995 2961 praefa‘tam
3037 2879 3472 2942 inviolabilem

1977 2979 2321 3060 puritatem
2366 2998 2379 3042 :
2424 2996 2584 3059 quos
2627 2978 2919 3059 quamvis
2964 2977 3323 3040 intellectus
3365 2996 3474 3041 no-

378 3092 516 3135 sum
558 3093 757 3156 usque
789 3075 856 3136 in
895 3075 1119 3150 finem,
1155 3083 1284 3137 tota
1315 3077 1416 3139 die
1458 3077 1866 3140 contristatus
1903 3079 1947 3143 C
1976 3085 2107 3139 ster
2145 3094 2272 3138 non
2315 3076 2599 3138 sufficiat
2630 3077 2989 3158 perspicere
3024 3083 3133 3138 aut
3162 3074 3469 3158 proferre,

377 3171 792 3252 ingrediebar,
834 3173 1136 3254 quoniam
1188 3174 1392 3235 lumbi
1443 3175 1569 3237 mei
1619 3175 1866 3257 impleti

377 3277 521 3332 sunt
576 3270 1006 3345 illusionibus,
1059 3279 1122 3333 et
1171 3291 1298 3334 non
1357 3281 1453 3336 est
1505 3274 1738 3336 sanitas
1799 3276 1865 3337 in

375 3385 560 3428 carne
591 3386 732 3430 mea
759 3387 796 3429 a
825 3366 988 3430 facie
1019 3368 1127 3431 irae
1156 3376 1315 3444 tuae,
1337 3377 1454 3432 etc.
1486 3371 1662 3432 Tunc
1691 3371 1864 3433 enim

375 3473 805 3546 competenter
851 3473 915 3528 et
961 3485 1110 3529 vere
1159 3468 1556 3549 plangemuS,
1611 3471 1865 3551 quando

375 3571 515 3645 post
573 3565 824 3644 longam
888 3565 1086 3627 nostri
1145 3566 1431 3647 corporis
1494 3568 1859 3647 puritatem,

375 3670 696 3743 sperantes
729 3680 843 3724 nos
871 3663 1004 3743 jam
1035 3663 1400 3726 omnimode
1429 3665 1704 3726 evasisse
1736 3685 1866 3728 car-

372 3759 539 3822 nalia
575 3761 886 3841 contagia,
919 3761 1230 3823 sentimus
1274 3780 1493 3824 rursus
1537 3763 1862 3844 insurgere

375 3866 588 3920 contra
630 3876 748 3921 nos
789 3858 1082 3920 stimulos
1130 3858 1337 3920 carnis
1381 3859 1862 3924 oblectationes-

371 3974 492 4036 que
532 3956 761 4029 cordiS,
793 3955 894 4018 vel
935 3965 1104 4018 certe
1145 3975 1258 4037 per
1293 3957 1656 4021 illusionem
1698 3977 1862 4021 som—

369 4053 622 4115 niorum
658 4053 994 4134 impuritas
1035 4055 1320 4136 pristinae
1351 4056 1729 4119 colluvionis
1761 4057 1863 4119 ad-

369 4151 605 4232 spergit
671 4168 805 4213 nos,
874 4152 1080 4225 Quum
1149 4153 1320 4215 enim
1388 4155 1533 4235 quis
1599 4156 1862 4236 coeperit

1975 3184 2189 3239 tamen
2221 3175 2524 3256 quoniam
2556 3175 2709 3236 ordo
2740 3174 3117 3236 narrationis
3158 3173 3221 3237 id
3250 3174 3468 3256 exigit,

1977 3274 2365 3336 tentabimus
2415 3272 2769 3334 secundum
2819 3273 3319 3335 mediocritatem
3368 3292 3471 3335 ex-

1976 3372 2305 3453 perientiae
2355 3378 2585 3432 nostrae
2634 3370 2863 3450 gradus
2923 3370 3065 3431 illos
3125 3378 3471 3450 utcumque

1974 3486 2328 3552 exponere3
2380 3475 2774 3528 reservantes
2833 3466 3212 3548 perfectiora
3270 3466 3474 3548 perfe-

1975 3568 2115 3642 ctis,
2151 3585 2269 3629 nec
2302 3565 2789 3647 praejudicantes
2825 3565 2925 3626 his
2957 3565 3067 3647 qui
3101 3563 3470 3629 ferventiori

1974 3666 2185 3728 studio
2215 3664 2611 3747 possidentes
2643 3663 3085 3725 castimoniam
3120 3663 3467 3743 puriorem,

1972 3772 2147 3826 tanto
2172 3761 2624 3845 perspicaciori
2649 3761 2857 3841 vigore
2888 3761 3474 3842 praecellunt,quan-

1973 3870 2038 3924 to
2082 3861 2343 3942 maj0ris
2395 3860 2723 3922 industriae
2767 3866 2933 3921 sunt.
2979 3859 3263 3940 Denique
3313 3879 3470 3940 prae—

1974 3960 2142 4022 celsa
2212 3958 2519 4020 castitatis
2586 3956 2840 4038 fastigia
2906 3957 3290 4037 distinguam
3359 3977 3469 4020 sex

1971 4057 2275 4139 gradibus
2318 4074 2545 4136 magna
2584 4075 2620 4116 a
2654 4075 2719 4117 se
2761 4055 3037 4117 invicem
3076 4054 3468 4117 sublimitate

1971 4154 2357 4218 distantibus
2385 4153 2505 4236 (ita
2533 4159 2746 4214 tamen
2779 4153 2948 4234 quod
2988 4152 3466 4234 praetermittam

367 4248 667 4311 diuturna
707 4250 915 4313 cordis
955 4269 1028 4312 ac
1068 4251 1349 4334 corporis
1401 4253 1674 4334 puritate
1715 4273 1862 4335 gau-
1892 4253 1942 4314 D
1975 4254 2185 4316 media
2214 4252 2526 4334 quaedam,
2562 4269 2703 4333 quae
2733 4249 2934 4313 multa
2964 4258 3110 4311 sunt
3144 4268 3157 4311 :
3193 4269 3468 4332 quorum

367 4347 535 4421 dere,
584 4365 845 4410 necesse
901 4355 999 4410 est
1046 4356 1116 4410 ut
1164 4349 1315 4411 dum
1376 4359 1553 4432 putat
1608 4371 1675 4413 se
1733 4369 1859 4414 non

369 4462 550 4525 posse
581 4444 833 4506 devolvi
867 4444 946 4507 ab
978 4445 1423 4525 hujuscemodi
1463 4449 1759 4529 puritate,
1795 4449 1859 4510 in

365 4562 430 4605 se
481 4541 622 4624 ipso
670 4542 997 4623 glorietur,
1049 4552 1113 4606 et
1162 4544 1329 4606 dieat
1377 4563 1390 4606 :
1439 4546 1567 4625 Ego
1613 4547 1744 4608 dixi
1796 4547 1861 4607 in

364 4640 755 4703 abundantia
811 4660 972 4716 mea,
1021 4641 1160 4705 Non
1219 4642 1521 4706 movebor
1571 4644 1638 4706 in
1685 4653 1862 4707 aeter-

364 4759 540 4801 num.
576 4739 698 4802 Sed
744 4759 944 4820 quum
992 4740 1116 4803 sibi
1164 4741 1287 4822 ipsi
1334 4742 1593 4804 relictus
1634 4762 1671 4804 a
1709 4744 1857 4818 Dec,

363 4838 604 4900 utiliter
643 4837 914 4900 senserit
945 4839 1300 4919 perturbari
1344 4839 1525 4901 illum
1569 4841 1862 4921 puritatis

363 4943 598 4998 statum
649 4934 716 4996 in
762 4952 888 5016 quo
937 4935 1196 4998 sibimet
1240 4937 1624 5011 confidebat,
1668 4959 1862 5020 seque

361 5033 594 5095 viderit
634 5032 932 5095 vacillare
974 5033 1054 5096 ab
1096 5033 1208 5097 illo
1254 5035 1571 5116 spirituali
1619 5055 1864 5099 succes-

361 5151 456 5205 su,
512 5137 800 5193 recurrat
849 5131 1138 5213 protinus
1192 5132 1272 5194 ad
1333 5133 1710 5213 integritatis
1757 5154 1866 5196 au-

363 5237 630 5304 ctorem,
685 5235 749 5290 et
798 5229 1120 5311 propriam
1179 5231 1620 5293 infirmitatem
1680 5251 1867 5312 agno-

369 5347 580 5402 scenS,
615 5326 1000 5390 confiteatur
1040 5335 1101 5390 et
1144 5328 1310 5392 dicat
1354 5346 1368 5390 ε
1411 5329 1701 5404 Domine,
1741 5349 1868 5394 non

1972 4352 2291 4414 subtilitas
2336 4351 2422 4411 ita
2464 4348 2847 4429 subterfugit
2890 4367 3113 4410 sensus
3156 4348 3467 4413 humanos

1974 4459 2043 4512 ut
2073 4468 2191 4512 nec
2225 4469 2402 4511 mens
2444 4449 2563 4511 hoc
2599 4447 2800 4529 possit
2834 4446 3171 4528 inspicere,
3206 4465 3323 4510 nec
3354 4446 3471 4509 lin-

1971 4568 2095 4631 gua
2126 4547 2459 4630 proferre),
2487 4545 2722 4627 quibus
2754 4545 2990 4607 sensim
3020 4545 3327 4608 adolescit
3354 4565 3468 4609 seu

1973 4647 2281 4730 paulatim
2342 4645 2570 4706 crescit
2626 4643 3015 4726 quotidianis
3075 4644 3469 4725 profectibus

1973 4743 2282 4826 perfectio
2324 4742 2648 4804 castitatis
2683 4741 2840 4803 Nam
2880 4741 3109 4806 animae
3147 4743 3343 4805 robur
3378 4751 3467 4805 at-

1972 4862 2097 4925 que
2129 4841 2459 4904 maturitas
2491 4840 2797 4902 castitatis
2826 4840 3246 4922 acquiruntur
3269 4841 3470 4905 instar

1975 4958 2313 5023 corporum
2374 4947 2793 5011 terrenorum,
2847 4958 2987 5021 quae
3037 4940 3319 5021 quotidie
3374 4941 3468 5003 in·

1975 5039 2363 5101 sensibiliter
2403 5045 2717 5111 crescunt,
2750 5045 2812 5098 et
2848 5037 3000 5098 dum
3040 5037 3355 5113 nesciunt,
3388 5040 3466 5102 ad

1976 5137 2326 5220 perfectam
2368 5135 2787 5218 quantitatem
2831 5135 3218 5217 pertingunt.

2052 5235 2299 5297 Primus
2331 5234 2544 5315 itaque
2576 5233 2963 5296 castimoniae
2992 5233 3223 5314 gradus
3253 5243 3365 5309 est,
3385 5253 3465 5297 ne

1983 5333 2331 5396 monachus
2362 5331 2633 5413 vigilans
2664 5331 2955 5394 vincatur
2989 5331 3466 5414 impugnatione

3088 1995 3475 2077 Exspectans
3502 2017 3607 2122 2103.
3626 2030 3769 2070 xxm,

3412 2100 3477 2155 et
3532 2111 3544 2130 ¹
3592 2110 3604 2122 ·
