4359 6267
847 444 966 509 494

851 633 1150 698 Cossano
1191 652 1449 698 snm-rm
1485 634 1776 715 (Abbatis
1820 634 2036 696 Sereni
2077 634 2204 715 pri-

930 724 1079 801 ma).
1126 725 1211 786 De
1251 725 1606 787 mobilitate
1649 724 1876 785 animae
1919 730 1982 785 et
2023 723 2206 805 spiri-

931 812 1211 875 tualibus
1250 812 1554 895 nequitiis
1631 864 2195 877 .......
2238 820 2345 875 212

853 980 1183 1052 Capitulum
1224 982 1264 1036 1.
1299 982 1376 1038 De
1415 981 1676 1038 castitate
1714 980 1940 1036 abbatis
1978 979 2196 1036 Sereni.
2237 980 2344 1035 212

851 1070 1179 1142 Capitulum
1231 1072 1298 1125 Il.
1349 1069 1728 1143 Interrogatio
1781 1068 2004 1142 praesati
2049 1068 2205 1125 senis

923 1159 993 1214 de
1023 1160 1178 1215 statu
1203 1158 1621 1231 cogitationum
1659 1160 2014 1213 nostrarum.
2093 1202 2105 1212 .
2187 1202 2197 1213 .
2240 1158 2346 1212 212

851 1247 1181 1320 Capitulum
1224 1250 1314 1305 III.
1357 1246 1671 1320 Responsio
1711 1248 1780 1304 de
1825 1246 2201 1304 instabilitate

920 1338 1136 1395 animoe
1159 1381 2197 1395 ............
2240 1336 2346 1391 213

847 1428 1176 1501 Capitulum
1229 1430 1316 1483 IV.
1369 1426 1688 1499 Disputatio
1736 1426 1891 1483 senis
1936 1427 2006 1483 de
2049 1428 2205 1482 statu

919 1518 1136 1574 anima}
1171 1521 1228 1575 et
1253 1517 1463 1574 virtute
1502 1516 1626 1589 ejus
1632 1559 2198 1572 .......
2238 1516 2345 1571 213

848 1607 1178 1680 Capitulum
1209 1608 1273 1661 V.
1297 1608 1376 1663 De
1400 1605 1747 1678 perfectione
1778 1604 2009 1669 animae,
2043 1622 2203 1661 sum-

919 1700 1018 1771 pta
1071 1714 1140 1753 ex
1195 1695 1580 1753 similitudine
1631 1694 1948 1767 evangelici
2005 1698 2204 1751 centu-

915 1788 1100 1843 rionis
1159 1829 2195 1842 ............
2238 1784 2345 1840 214

843 1876 1175 1949 Capitulum
1207 1877 1296 1931 VI.
1324 1876 1402 1933 De
1431 1874 1858 1947 perseverantia
1885 1875 2039 1930 circa
2065 1892 2206 1946 quo-

914 1966 1200 2023 tidianam
1246 1965 1438 2020 cordis
1477 1964 1800 2019 custodiam
1810 2006 2197 2021 .....
2238 1965 2345 2019 215

844 2055 1174 2130 Capitulum
1200 2056 1318 2110 VII.
1353 2051 1734 2125 iuterrogatio
1773 2055 1844 2111 de
1879 2053 2200 2111 mobilitate

914 2144 1148 2208 animoe,
1179 2145 1237 2200 et
1275 2141 1716 2215 impugnatione
1755 2142 2076 2200 coelestium
2109 2160 2203 2199 ne·

913 2232 1234 2306 quitiarum
1256 2275 2195 2288 ...........
2238 2233 2343 2289 216

843 2321 1174 2395 Capitulum
1221 2322 1364 2375 VIII.
1413 2320 1730 2393 Responsio
1785 2322 1855 2378 de
1909 2320 2199 2393 adjutorio

911 2410 1030 2474 Dei,
1063 2414 1118 2467 et
1148 2413 1426 2482 potestate
1466 2408 1632 2466 liberi
1670 2408 1914 2466 arbitrii.
1995 2454 2006 2465 .
2089 2453 2099 2464 .
2182 2455 2193 2466 .
2236 2412 2344 2466 216

840 2500 1172 2572 Capitulum
1205 2500 1292 2554 IX.
1327 2499 1724 2571 Interrogatio‚
1758 2498 2008 2571 qualiter
2035 2498 2199 2572 spiri-

908 2592 1003 2646 tus
1049 2588 1293 2661 maligni
1351 2587 1628 2645 humanis
1675 2588 1972 2645 mentibus
2015 2604 2197 2660 copu-

910 2678 1105 2735 lentur
1158 2721 2194 2734 ............
2236 2680 2340 2734 217

843 2768 1172 2840 Capitulum
1230 2770 1292 2823 X.
1344 2766 1659 2839 Responsio
1705 2768 1780 2823 ad
1831 2768 1984 2823 hanc
2040 2784 2197 2839 quae-

913 2856 1160 2913 stionem
1245 2899 2195 2913 ...........
2236 2858 2340 2913 217

842 2944 1170 3018 Capitulum
1204 2946 1292 3001 XI.
1326 2944 1602 3019 Objecti0,
1635 2946 1790 3017 quod
1819 2944 2060 3017 spiritus
2091 2945 2200 3001 im—

913 3034 1122 3090 mundi
1162 3034 1386 3106 possint
1423 3033 1600 3091 inseri
1639 3037 1742 3089 aut
1778 3034 1933 3090 uniri
1973 3034 2200 3091 anima-

915 3124 1024 3181 bus
1051 3140 1251 3180 eorum
1286 3140 1432 3195 quos
1461 3122 1686 3194 replent
1715 3166 2194 3181 ......
2237 3126 2342 3181 217

843 3212 1174 3284 Capitulum
1212 3214 1328 3268 XII.
1368 3211 1702 3284 Responsio,
1743 3212 1994 3284 qualiter
2029 3213 2200 3285 spiri-

916 3304 1010 3356 tus
1066 3300 1360 3358 immundi
1420 3300 1478 3356 in
1541 3300 1952 3373 energumenis
2009 3302 2199 3358 domi-

915 3392 1128 3445 nentur
1160 3432 2197 3447 ............
2238 3392 2345 3447 217

841 3476 1170 3550 Capitulum
1202 3478 1342 3533 Xlll.
1376 3480 1539 3544 Quod
1569 3478 1810 3551 spiritus
1837 3482 2064 3537 creatus
2091 3478 2204 3552 spi-

915 3566 1054 3623 ritui
1083 3570 1275 3624 creato
1303 3566 1678 3639 penetrabilis
1705 3584 1827 3624 esse
1858 3584 1973 3623 non
2001 3568 2199 3640 possit,

917 3656 1015 3711 sed
1047 3654 1153 3710 soli
1180 3654 1522 3729 incorporeo
1553 3657 1667 3713 Deo
1721 3699 2197 3713 ......
2238 3658 2345 3713 218

845 3742 1174 3814 Capitulum
1198 3745 1332 3801 XIV.
1358 3744 1632 3817 Objecti0,
1655 3762 1731 3800 an
1762 3747 2059 3801 daemones
2088 3762 2203 3802 cre-

917 3832 974 3888 di
1034 3834 1282 3889 debeant
1336 3833 1715 3906 cogitationes
1761 3834 2045 3907 inspicere
2099 3835 2201 3890 ho-

918 3922 1148 3979 minum
1158 3967 2098 3981 ...........
2185 3970 2197 3982 .

843 4012 1174 4083 Capitulum
1231 4015 1340 4068 XV.
1386 4014 1723 4085 ResponsiO,
1777 4012 1919 4086 quid
1977 4015 2202 4086 possint

914 4102 1212 4158 daemones
1259 4102 1318 4158 in
1367 4102 1819 4174 cogitationibus
1867 4102 2200 4169 bominum,

914 4189 1126 4263 quidve
1155 4207 1272 4247 non
1304 4190 1527 4263 possint
1532 4234 2199 4248 ........
2238 4194 2346 4249 218

845 4279 1176 4352 Capitulum
1226 4280 1362 4335 XVI.
1416 4280 1751 4337 Similitudo
1799 4298 1914 4353 qua
1963 4281 2204 4353 spiritus

916 4368 1212 4426 immundi
1262 4370 1642 4442 cogitationes
1695 4370 2006 4428 hominum
2057 4372 2203 4428 scire

917 4459 1203 4514 docentur
1252 4503 2197 4517 ...........
2240 4463 2346 4517 219

848 4546 1179 4620 Capitulum
1211 4550 1375 4603 XVII.
1410 4550 1575 4615 Quod
1603 4566 1722 4606 non
1749 4550 1965 4623 singuli
1994 4552 2207 4607 daemo-

923 4650 1026 4691 nes
1054 4636 1351 4692 universas
1382 4637 1635 4695 inserant
1673 4639 1970 4711 passiones
2001 4682 2012 4694 .
2095 4683 2105 4695 .
2187 4685 2198 4696 .
2239 4640 2347 4695 219

847 4724 1178 4796 Capitulum
1231 4725 1419 4781 XVIII.
1471 4727 1868 4800 Interrogatio,
1921 4743 1996 4784 an
2054 4728 2207 4785 inter

918 4814 1216 4870 doemones
1252 4818 1510 4871 servetur
1538 4817 1681 4871 ordo
1720 4816 2199 4889 impugnationis,

916 4906 1018 4960 aut
1053 4902 1468 4960 vicissitudinis
1503 4904 1813 4978 disciplina
1817 4950 2197 4963 .....
2239 4909 2346 4964 219

845 4994 1173 5065 Capitulum
1207 4995 1345 5049 XIX.
1377 4996 1710 5068 ResponsiO,
1745 5012 1846 5068 per
1875 5013 2049 5068 quem
2082 5014 2204 5051 mo-

917 5086 1060 5141 dum
1093 5083 1370 5140 subsistat
1397 5085 1701 5141 consensio
1728 5087 2065 5142 daemonum
2099 5086 2205 5141 cir-

919 5190 985 5228 ca
1012 5173 1472 5230 vicissitudinem
1509 5174 2010 5247 impugnationis.
2090 5220 2102 5231 .
2184 5221 2195 5231 .
2238 5178 2345 5233 219

847 5262 1176 5335 Capitulum
1229 5265 1338 5319 XX.
1371 5266 1533 5329 Quod
1579 5266 1876 5321 daemones
1920 5281 2035 5320 non
2084 5265 2202 5321 sint

2239 3926 2347 3981 218

2119 462 2307 509 INDEX
2346 462 2681 509 Germanis

2520 633 2785 706 ejusdem
2834 628 3192 686 fortitudinis
3232 672 3799 686 .......
3842 629 3951 684 220

2450 721 2779 793 Capitulum
2822 720 2958 776 XXI.
2992 720 3157 785 Quod
3196 719 3493 775 daemones
3528 734 3663 775 cum
3706 718 3807 774 ho-

2524 810 2786 867 minibus
2814 826 2930 865 non
2961 808 3085 865 sine
3112 824 3217 865 suo
3242 808 3438 865 labore
3468 808 3800 880 confligant.
3841 806 3953 862 220

2450 900 2778 972 Capitulum
2830 900 2991 955 XXII.
3043 898 3205 963 Quod
3251 896 3514 953 tentandi
3564 896 3809 955 facultas

2524 1005 2639 1044 non
2672 988 2746 1043 sit
2774 988 3053 1044 collocata
3082 987 3143 1042 in
3172 1002 3377 1043 eorum
3414 985 3655 1042 arbitrio
3697 1030 3708 1041 .
3790 1029 3801 1041 .
3842 986 3948 1040 221

2455 1078 2784 1150 Capitulum
2820 1079 3007 1134 XXIII.
3040 1078 3119 1133 De
3150 1076 3441 1132 minorata
3469 1077 3808 1131 daemonum

2526 1168 2803 1238 potestate
2870 1207 3803 1223 ...........
3846 1164 3953 1217 222

2455 1254 2784 1327 Capitulum
2836 1255 3019 1310 XXIV.
3071 1252 3329 1319 Qualiter
3370 1254 3669 1309 daemones
3716 1268 3813 1324 pa-

2525 1348 2656 1401 rent
2680 1343 2789 1400 sibi
2818 1343 3043 1401 aditum
3074 1343 3133 1399 in
3164 1359 3407 1415 corpora
3434 1358 3638 1399 eorum
3663 1357 3809 1413 quos

2526 1432 2847 1505 possessuri
2881 1435 3017 1489 sunt
3048 1474 3802 1489 .........
3844 1430 3952 1484 222

2455 1521 2783 1593 Capitulum
2816 1523 2973 1577 XXV.
3008 1523 3173 1587 Quod
3212 1520 3663 1577 miserabiliores
3690 1518 3810 1575 sint

2527 1611 2626 1683 qui
2654 1610 2811 1667 vitiis
2846 1610 3261 1683 adimplentur,
3287 1626 3465 1682 quam
3505 1608 3604 1681 qui
3626 1626 3663 1665 a
3690 1609 3806 1664 dae-

2527 1699 2800 1755 monibus
2828 1698 3197 1772 possidentur
3237 1740 3803 1754 .......
3844 1698 3952 1751 222

2453 1788 2783 1859 Capitulum
2816 1788 2999 1844 XXVI.
3030 1787 3107 1843 De
3139 1802 3276 1843 nece
3306 1786 3607 1858 Prophetae
3638 1786 3808 1842 sedu—

2524 1876 2619 1941 cti,
2659 1880 2718 1934 et
2763 1876 3102 1933 infirmitate
3148 1874 3372 1931 abbatis
3418 1873 3582 1931 Pauli
3630 1890 3807 1945 quam

2524 1982 2629 2037 pro
2655 1982 2761 2022 sua
2798 1963 3205 2021 emendatione
3243 1962 3569 2035 promeruit
3609 2006 3619 2017 .
3701 2006 3711 2017 .
3792 2006 3805 2017 .
3848 1964 3955 2017 223

2452 2053 2783 2126 Capitulum
2832 2054 3041 2109 XXVII.
3093 2053 3169 2109 De
3216 2050 3535 2109 tentatione
3584 2050 3811 2107 abbatis

2522 2143 2731 2216 Moysis
2772 2184 3805 2199 ............
3846 2140 3955 2194 224

2452 2231 2783 2303 Capitulum
2832 2232 3066 2287 XXVIII.
3100 2232 3265 2298 Quod
3302 2228 3497 2301 sperni
3544 2244 3661 2285 non
3710 2230 3808 2285 de-

2525 2322 2697 2377 beant
2743 2320 2843 2393 qui
2901 2318 3227 2376 immundis
3282 2319 3597 2375 tradunt-ur
3642 2316 3809 2390 spiri-

2520 2410 2677 2465 tibus
2683 2450 3801 2465 .............
3842 2407 3952 2461 224

2450 2499 2781 2571 Capitulum
2813 2501 2995 2555 XXIX.
3018 2501 3134 2555 Cur
3156 2514 3189 2554 a
3218 2497 3515 2555 dominica
3543 2513 3806 2553 commu-

2522 2590 2697 2647 nione
2726 2592 3067 2663 separentur
3095 2589 3193 2662 qui
3226 2587 3526 2661 spiritibus
3554 2587 3811 2643 immun-

2523 2678 2613 2733 dis
2639 2680 2954 2735 traduntur
2959 2720 3803 2733 ..........
3846 2677 3953 2731 224

2452 2766 2783 2838 Capitulum
2840 2769 2999 2824 XXX.
3048 2767 3366 2840 Responsio
3410 2768 3487 2823 ad
3539 2766 3809 2839 quaestio-

2524 2870 2659 2911 nem
2702 2856 3059 2927 propositam
3140 2900 3151 2912 .
3232 2900 3243 2911 .
3418 2898 3805 2912 .....
3848 2854 3955 2909 224

2452 2944 2782 3015 Capitulum
2831 2946 3015 3001 XXXI.
3067 2946 3231 3011 Quod
3286 2944 3486 3002 miseri
3536 2943 3655 3001 sint
3708 2942 3809 3017 qui

2524 3050 2641 3089 non
2682 3038 2982 3091 merentur
3018 3034 3188 3091 subdi
3227 3034 3648 3107 temporalibus
3686 3038 3811 3090 ten-

2525 3122 2843 3180 tationibus
2872 3123 2998 3179 istis
3047 3166 3803 3181 .........
3846 3123 3953 3177 223

2452 3210 2784 3282 Capitulum
2832 3213 3043 3268 XXXII.
3078 3214 3155 3269 De
3201 3212 3533 3269 diversitate
3582 3211 3809 3267 studio-

2522 3317 2655 3357 rum
2697 3318 2765 3356 ac
2798 3300 3165 3358 voluntatum
3206 3300 3303 3373 qui
3345 3300 3404 3357 in
3443 3300 3619 3358 aeriis
3654 3304 3810 3373 pote-

2522 3388 2767 3445 statibus
2796 3389 2944 3445 liunt
2980 3393 3037 3446 et
3072 3393 3210 3447 sunt
3232 3433 3803 3446 .......
3844 3392 3950 3445 226

2454 3477 2783 3550 Capitulum
2817 3480 3052 3535 XXXIII.
3076 3479 3475 3552 Interrogatio,
3496 3481 3651 3537 unde
3681 3496 3809 3551 pro·

2526 3567 2761 3624 cesserit
2813 3570 2977 3624 tanta
3032 3567 3359 3625 differentia
3412 3567 3807 3641 nequitiarum

2526 3656 2847 3714 coelestium
2857 3701 3805 3715 ...........
3846 3658 3953 3713 227

2454 3745 2783 3816 Capitulum
2825 3748 3058 3803 XXXIV.
3092 3745 3301 3802 Dilatio
3336 3745 3643 3803 solutionis
3680 3764 3813 3819 pro-

2526 3835 2729 3906 positae
2765 3836 3104 3907 quaestionis
3142 3880 3809 3893 ........
3848 3837 3955 3892 227

2456 4022 2754 4086 Coum-rm
2810 4040 3047 4086 ocrAvA
3095 4023 3386 4105 (Abbatis
3445 3980 3667 4087 Sereni
3722 4044 3815 4086 se-

2536 4112 2789 4191 cunda).
2824 4114 2909 4175 De
2955 4114 3374 4194 potestatibus
3416 4133 3529 4175 seu
3580 4114 3815 4195 princi-

2538 4200 2791 4281 patibus
2862 4253 3803 4267 ...........
3846 4212 3954 4265 228

2455 4377 2784 4449 Capitulum
2832 4380 2870 4435 I.
2912 4380 2990 4436 De
3037 4380 3399 4437 humanitate
3440 4380 3665 4437 abbatis
3710 4382 3808 4438 Se-

2526 4466 2652 4523 reni
2681 4511 3805 4526 .............
3848 4470 3954 4526 228

2454 4556 2783 4627 Capitulum
2816 4557 2880 4613 II.
2909 4558 3230 4630 Propositio
3259 4559 3329 4615 de
3356 4559 3687 4617 diversitate
3717 4575 3814 4616 ne·

2527 4644 2847 4716 quitiarum
2888 4646 3206 4703 coelestium
3234 4692 3711 4705 ......
3797 4694 3810 4705 .
3851 4650 3956 4704 228

2456 4734 2784 4806 Capitulum
2820 4736 2910 4790 Ill.
2945 4737 3022 4792 De
3054 4736 3363 4808 multiplici
3394 4754 3523 4793 esca
3554 4736 3815 4811 Scriptu-

2525 4841 2725 4881 rarum
2776 4828 3111 4882 sanctarum
3144 4870 3810 4884 ........
3851 4829 3955 4883 228

2454 4911 2782 4984 Capitulum
2825 4914 2909 4969 IV.
2944 4914 3021 4971 De
3061 4916 3296 4987 gemina
3334 4916 3622 4973 sententia
3660 4916 3819 4973 circa

2528 5002 2886 5059 intellectum
2918 5020 3097 5060 sacrae
3126 4999 3473 5077 Scripturae'
3518 5050 3529 5062 .
3610 5051 3622 5062 .
3705 5052 3716 5062 .
3798 5052 3811 5063 .
3852 5010 3956 5063 229

2453 5091 2783 5161 Capitulum
2809 5093 2869 5147 V.
2892 5095 3053 5156 Quod
3078 5094 3373 5165 proposita
3393 5096 3639 5166 quaestio
3664 5112 3820 5151 com-

2526 5182 2785 5251 putanda
2834 5180 2906 5235 sit
2954 5181 3105 5238 inter
3148 5200 3217 5238 ea
3262 5200 3393 5255 quae
3441 5184 3633 5241 medie
3675 5189 3811 5240 sunt

2525 5270 2774 5325 tenenda
2858 5314 3805 5331 ...........
3846 5276 3949 5331 230
