4359 6267
846 466 963 529 134
2213 486 2576 533 rnotoous

842 660 1017 716 tanto
1057 654 1509 736 profundioriS,
1545 664 1781 737 quanto
1826 655 2031 736 major
2068 662 2130 717 et
2168 654 2357 718 altior
2393 662 2489 717 est
2528 652 2932 717 anachoresis
2970 653 3102 716 vita
3141 652 3529 726 coenobitali,
3561 660 3625 714 et
3661 658 3952 715 contem-

843 760 1038 842 platio
1082 762 1193 824 Dei
1239 762 1717 825 conversatione
1764 763 1995 825 actuali
2041 782 2184 845 quae
2231 763 2296 823 in
2341 761 2938 842 congregationibus
2981 768 3334 835 exercetur,
3378 760 3481 823 cui
3527 760 3748 841 utique
3793 777 3950 822 con-

842 869 1239 950 templationi
1290 888 1543 951 semper
1598 870 1824 931 intenti
1886 877 2032 933 sunt
2083 869 2559 933 inaestimabiles
2611 869 2730 931 viri
2793 869 2907 931 illi.
2961 870 3254 930 Vestrum
3301 877 3400 930 est
3447 886 3595 949 ergo
3640 867 3952 947 adjuvare

842 976 1235 1039 orationibus
1286 977 1411 1058 piis
1459 983 1706 1039 nostros
1757 985 2040 1050 conatuS‚
2090 996 2169 1039 ne
2218 985 2346 1039 tam
2393 982 2611 1038 sancta
2659 975 2922 1038 materia
2970 993 3139 1036 nunc
3187 974 3604 1037 describenda
3651 991 3954 1036 sermone

845 1080 1163 1163 imperito,
1200 1083 1309 1145 sed
1341 1091 1551 1145 tamen
1584 1081 1785 1157 fideli,
1820 1083 2217 1164 periclitetur
2250 1084 2315 1144 in
2347 1082 2566 1161 nobis;
2596 1082 2700 1144 vel
2731 1090 2900 1144 certe
2932 1101 3012 1144 ne
3043 1089 3258 1145 nostra
3286 1081 3607 1144 rusticitas
3635 1080 3954 1144 obruatur

843 1189 1133 1270 ejusdem
1173 1189 1602 1272 profunditate
1635 1191 1932 1253 materiae.
1968 1191 2184 1272 Itaque
2217 1199 2610 1253 transeamus
2648 1190 2728 1252 ab
2768 1190 3065 1253 exteriori
3102 1196 3292 1271 atque
3324 1188 3563 1252 visibili
3609 1188 3954 1250 monacho-

847 1315 989 1357 rum
1031 1297 1229 1372 cultu,
1262 1316 1455 1380 quem
1496 1297 1562 1360 in
1602 1297 1766 1360 libro
1796 1298 1873 1360 de
1906 1298 2216 1360 Institutis
2259 1299 2510 1360 Patrum
2550 1298 3029 1379 descripsimus,
3062 1298 3140 1360 ad
3183 1296 3577 1358 invisibilem
3623 1295 3952 1357 interioris

848 1404 1126 1466 hominis
1157 1405 1447 1467 habitum
1476 1424 1550 1467 ac
1580 1412 1891 1468 ornatum.
1927 1406 2015 1467 De
2048 1407 2236 1469 modo
2266 1424 2519 1488 quoque
2551 1424 2663 1467 seu
2703 1404 2907 1467 forma
2935 1404 3385 1468 canonicarum
3417 1404 3774 1467 orationum
3809 1404 3952 1465 sive

574 1532 823 1579 mecm,
850 1512 1157 1574 Horarum
1186 1512 1484 1574 ascendat
1511 1512 1839 1593 eloquium
1880 1520 2167 1575 nostrum
2197 1513 2277 1575 ad
2306 1512 2655 1576 orationem
2697 1511 2873 1575 illam
2909 1513 3129 1593 jugem
3160 1519 3223 1573 et
3255 1511 3720 1573 indesinentem
3751 1528 3952 1591 quam

580 1600 823 1703 gemm„
848 1619 1033 1701 jubet
1078 1619 1416 1700 Apostolus
1469 1637 1483 1681 ε
1534 1625 1847 1701 quatenus
1897 1620 2288 1701 quicumque
2347 1620 2699 1701 promeruit
2748 1635 2981 1681 nomen
3039 1618 3389 1700 spiritualis
3435 1616 3625 1680 Jacob
3674 1616 3954 1679 lectione

560 1724 627 1764 36.

853 1727 1001 1789 libri
1050 1727 1281 1808 prioris
1328 1746 1401 1789 ac
1452 1726 1964 1809 supplantatione
2012 1727 2316 1790 vitiorum
2365 1726 2739 1801 carnalium,
2787 1745 2959 1788 nunc
3006 1727 3198 1789 etiam
3251 1726 3608 1809 suscipiens
3659 1725 3958 1787 instituta

572 1856 822 1904 [maana.
852 1834 1104 1896 Patrum
1147 1833 1346 1915 magis
1375 1852 1566 1915 quam
1610 1852 1769 1906 mea,
1804 1834 2246 1915 transiensque
2287 1842 2578 1915 respectu
2609 1852 2682 1895 ac
2711 1852 2832 1915 ope
2863 1834 3116 1916 pietatis
3157 1834 3390 1895 divinae
3428 1833 3505 1895 ad
3548 1833 3850 1894 meritum
3887 1840 3956 1893 et

852 1942 953 2022 (ut
990 1942 1076 2002 ita
1119 1940 1419 2021 dixerim)
1452 1940 1529 2002 ad
1573 1940 1947 2021 dignitatem
1987 1942 2258 2015 IsraeliS‚
2295 1942 2643 2003 instruatur
2690 1941 2987 2003 similiter
3025 1940 3180 2022 quid
3230 1940 3457 2003 debeat
3506 1939 3828 2004 observari
3881 1939 3954 2000 in

856 2048 1135 2110 culmine
1181 2048 1301 2111 isto
1346 2046 1777 2129 perfectioniS,
1810 2049 2109 2111 videlicet
2154 2049 2221 2110 in
2266 2048 2488 2111 habitu
2533 2056 2596 2109 et
2639 2056 2864 2111 ornatu
2908 2048 3185 2110 hominis
3229 2048 3569 2111 interioris.
3609 2048 3958 2111 Obtineant

855 2165 1003 2227 ergo
1042 2147 1355 2210 orationes
1395 2154 1618 2209 vestrae
1656 2147 1736 2209 ab
1775 2164 1851 2209 eo
1890 2147 2000 2228 qui
2037 2147 2349 2227 judicavit
2387 2165 2502 2209 nos
2543 2146 2766 2228 dignos
2798 2147 2940 2209 visu
2980 2166 3053 2208 ac
3093 2146 3478 2228 discipulatu
3509 2147 3609 2208 vel
3650 2147 3954 2209 societate

854 2254 1397 2327 anachoretarum,
1432 2262 1503 2314 ut
1546 2254 1729 2316 nobis
1779 2254 2066 2316 conferre
2116 2255 2414 2337 dignetur
2461 2255 2715 2337 plenam
2769 2254 3141 2318 memoriam
3186 2254 3618 2317 doctrinarum
3663 2255 3952 2327 illorum,

854 2361 1237 2443 facilemque
1267 2380 1625 2425 sermonem
1655 2362 1733 2423 ad
1762 2362 2251 2443 exprimendum
2282 2363 2535 2425 easdem
2572 2382 2585 2425 ε
2622 2370 2691 2424 ut
2718 2362 3019 2425 exhibere
3049 2362 3230 2425 vobis
3271 2363 3591 2444 possimus
3621 2380 3956 2424 sermones

854 2470 1133 2543 illorum,
1187 2469 1561 2550 explicando
1619 2488 1726 2532 eos
1776 2477 1904 2531 tam
1954 2479 2167 2533 sancte
2220 2479 2282 2532 et
2329 2471 2572 2552 integre
2631 2470 2795 2532 sicut
2843 2470 2923 2532 ab
2983 2470 3141 2552 ipsis
3207 2472 3594 2552 accepimus,
3649 2470 3956 2552 ipsosque

851 2578 1061 2640 Patres
1109 2577 1242 2639 suis
1293 2577 1599 2639 institutis
1646 2596 1721 2639 ac
1767 2577 2166 2641 documentis
2216 2578 2682 2660 quodammodo
2732 2578 3214 2659 incorporando,
3254 2586 3318 2640 et
3353 2578 3552 2660 (quod
3603 2578 3810 2659 majus
3853 2586 3958 2640 est

853 2685 983 2765 his)
1021 2685 1099 2747 de
1130 2684 1450 2766 praedictis
1480 2684 1702 2748 Latino
1739 2685 1993 2767 eloquio
2031 2685 2433 2767 disputando.
2469 2722 2550 2731 —
2577 2686 2767 2749 Porro
2807 2686 3106 2748 lectorem
3139 2686 3424 2767 priorum
3455 2686 3857 2749 voluminum
3887 2693 3960 2747 et

854 2792 1079 2853 harum
1113 2791 1535 2855 Collationum
1565 2792 1862 2854 volumus
1902 2799 2047 2854 ante
2086 2793 2303 2855 omnia
2334 2812 2472 2855 esse
2513 2794 2983 2875 praemonitum,
3017 2800 3088 2854 ut
3117 2793 3168 2855 si
3201 2792 3362 2856 forte
3396 2794 3713 2876 putaverit
3742 2794 3808 2854 in
3847 2793 3956 2855 his

853 2899 1068 2980 aliqua
1109 2899 1537 2981 impossibilia
1576 2918 1714 2961 esse
1752 2906 1861 2961 aut
1890 2901 2068 2974 dura,
2102 2919 2179 2963 ex
2215 2900 2516 2981 qualitate
2557 2908 2755 2963 status
2795 2908 2903 2963 aut
2934 2901 3242 2983 propositi
3283 2901 3405 2975 sui,
3439 2901 3541 2964 vel
3581 2918 3696 2984 pro
3737 2920 3856 2962 usu
3889 2907 3958 2963 et

858 3007 1334 3069 conversatione
1376 3007 1725 3081 communi,
1760 3025 1886 3070 non
1927 3025 2000 3069 ea
2041 3015 2366 3070 mensuret
2394 3027 2466 3070 ac
2494 3007 2738 3089 judicet
2773 3008 2954 3089 juxta
2993 3028 3122 3071 suae
3159 3008 3480 3071 facultatis
3522 3008 3956 3091 imperfectio-

859 3114 1086 3195 nisque
1132 3116 1415 3189 modum,
1458 3115 1568 3177 sed
1616 3116 1969 3177 secundum
2016 3116 2390 3196 dignitatem
2435 3122 2498 3178 et
2541 3115 2997 3198 perfectionem
3045 3117 3299 3179 Patrum
3343 3118 3463 3179 ista
3510 3116 3954 3199 loquentium3

858 3220 1135 3303 denique
1184 3222 1362 3303 prius
1412 3223 1729 3304 concipiat
1780 3223 2061 3285 studium
2118 3230 2308 3305 atque
2358 3224 2755 3306 propositum
2817 3224 3068 3286 Patrum
3119 3224 3397 3297 illorum,
3446 3224 3750 3306 quoniam
3798 3242 3954 3285 vere

862 3330 1094 3391 mortui
1134 3337 1285 3391 sunt
1311 3330 1487 3392 omni
1529 3331 1991 3393 conversationi
2041 3331 2399 3406 mundanae,
2432 3339 2496 3394 et
2527 3332 2712 3394 liberi
2751 3332 2831 3395 ab
2872 3333 3046 3395 omni
3086 3331 3325 3394 affectu
3364 3341 3702 3415 parentum
3733 3350 3955 3394 carna-

859 3436 1042 3510 lium,
1074 3436 1377 3518 omnique
1419 3436 1675 3499 vinculo
1712 3436 2114 3501 saecularium
2156 3439 2501 3502 actionum.
2538 3439 2904 3503 Consideret
2951 3456 3206 3521 quoque
3249 3440 3620 3521 qualitatem
3666 3440 3958 3502 locorum

861 3544 926 3605 in
956 3543 1192 3626 quibus
1232 3552 1579 3616 morantur,
1613 3545 1763 3626 quia
1794 3544 1859 3605 in
1891 3546 2250 3607 vastissima
2287 3546 2631 3609 solitudine
2663 3546 2990 3609 constituti
3023 3554 3086 3607 et
3113 3545 3194 3608 ab
3227 3547 3544 3609 universis
3583 3545 3958 3609 hominibus

860 3652 1155 3733 separati,
1186 3658 1374 3732 atque
1413 3670 1527 3733 per
1568 3652 1687 3715 hoc
1731 3651 2127 3733 possidentes
2173 3653 2406 3715 mentis
2445 3653 3002 3727 illuminationem,
3037 3654 3549 3734 contemplantur
3589 3653 3689 3716 vel
3732 3652 3962 3714 dicunt

861 3778 936 3821 ea
971 3776 1115 3839 quae
1153 3757 1418 3819 forsitan
1457 3758 1844 3820 videbuntur
1890 3759 2314 3841 impossibilia
2359 3759 2706 3842 inexpertis
2744 3767 2807 3822 et
2847 3759 3182 3821 ineruditis
3227 3768 3486 3841 propter
3525 3759 3960 3822 conditionem

862 3873 925 3927 et
958 3864 1459 3927 mediocritatem
1501 3866 1979 3927 consuetudinis
2020 3885 2168 3928 suae.
2205 3868 2292 3928 De
2323 3866 2559 3947 quibus
2599 3874 2812 3929 tamen
2853 3867 2905 3930 si
2936 3866 3080 3948 quis
3111 3866 3385 3929 voluerit
3415 3885 3632 3929 veram
3672 3865 3960 3948 proferre

864 3972 1266 4046 sententiam,
1311 3980 1373 4034 et
1417 3973 1692 4054 experiri
1739 3973 2054 4036 desiderat
2098 3994 2178 4036 an
2224 3973 2331 4036 illa
2374 3980 2610 4056 queant
2655 3974 2931 4057 impleri,
2973 3974 3233 4037 festinet
3283 3974 3460 4056 prius
3509 3975 3832 4056 suscipere
3881 3990 3960 4035 ac

864 4081 1089 4145 sectari
1135 4081 1333 4144 simili
1378 4082 1591 4145 studio
1636 4100 1710 4143 ac
1756 4082 2235 4145 conversatione
2279 4083 2474 4144 vitam
2519 4090 2583 4144 et
2628 4083 3023 4165 propositum
3071 4083 3323 4145 Patrum
3366 4082 3647 4155 illorum,
3691 4090 3755 4145 et
3803 4090 3960 4144 tunc

864 4190 1125 4252 demum
1169 4189 1599 4270 deprehendet
1642 4196 1706 4251 et
1748 4189 1907 4251 sciet
1949 4207 2023 4250 ea
2064 4207 2190 4251 non
2230 4189 2437 4251 solum
2481 4208 2618 4251 esse
2668 4189 3019 4271 possibilia,
3053 4208 3277 4253 verum
3320 4190 3514 4252 etiam
3555 4188 3956 4264 suavissima,

863 4317 1007 4379 quae
1036 4304 1221 4359 antea
1256 4296 1378 4359 sibi
1411 4296 1791 4359 videbantur
1820 4316 1959 4359 esse
2000 4315 2193 4378 supra
2232 4297 2510 4360 hominis
2551 4296 2936 4359 facultatem.
2971 4297 3152 4359 Nunc
3183 4298 3396 4379 itaque
3427 4314 3840 4379 properemus
3875 4298 3959 4359 ad

866 4405 1235 4469 collationes
1278 4412 1340 4467 et
1384 4404 1672 4469 instituta
1714 4422 1955 4468 eorum.
