4359 6267
1078 539 1494 586 COLLATIONUM
1537 540 1621 587 SS.
1656 540 1898 587 PATRUM
1939 541 2115 588 LIBER
2157 542 2197 588 1.
2244 560 2324 570 --
2364 540 2649 588 COLLATIO
2690 541 2754 586 lx

3349 521 3465 586 241

1483 935 2134 1049 COLLATIO
2222 936 2370 1045 IX

1385 1169 1770 1264 (Abbatcs
1839 1170 2084 1246 Isaac
2136 1173 2462 1270 prima)

1621 1416 1724 1467 DE
1788 1414 2223 1467 ORATIONE.

653 1744 1159 1810 CAPITULUM
1223 1746 1590 1810 PRIMUM.

747 1895 1112 1951 Prooemium
1138 1894 1506 1950 collationis,

161 2109 355 2162 mama
385 2087 675 2287 QUOD
725 2092 792 2153 in
841 2091 1120 2153 secundo
1173 2090 1649 2154 Institutionum
1709 2090 1872 2152 libro

559 2190 946 2271 promissum
1005 2197 1102 2252 est
1159 2190 1234 2251 de
1295 2197 1600 2271 perpetua
1657 2196 1718 2250 et
1778 2189 1871 2249 in-

382 2288 675 2351 cessabili
723 2289 994 2370 jugitate
1046 2289 1370 2362 orationiS,
1420 2288 1548 2351 Deo
1595 2287 1868 2362 favente,

383 2387 794 2468 complebunt
833 2387 1200 2449 collationes
1249 2387 1422 2448 senis
1463 2406 1654 2468 quem
1701 2405 1872 2448 nunc

381 2484 440 2546 in
493 2485 774 2546 medium
827 2485 1232 2566 proferimuS,
1277 2485 1525 2547 abbatis
1574 2483 1872 2546 videlicet

379 2583 562 2645 Isaac.
598 2583 843 2657 Quibus
883 2583 1218 2664 descriptis
1257 2602 1333 2645 ex
1377 2590 1691 2665 praecepto
1730 2582 1872 2644 bea-

379 2681 636 2745 tissimae
678 2683 1002 2744 memoriae
1041 2681 1314 2744 Castoris
1355 2681 1662 2764 episcopi,
1696 2689 1760 2743 et
1793 2700 1868 2743 ex

377 2778 687 2842 desiderio
715 2787 1000 2852 vestr0,o
1024 2778 1390 2841 beatissime
1421 2780 1652 2861 praesul
1683 2779 1872 2841 Leon-

1898 1695 1951 1758 A
1979 1695 2135 1758 Nam
2164 1697 2331 1759 sicut
2360 1698 2435 1760 ad
2467 1697 2763 1761 orationis
2793 1697 3243 1779 perfectionem
3272 1698 3474 1760 tendit

1980 1801 2297 1856 structura
2354 1796 2795 1858 universarum
2844 1796 3175 1866 virtutum,
3228 1796 3321 1857 sic
3377 1796 3474 1858 ni-

1979 1893 2033 1954 si
2084 1893 2385 1955 exercitia
2428 1895 2737 1956 virtutum
2790 1894 3079 1974 colligata
3126 1893 3364 1956 fuerint
3412 1902 3475 1956 et

1981 1999 2310 2072 compacta
2365 1991 2755 2073 perfectione
2803 1999 2865 2053 et
2914 1992 3193 2054 culmine
3251 1993 3475 2055 oratio-

1979 2088 2102 2164 nis,
2138 2108 2539 2171 nequaquam
2581 2097 2879 2171 poterunt
2914 2089 3103 2152 firma
3140 2097 3249 2152 aut
3286 2090 3475 2152 stabi.-

1981 2187 2064 2248 lia
2108 2187 2471 2269 perdurare.
2517 2189 2799 2269 Denique
2844 2187 3010 2250 sicut
3052 2195 3356 2271 perpetua
3400 2208 3473 2251 ac

1975 2284 2144 2366 jugis
2176 2285 2295 2346 ista
2324 2285 2626 2348 orationis
2656 2285 3079 2368 tranquillitas
3110 2304 3236 2349 non
3268 2294 3476 2368 potest

1979 2383 2225 2464 acquiri
2256 2389 2364 2444 aut
2390 2385 2818 2444 consummari
2850 2383 2987 2445 sine
3020 2385 3333 2446 universis
3358 2385 3477 2446 vir-

1979 2481 2245 2554 tutibus,
2271 2477 2505 2542 ita‘nec
2536 2482 2689 2563 ipsae
2720 2482 2986 2544 virtutes
3016 2491 3281 2564 possunt
3313 2501 3479 2546 com-

1981 2579 2140 2661 pleri
2192 2579 2433 2660 absque
2489 2580 2859 2642 assiduitate
2906 2582 3229 2654 orationis,
3281 2601 3471 2664 quam

1982 2685 2369 2759 praestruunt
2431 2697 2542 2740 seu
2604 2679 2981 2760 producunt.
3044 2679 3286 2742 Idcirco
3348 2699 3472 2744 non

1981 2795 2320 2858 possumus
2372 2777 2447 2838 de
2498 2777 2799 2838 orationis
2852 2777 3087 2839 affectu
3138 2786 3307 2840 recte
3356 2787 3475 2840 tra-

376 2878 444 2952 ti,
476 2886 538 2939 et
567 2884 783 2939 sancte
823 2877 1015 2939 frater
1043 2877 1308 2951 Helladi,
1342 2877 1726 2940 satisfecisse
1767 2898 1867 2940 me
1904 2872 1951 2935 B
1980 2881 2171 2948 ctare,
2219 2893 2336 2937 nec
2386 2875 2717 2937 subitanea
2764 2875 3189 2956 disputatione
3240 2877 3473 2939 int-rare

380 2975 596 3054 credo;
641 2976 996 3056 granditate
1043 2975 1236 3056 hujus
1285 2974 1634 3038 voluminis
1683 2995 1868 3038 excu-

379 3081 527 3148 sata,
569 3074 635 3134 in
688 3074 914 3156 primis
963 3074 1134 3156 quod
1185 3075 1250 3135 in
1293 3075 1712 3155 quantitatem
1762 3093 1866 3136 ex-

381 3171 574 3233 crevit
603 3173 912 3252 majorem
942 3191 1135 3253 quam
1178 3189 1732 3254 proposueramuS,
1766 3191 1868 3235 co-

381 3270 670 3332 nantibus
712 3269 898 3333 nobis
937 3273 1246 3332 narranda
1284 3271 1708 3353 perstringere
1739 3290 1866 3333 non

382 3367 580 3429 solum
625 3387 919 3430 sermone
959 3369 1308 3442 succincto,
1342 3370 1451 3431 sed
1495 3369 1689 3431 etiam
1732 3370 1868 3451 plu-

383 3465 534 3527 rima
570 3467 894 3547 praeterire
933 3467 1203 3530 silentio.
1239 3469 1456 3550 Itaque
1500 3468 1870 3549 disputatio—

381 3583 460 3626 ne
500 3565 754 3646 copiosa
803 3566 1130 3647 praemissa
1172 3567 1250 3629 de
1291 3566 1483 3628 variis
1534 3566 1864 3640 institutiS,

383 3681 566 3743 quam
598 3663 927 3726 brevitatis
957 3665 1168 3726 studio
1198 3649 1578 3738 resecamuS‚
1611 3665 1865 3726 tandem

384 3760 448 3822 B.
476 3762 642 3823 Isaac
684 3762 846 3825 dixit
879 3782 893 3826 ε

796 4016 1300 4080 CAPITULUM
1363 4017 1451 4079 ΙΙ.

567 4153 752 4210 Verba
792 4154 1036 4215 abbatis
1073 4155 1249 4224 Isaac
1284 4156 1357 4211 de
1394 4155 1694 4229 qualitate

963 4246 1284 4301 orationi-3.

507 4439 648 4503 INlS
703 4449 894 4523 atque
946 4441 1255 4522 perfectio
1309 4445 1599 4505 omnium
1658 4463 1871 4506 mona-

535 4539 792 4602 chorum
844 4541 1046 4603 tendit
1097 4542 1176 4603 ad
1220 4542 1440 4622 jugem
1503 4562 1576 4604 ac
1634 4543 1871 4605 indiru-

394 4643 558 4717 ptam
603 4640 903 4703 orationis
963 4641 1519 4722 perseverantiam,
1569 4649 1632 4703 et
1680 4661 1874 4723 quan-

398 4742 526 4797 tum
587 4737 879 4801 humanae
941 4738 1268 4820 fragilitati
1338 4740 1727 4814 conceditur,
1794 4742 1870 4803 ad

401 4833 778 4899 immobilem
827 4837 1060 4899 mentis
1111 4837 1636 4919 tranquillitatem
1684 4847 1747 4901 et
1795 4839 1871 4900 ad

401 4941 750 5014 perpetuam
810 4934 1035 4996 nititur
1091 4935 1434 5016 puritatem
1487 4953 1501 4998 :
1552 4936 1633 4999 ob
1681 4957 1872 5020 quam

405 5028 698 5095 indefesse
759 5032 1146 5095 assumimus
1207 5042 1271 5095 et
1325 5034 1564 5116 jugiter
1619 5055 1872 5098 exerce-

406 5145 534 5190 mus
576 5148 830 5193 omnem
888 5130 1169 5193 laborem
1223 5134 1505 5214 corporis
1555 5135 1876 5199 contritio-

403 5243 658 5310 nemque
697 5229 981 5311 spirituS‚
1015 5236 1079 5291 et
1107 5238 1201 5291 est
1231 5230 1398 5293 inter
1436 5231 1571 5294 haec
1601 5233 1873 5315 recipro-
1902 5241 1952 5303 D
1984 5237 2122 5319 ipsa
2145 5235 2727 5318 vexabit‚quamvis
2759 5235 3212 5318 copiosissimae
3243 5235 3475 5318 pluviae
3520 5257 3767 5309 Mamm,

408 5341 474 5386 ca
519 5327 800 5407 quaedam
855 5327 1425 5411 inseparabilisque
1482 5330 1868 5411 conjunctio

1979 2973 2057 3034 ad
2092 2958 2527 3054 'principalem
2574 2973 2775 3054 ipsius
2819 2973 3039 3046 finem,
3074 2975 3184 3055 qui
3223 2983 3475 3038 cuncta-

1981 3091 2122 3133 rum
2166 3073 2477 3133 virtutum
2527 3079 2754 3134 conatu
2804 3072 3232 3154 exercitioque
3280 3074 3472 3155 perfi-

1980 3170 2166 3243 citur,
2202 3170 2325 3232 nisi
2373 3171 2548 3252 prius
2593 3189 2707 3252 per
2749 3171 3037 3233 ordinem
3077 3171 3473 3234 dinumerata

1981 3267 2220 3330 fuerint
2278 3287 2350 3330 ac
2407 3268 2695 3330 discussa
2750 3269 2965 3331 omnia
3022 3288 3163 3350 quae
3218 3270 3474 3332 vitanda

1980 3373 2128 3428 sunt
2176 3374 2285 3428 aut
2332 3367 2715 3448 acceptanda
2766 3367 2998 3429 intuitu
3048 3387 3159 3430 seu
3210 3368 3471 3431 obtentu

1978 3465 2280 3528 orationis
2313 3464 2630 3546 perfectae,
2665 3475 2728 3528 et
2751 3466 2934 3547 juxta
2960 3467 3339 3548 evangelicae
3369 3469 3474 3529 do—

1980 3564 2249 3626 ctrinam
2296 3564 2609 3646 parabolae
2651 3565 2987 3646 diligenter
3028 3565 3267 3627 fuerint
3307 3583 3474 3628 com—

1981 3669 2199 3744 putata
2240 3681 2313 3723 ac
2356 3670 2702 3744 praeparata
2739 3681 2812 3724 ea
2850 3682 2991 3744 quae
3037 3664 3355 3744 pertinent
3393 3665 3469 3726 ad
3498 3679 3765 3730 tuamne.

1979 3767 2359 3822 structuram
2388 3759 2737 3841 spiritualis
2766 3779 2839 3822 ac
2864 3760 3325 3824 sublimissima)
3350 3771 3474 3823 tur-

1982 3859 2068 3921 ris
2118 3858 2450 3920 virtutum.
2494 3859 2640 3932 Quae
2690 3865 2901 3921 tamen
2952 3877 3076 3922 non
3127 3860 3475 3942 proderunt

1983 3965 2351 4039 praeparata,
2387 3975 2593 4038 neque
2626 3957 2994 4038 permittent
3026 3957 3308 4020 culmina
3336 3977 3476 4039 per-

1906 4057 1949 4120 C
1981 4055 2275 4118 fectionis
2333 4056 2583 4118 excelsa
2644 4055 2765 4118 sibi
2827 4055 3101 4117 invicem
3165 4074 3472 4139 superpo-

1981 4155 2069 4228 ni,
2106 4154 2229 4216 nisi
2273 4154 2483 4235 primo
2523 4154 2679 4215 vitia
2717 4171 2973 4235 prorsus
3017 4153 3376 4234 ejiciantur,
3410 4163 3473 4216 et

1980 4253 2211 4314 rudera
2251 4271 2322 4314 ac
2367 4252 2625 4314 vincula
2667 4252 3035 4333 passionum
3085 4252 3333 4314 succisa
3373 4252 3470 4314 fu-

1981 4351 2147 4412 erint
2197 4358 2260 4412 et
2308 4349 2562 4425 effossa,
2606 4350 2980 4412 firmissima
3027 4368 3280 4432 quoque
3328 4351 3469 4414 fun·
3500 4374 3761 4427 masma.

1981 4451 2275 4512 damenta
2334 4449 2760 4531 simplicitatis
2818 4456 2881 4511 et
2937 4448 3317 4512 humilitatis
3375 4471 3475 4513 su-

1983 4547 2398 4631 perimposita
2440 4547 2679 4610 fuerint
2723 4547 2883 4611 vivae
2924 4567 2997 4609 ac
3038 4548 3253 4611 solidae
3296 4557 3474 4613 terrae

1983 4647 2259 4729 pectoris
2318 4647 2517 4709 nostri
2563 4664 2576 4709 :
2624 4646 2859 4727 quibus
2916 4647 3349 4710 fundamentis
3402 4667 3475 4710 ac

1984 4744 2296 4806 machinis
2345 4743 2694 4825 spiritualis
2742 4743 2876 4806 haec
2925 4745 3117 4806 turris
3166 4745 3473 4807 virtutum

1982 4843 2187 4905 valeat
2218 4842 2633 4904 immobiliter
2662 4842 2955 4916 stabiliri,
2979 4851 3168 4925 atque
3197 4845 3274 4906 ad
3305 4864 3475 4906 sum-

1985 4960 2088 5002 ma
2127 4941 2433 5004 coelorum
2474 4939 2726 5023 fastigia
2768 4940 3071 5003 firmitate
3112 4961 3225 5003 sua
3257 4941 3469 5005 levari.

1985 5040 2145 5102 Eum
2187 5058 2463 5121 namque
2502 5040 2611 5120 qui
2644 5039 2878 5101 talibus
2920 5039 3215 5102 innititur
3252 5040 3475 5102 funda-

1987 5139 2219 5200 mentis
2249 5138 2435 5200 ruina
2462 5156 2588 5201 non
2620 5139 2855 5212 vincet,
2871 5139 2998 5201 imo
3025 5157 3143 5200 nec
3175 5138 3477 5220 impulsio

1983 5333 2353 5417 passionum
2412 5332 2819 5410 descendant,
2869 5333 3163 5417 quamvis
3208 5333 3470 5398 violenti
3502 5323 3569 5364 ²⁵·
