4359 6267
918 471 1039 535 344
1581 489 1998 537 comminuunt
2039 489 2125 534 ss.
2161 487 2405 534 Parium
2446 487 2620 532 mnan
2662 489 2723 533 n.
2771 506 2851 515 —-
2892 486 3178 535 contario
3218 489 3371 534 xvm

919 659 1132 734 miniS,
1168 677 1293 722 non
1335 667 1465 722 tam
1504 658 1881 722 necessitate
1917 657 2185 732 itineris,
2220 675 2412 739 quam
2446 654 2497 718 A
2526 655 2717 730 entia,
2761 674 2890 720 non
2932 657 3294 740 despiciens
3342 658 3520 739 sequi
3573 677 3792 720 curam
3838 658 4019 720 indu—

916 758 1233 820 desiderio
1295 759 1668 821 Sanctorum
1720 758 1808 820 ibi
1867 758 2241 839 degentium
2300 773 2416 817 nos

920 865 1201 938 cogente.
1248 857 1455 930 Quum
1504 857 1678 919 enim
1728 865 2030 937 tanquam
2081 853 2420 937 cupidissi-

921 954 1008 1015 mi
1055 963 1434 1018 mercatores
1476 954 1876 1017 audissemus
1918 954 2008 1015 ibi
2050 972 2190 1015 esse
2235 952 2418 1034 plura

919 1071 992 1114 ac
1041 1054 1458 1116 celeberrima
1506 1054 1798 1117 coenobia
1847 1053 1927 1115 ab
1976 1051 2262 1133 antiquis
2312 1051 2418 1112 Pa-

921 1152 1124 1213 tribus
1165 1152 1476 1225 instituta,
1521 1152 1826 1214 continuo
1869 1150 2273 1231 suscepimus
2314 1167 2419 1210 na-

919 1249 1304 1331 vigationem
1337 1250 1517 1332 quasi
1551 1251 1805 1312 incertae
1837 1246 2291 1331 inquisitionis,
2316 1266 2417 1308 su-

920 1349 1146 1410 adente
1201 1368 1314 1431 spe
1360 1349 1519 1410 lucri
1567 1348 1844 1428 majoris.
1895 1346 2012 1410 Ubi
2057 1345 2417 1408 diutissime

921 1444 1329 1520 fluctuant-eS‚
1368 1465 1569 1528 quum
1611 1447 2014 1508 tenderemus
2056 1444 2274 1507 oculos
2316 1461 2419 1504 cu-

921 1546 1120 1608 riosos
1150 1546 1229 1608 ad
1261 1546 1402 1608 illos
1432 1553 1670 1608 montes
1703 1544 2083 1607 sublimitate
2109 1543 2417 1605 virtutum

921 1644 1322 1726 conspicuOS,
1348 1644 1618 1706 intuitus
1647 1651 1862 1706 noster
1893 1643 1996 1725 pie
2033 1642 2419 1722 circumspe-

922 1751 1120 1817 ctam,
1144 1743 1352 1824 primo
1384 1743 1625 1806 notavit
1653 1743 1950 1804 abbatem
1981 1741 2413 1803 Piammonem

2527 755 2873 837 striamque
2926 756 3202 818 illorum.
3258 757 3565 819 Novimus
3614 758 3785 819 enim
3832 776 4018 838 quos-

2526 854 2669 916 dam
2725 854 2803 918 de
2860 856 3087 918 vestris
3142 855 3509 937 regionibus
3565 857 3706 919 ideo
3756 858 3831 918 ad
3888 857 4017 918 haec

2529 952 2666 1014 loca
2719 953 2993 1027 venisse,
3054 962 3124 1016 ut
3176 955 3591 1017 circumirent
3644 955 4019 1017 monasteria

2529 1051 2816 1113 Fratrum
2857 1053 3295 1115 tantummodo
3334 1054 3534 1134 gratia
3577 1053 4015 1134 cognoscendi,

2528 1167 2656 1212 non
2703 1157 2771 1210 ut
2817 1151 3125 1214 imitando
3168 1151 3566 1233 susciperent
3614 1171 3687 1214 ac
3737 1158 4019 1214 tenerent

2529 1247 2640 1309 has
2686 1248 2933 1330 regulas
2977 1256 3041 1311 et
3084 1249 3513 1312 institutiones
3567 1259 3823 1332 propter
3862 1268 4017 1331 quas

2529 1345 2817 1408 sciendas
2854 1347 2980 1408 huc
3014 1347 3430 1423 advenerunt,
3463 1369 3535 1411 ac
3572 1349 3905 1410 redeuntes
3940 1349 4014 1409 ad

2530 1444 2813 1519 cellulaS,
2848 1454 3228 1508 conarentur
3258 1447 3559 1529 operibus
3589 1448 3847 1530 exsequi
3878 1467 4016 1528 quae

2528 1541 2890 1605 didicerunt
2932 1545 3074 1606 visu
3116 1552 3227 1606 aut
3269 1544 3539 1608 aliorum
3583 1544 4012 1607 instructione.

2529 1640 2641 1712 Qui
2690 1659 2897 1704 mores
2940 1660 3087 1705 suos
3135 1643 3433 1724 pristinos
3476 1664 3551 1706 ac
3594 1643 3801 1706 studia
3842 1642 4019 1704 solita

2528 1740 2895 1814 retinenteS,
2936 1742 3226 1804 aestimati
3268 1751 3415 1805 sunt
3460 1750 3739 1804 mutasse
3782 1750 3846 1804 et
3887 1759 4020 1824 per-

923 1841 1236 1904 seniorem
1279 1842 1568 1904 omnium
1607 1841 2132 1903 anachoretarum
2165 1838 2255 1900 ibi
2290 1856 2416 1898 ma·
2449 1844 2497 1905 B
2528 1839 2888 1902 ambulasse
2928 1841 3309 1922 provinciaS,
3342 1860 3470 1905 non
3512 1861 3703 1905 causa
3740 1841 3836 1903 sui
3879 1859 4017 1922 pro·

923 1941 1231 2014 nentium,
1255 1940 1826 2022 presbyterumque
1856 1955 2094 2008 eorum,
2117 1943 2265 2017 tanq
2277 1954 2419 1998 uam

922 2038 1298 2100 altissimam
1342 2039 1681 2122 quamdam
1727 2038 2019 2120 pharum,
2063 2035 2173 2118 qui
2220 2035 2419 2096 instar

659 2155 893 2206 Mamm,
924 2138 1304 2220 evangelicae
1344 2138 1619 2200 civitatis
1655 2136 2038 2199 constitutus
2077 2135 2143 2197 in
2178 2134 2417 2196 vertice

635 2223 699 2264 14.

925 2236 1159 2298 montis
1197 2237 1453 2309 excelsi,
1490 2236 1696 2318 primo
1726 2234 1906 2296 fulsit
1946 2243 2162 2296 nostro
2200 2233 2419 2314 adspe-

924 2335 1077 2397 ctui.
1101 2335 1295 2414 Cujus
1321 2334 1586 2397 virtutes
1614 2353 1686 2397 ac
1714 2333 2032 2396 mirabilia
2056 2352 2199 2414 quae
2225 2331 2416 2393 etiam

923 2431 1072 2494 fecit
1109 2433 1175 2494 in
1210 2441 1423 2495 nostra
1456 2432 1814 2514 praesentia,
1849 2431 2064 2493 divina
2097 2429 2299 2512 gratia
2334 2437 2419 2490 te-

922 2530 1296 2594 stimonium
1348 2531 1723 2614 perhibente
1773 2528 2016 2592 meritis
2075 2529 2237 2610 ejus,
2290 2545 2420 2588 cre-

923 2630 1201 2692 didimus
1233 2630 1602 2702 omittenda,
1627 2649 1706 2691 ne
1736 2628 2116 2691 excedamus
2147 2626 2419 2689 formam

922 2729 1118 2790 nostri
1156 2729 1460 2811 propositi
1493 2735 1601 2790 aut
1633 2727 1893 2789 modum
1925 2725 2271 2789 voluminis
2302 2725 2420 2786 hu-

919 2827 1044 2908 juS.
1092 2828 1226 2891 Non
1271 2827 1446 2890 enim
1488 2826 1949 2908 spopondimus
1995 2842 2108 2887 nos
2152 2823 2421 2904 scriptu-

925 2944 1027 2989 ros
1085 2927 1162 2988 de
1221 2925 1546 2988 miraculis
1607 2925 1742 2998 Dei,
1805 2925 1916 2986 sed
1974 2925 2051 2986 de
2113 2920 2420 2984 institutis

925 3025 1279 3106 studiisque
1321 3025 1719 3098 Sanctorum,
1753 3032 2064 3106 quantum
2102 3020 2419 3084 recordari
2459 3019 2502 3084 C

924 3124 1230 3196 valemuS‚
1282 3142 1362 3185 ne
1412 3123 1841 3205 praeberemus
1902 3120 2259 3203 legentibus
2311 3119 2421 3180 ad-

924 3221 1329 3283 mirationem
1371 3219 1689 3293 inutilem,
1737 3228 1797 3282 et
1835 3219 2074 3301 absque
2115 3219 2419 3279 vitiorum

925 3319 1368 3382 emendatione
1435 3337 1896 3400 supervacuam
1967 3316 2414 3379 narrationem.

923 3419 1130 3492 Quum
1162 3419 1371 3500 itaque
1403 3419 1468 3480 Β.
1504 3417 1832 3479 Piammon
1867 3434 2116 3478 summa
2151 3413 2422 3497 gratula-

925 3518 1095 3580 tione
1129 3534 1241 3579 nos
1271 3516 1678 3597 suscepisset,
1715 3515 2238 3594 humanitateque
2273 3530 2419 3574 con-

925 3635 1082 3697 grua
1112 3615 1452 3690 refecisset,
1485 3614 1846 3696 intelligens
1878 3631 1991 3674 nos
2021 3631 2160 3674 esse
2191 3612 2267 3673 de
2298 3612 2423 3673 alia

926 3715 1203 3796 regione,
1237 3715 1446 3796 primo
1485 3711 1894 3793 interrogavit
1938 3710 2210 3773 sollicite
2252 3710 2419 3772 unde

924 3822 988 3876 et
1027 3832 1219 3896 quare
1257 3813 1670 3876 intrassemus
1709 3812 2094 3894 AEgyptum3
2130 3809 2422 3871 audiens-

926 3932 1051 3995 que
1098 3931 1212 3975 nos
1264 3913 1415 3974 illuc
1474 3911 1726 3974 venisse
1784 3930 1821 3973 a
1877 3908 2169 3973 coenobio
2227 3908 2421 3991 Syriae

926 4010 1335 4095 perfectionis
1377 4029 1613 4084 amore,
1649 4011 1737 4072 ita
1778 4028 2039 4074 exorsus
2084 4016 2199 4070 est.

1341 4239 1846 4305 CAPITULUM
1909 4240 1994 4302 II.

923 4372 1226 4430 Allocutio
1263 4372 1462 4427 sancti
1488 4371 1883 4434 Pe'ammom‘s,
1919 4370 2081 4443 quod
2119 4371 2251 4426 sine
2288 4387 2416 4428 ma-

991 4463 1245 4534 gisterio
1282 4459 1690 4533 perfectorum
1730 4462 2008 4516 virorum
2048 4477 2168 4516 non
2212 4461 2419 4532 acqui-

995 4557 1176 4608 ratur
1205 4549 1524 4622 perfectio-

1071 4701 1481 4776 UlCUMQUE,
1516 4719 1554 4764 o
1592 4699 1737 4772 filii,
1781 4700 2178 4782 concupiscit
2218 4700 2419 4781 adipi-

933 4701 1063 4905 Q
1091 4801 1179 4863 sci
1222 4800 1516 4882 peritiam
1554 4798 1828 4878 alicujus
1865 4797 2041 4872 artiS,
2077 4797 2310 4859 frustra
2347 4815 2421 4859 ac

905 4900 1107 4964 vanis
1137 4897 1479 4962 affectibus
1521 4898 1697 4979 cupit
1729 4896 2069 4959 assimilari
2102 4895 2322 4978 peritis
2358 4895 2420 4956 in

927 5009 1082 5074 arte,
1120 4999 1243 5061 nisi
1289 4996 1462 5060 omni
1507 5016 1658 5059 cura
1701 5015 1773 5057 ac
1812 4995 2140 5076 vigilantia
2190 4995 2423 5057 manci-

931 5098 1174 5182 paverit
1212 5116 1281 5159 se
1319 5095 1546 5158 studiis
1584 5093 1938 5175 disciplinae
1969 5093 2102 5155 sive
2140 5093 2422 5157 scientiae

930 5216 1123 5280 quam
1156 5195 1435 5268 affectat,
1468 5201 1527 5255 et
1566 5193 1687 5255 nisi
1725 5192 2071 5254 servaverit
2109 5199 2423 5273 praecepta

927 5313 1003 5358 ac
1044 5294 1334 5358 instituta
1375 5290 1989 5375 perfectissimorum
2036 5289 2103 5352 in
2148 5290 2257 5352 illa
2306 5291 2424 5352 sci-

2530 1937 2755 2010 fectus,
2789 1939 2897 2001 sed
2926 1939 3027 2020 (ut
3056 1940 3149 2002 eis
3179 1941 3548 2023 exprobrari
3579 1941 3658 2004 ab
3699 1939 4017 2022 aliquibus

2528 2035 2715 2116 solet)
2752 2038 3127 2100 necessitate
3166 2039 3462 2120 egestatis
3502 2039 3774 2101 vitandae
3816 2057 3831 2100 z
3874 2037 4021 2119 quia

2529 2152 2658 2196 non
2702 2134 2909 2196 solum
2954 2136 3044 2198 nil
3097 2136 3523 2218 profecerunt,
3566 2137 3675 2199 sed
3726 2155 3842 2199 nec
3888 2136 4019 2197 diu—

2528 2232 2655 2294 tius
2688 2234 3061 2296 commorari
3098 2244 3435 2317 potuerunt
3471 2235 3534 2298 in
3569 2234 3853 2318 partibus
3885 2233 4017 2296 istis

2532 2350 2660 2412 prae
2706 2331 3131 2395 obstinatione
3174 2335 3369 2396 animi
3421 2332 3785 2416 pertinacis
3817 2335 4015 2408 Quum

2532 2430 2702 2491 enim
2749 2448 2875 2493 non
2924 2438 3272 2495 mutassent
3316 2451 3560 2495 morem
3605 2432 4013 2514 jejuniorum,

2533 2547 2650 2590 nec
2674 2529 2963 2592 ordinem
2990 2549 3458 2614 numerumque
3481 2531 3882 2613 psalmorum,
3906 2548 4019 2592 nec

2534 2635 2763 2702 vestes,
2798 2629 2953 2711 quid
2994 2629 3168 2691 aliud
3212 2631 3622 2692 crederentur
3662 2629 3727 2692 in
3773 2630 3886 2692 bac
3930 2647 4021 2690 re-

2533 2727 2722 2808 gione
2773 2727 2999 2790 sectari
3044 2728 3168 2790 nisi
3213 2729 3592 2812 compendia
3633 2729 3840 2791 victus
3881 2728 4019 2790 suit

2934 2957 3437 3022 CAPITULUM
3501 2960 3623 3022 III.

2666 3077 2837 3145 Quod
2852 3078 3142 3148 juniores
3172 3097 3291 3137 non
3320 3081 3576 3137 debeant
3600 3079 3901 3137 discutere

2950 3171 3257 3226 seniorum
3278 3177 3605 3243 proecepta.

2677 3319 3098 3383 UAMOBREM
3128 3321 3181 3382 si
3213 3339 3399 3383 causa
3440 3321 3550 3382 Dei
3584 3321 3773 3382 traxit
3802 3338 3911 3385 vos
3942 3320 4015 3382 ad

2538 3319 2669 3530 Q
2695 3417 3164 3482 aemulationem
3197 3438 3309 3481 seu
3339 3437 3621 3481 amorem
3652 3427 3880 3482 nostrae
3918 3436 4015 3480 co-

2530 3518 2855 3599 gnitioniS,
2895 3526 2964 3579 ut
2998 3518 3341 3591 credimus,
3380 3538 3631 3580 summa
3664 3519 4017 3581 humilitate·

2532 3616 2859 3678 sectamini
2921 3635 3342 3698 quaecumque
3400 3617 3687 3680 videritis
3746 3618 4019 3680 seniores

2532 3723 2773 3777 vestros
2810 3733 2993 3795 agere
3030 3723 3136 3777 aut
3176 3715 3425 3789 docere,
3467 3715 3775 3778 abdicatis
3821 3714 4020 3778 omni-

2532 3813 2651 3875 bus
2706 3813 3011 3875 institutis
3070 3813 3301 3895 quibus
3354 3813 3419 3875 in
3467 3822 3677 3876 vestro
3735 3813 4020 3877 coenobio

2531 3912 2681 3974 estis
2734 3911 2961 3974 imbuti
3014 3932 3051 3975 a
3099 3912 3531 3975 conversionis
3580 3919 3805 3976 vestrae
3854 3929 4023 3975 exor-

2530 4010 2653 4073 dio.
2698 4010 2915 4093 Neque
2954 4029 3065 4074 vos
3106 4018 3352 4074 moveat
3397 4019 3506 4073 aut
3544 4011 3624 4073 ab
3670 4011 4017 4073 imitatione

2530 4116 2789 4182 avertat,
2832 4110 2883 4172 si
2934 4127 3059 4173 non
3112 4111 3460 4172 innotescat
3510 4109 3694 4172 vobis
3748 4110 3826 4172 ad
3876 4127 4023 4191 prze—

2450 4214 2499 4276 D
2531 4226 2675 4270 sens
2708 4226 2892 4270 causa
2934 4215 3043 4270 aut
3073 4209 3230 4270 ratio
3268 4207 3542 4289 alicujus
3574 4207 3752 4270 verbi
3784 4215 3895 4269 aut
3936 4206 4018 4268 fa—

2531 4305 2615 4367 cti
2657 4305 2933 4378 illorum,
2968 4306 3118 4387 quia
3157 4306 3423 4368 scientia
3460 4306 3751 4368 omnium
3790 4307 4017 4368 horum

2531 4423 2645 4486 per
2685 4403 3143 4484 experientiam
3187 4405 3397 4486 operis
3441 4404 3871 4486 subsequetur
3920 4421 4021 4466 eos

2530 4501 2640 4584 qui
2682 4502 2759 4564 de
2803 4501 3103 4564 omnibus
3147 4504 3425 4566 sentiunt
3471 4503 3657 4577 bene,
3695 4503 4020 4586 magisque

2530 4602 2785 4664 student
2842 4602 3121 4664 fideliter
3174 4601 3407 4664 imitari
3460 4624 3653 4685 quam
3708 4603 4021 4666 discutere

2534 4701 2829 4762 universa
2881 4720 3022 4781 quae
3076 4699 3352 4762 viderint
3398 4720 3435 4763 a
3484 4701 3845 4764 senioribus
3901 4700 4020 4763 dic-i

2529 4807 2637 4860 aut
2681 4798 2845 4860 fieri.
2894 4799 3188 4861 Ceterum
3232 4818 3561 4880 nunquam
3608 4799 3867 4860 intrabit
3919 4807 4024 4860 aut

2532 4897 2842 4960 obtinebit
2877 4897 3184 4959 rationem
3219 4905 3325 4959 aut
3356 4897 3686 4960 scientiam
3719 4899 4019 4968 veritatis,

2531 4995 2923 5077 quicumque
2952 5015 2989 5057 a
3017 4996 3411 5058 discussione
3452 4996 3715 5077 coeperit
3761 4995 4019 5068 erudiri,

2531 5094 2835 5174 quoniam
2868 5094 3167 5156 inimicus
3198 5094 3419 5156 videns
3454 5113 3603 5156 eum
3635 5094 3844 5176 magis
3886 5111 4023 5156 con-

2532 5191 2732 5254 fidere
2768 5192 3014 5272 judicio
3053 5210 3168 5255 suo
3206 5212 3398 5273 quam
3438 5193 3713 5266 Patrum‚
3757 5193 4025 5256 faciliter

2532 5311 2683 5354 eum
2713 5291 3137 5375 praecipitabit
3164 5292 3245 5355 ad
3274 5292 3415 5368 hoc,
3450 5299 3519 5354 ut
3550 5293 3744 5356 etiam
3772 5311 3849 5356 ea
3886 5311 4021 5376 quae
