<?xml version="1.0" encoding="UTF-8"?>
<!DOCTYPE html PUBLIC "-//W3C//DTD XHTML 1.0 Transitional//EN"
    "http://www.w3.org/TR/xhtml1/DTD/xhtml1-transitional.dtd">
<html xmlns="http://www.w3.org/1999/xhtml" xml:lang="en" lang="en">
 <head>
  <title>
</title>
<meta http-equiv="Content-Type" content="text/html;charset=utf-8" />
  <meta name='ocr-system' content='tesseract 3.04.00' />
  <meta name='ocr-capabilities' content='ocr_page ocr_carea ocr_par ocr_line ocrx_word'/>
</head>
<body>
  <div class='ocr_page' id='page_1' title='image "./doctorisecstati03denigoog_0385.png"; bbox 0 0 4359 6267; ppageno 0'>
   <div class='ocr_carea' id='block_1_1' title="bbox 1039 477 3455 546">
    <p class='ocr_par' dir='ltr' id='par_1_1' title="bbox 1039 477 3455 546">
     <span class='ocr_line' id='line_1_1' title="bbox 1039 477 3455 546; baseline 0 -2"><span class='ocrx_word' id='word_1_1' title='bbox 1039 497 1454 544; x_wconf 66' lang='lat' dir='ltr'>coum-mum:</span> <span class='ocrx_word' id='word_1_2' title='bbox 1496 498 1580 544; x_wconf 72' lang='lat' dir='ltr'>ss</span> <span class='ocrx_word' id='word_1_3' title='bbox 1614 497 1860 543; x_wconf 66' lang='lat' dir='ltr'>runnu</span> <span class='ocrx_word' id='word_1_4' title='bbox 1898 496 2073 543; x_wconf 72' lang='lat' dir='ltr'>tuum</span> <span class='ocrx_word' id='word_1_5' title='bbox 2113 498 2176 543; x_wconf 89' lang='lat'>11.</span> <span class='ocrx_word' id='word_1_6' title='bbox 2223 515 2305 526; x_wconf 93' lang='lat'>—</span> <span class='ocrx_word' id='word_1_7' title='bbox 2344 497 2629 546; x_wconf 71' lang='grc' dir='ltr'><strong>οοιιΑτιο</strong></span> <span class='ocrx_word' id='word_1_8' title='bbox 2670 499 2776 546; x_wconf 74' lang='lat' dir='ltr'>xxi</span> <span class='ocrx_word' id='word_1_9' title='bbox 3336 477 3455 546; x_wconf 85' lang='lat'>377</span> 
     </span>
    </p>
   </div>
   <div class='ocr_carea' id='block_1_2' title="bbox 275 665 3765 4288">
    <p class='ocr_par' dir='ltr' id='par_1_2' title="bbox 275 665 3765 4288">
     <span class='ocr_line' id='line_1_2' title="bbox 365 665 3458 750; baseline 0.001 -24"><span class='ocrx_word' id='word_1_10' title='bbox 365 666 432 727; x_wconf 89' lang='lat' dir='ltr'>de</span> <span class='ocrx_word' id='word_1_11' title='bbox 477 666 662 729; x_wconf 89' lang='lat' dir='ltr'>laude</span> <span class='ocrx_word' id='word_1_12' title='bbox 704 684 926 730; x_wconf 89' lang='lat' dir='ltr'>eorum</span> <span class='ocrx_word' id='word_1_13' title='bbox 966 668 1076 748; x_wconf 91' lang='lat' dir='ltr'>qui</span> <span class='ocrx_word' id='word_1_14' title='bbox 1117 665 1358 730; x_wconf 81' lang='lat' dir='ltr'>facturn</span> <span class='ocrx_word' id='word_1_15' title='bbox 1401 668 1521 730; x_wconf 90' lang='lat' dir='ltr'>hoc</span> <span class='ocrx_word' id='word_1_16' title='bbox 1560 667 1851 749; x_wconf 90' lang='lat' dir='ltr'>probant,</span> <span class='ocrx_word' id='word_1_17' title='bbox 1884 666 1933 728; x_wconf 80' lang='lat' dir='ltr'>A</span> <span class='ocrx_word' id='word_1_18' title='bbox 1963 685 2162 730; x_wconf 90' lang='lat' dir='ltr'>annos</span> <span class='ocrx_word' id='word_1_19' title='bbox 2207 674 2560 750; x_wconf 71' lang='lat' dir='ltr'>protractae,</span> <span class='ocrx_word' id='word_1_20' title='bbox 2602 687 2870 750; x_wconf 91' lang='lat' dir='ltr'>eamque</span> <span class='ocrx_word' id='word_1_21' title='bbox 2912 667 3251 742; x_wconf 89' lang='lat' dir='ltr'>custodire,</span> <span class='ocrx_word' id='word_1_22' title='bbox 3291 667 3458 731; x_wconf 88' lang='lat' dir='ltr'>sicut</span> 
     </span>
     <span class='ocr_line' id='line_1_3' title="bbox 364 763 3458 848; baseline 0.001 -24"><span class='ocrx_word' id='word_1_23' title='bbox 364 763 441 824; x_wconf 88' lang='lat' dir='ltr'>ita</span> <span class='ocrx_word' id='word_1_24' title='bbox 489 782 616 826; x_wconf 90' lang='lat' dir='ltr'>non</span> <span class='ocrx_word' id='word_1_25' title='bbox 668 765 888 846; x_wconf 90' lang='lat' dir='ltr'>pulser</span> <span class='ocrx_word' id='word_1_26' title='bbox 933 765 1176 827; x_wconf 89' lang='lat' dir='ltr'>invidia</span> <span class='ocrx_word' id='word_1_27' title='bbox 1235 765 1735 847; x_wconf 88' lang='lat' dir='ltr'>improbantium</span> <span class='ocrx_word' id='word_1_28' title='bbox 1785 765 1856 826; x_wconf 90' lang='lat' dir='ltr'>il-</span> <span class='ocrx_word' id='word_1_29' title='bbox 1964 765 2316 847; x_wconf 89' lang='lat' dir='ltr'>antiquitus</span> <span class='ocrx_word' id='word_1_30' title='bbox 2360 766 2590 829; x_wconf 87' lang='lat' dir='ltr'>tradita</span> <span class='ocrx_word' id='word_1_31' title='bbox 2630 774 2746 838; x_wconf 88' lang='lat' dir='ltr'>est,</span> <span class='ocrx_word' id='word_1_32' title='bbox 2776 766 2914 848; x_wconf 85' lang='lat' dir='ltr'>jugi</span> <span class='ocrx_word' id='word_1_33' title='bbox 2944 766 3356 830; x_wconf 73' lang='lat' dir='ltr'>‘observantia</span> <span class='ocrx_word' id='word_1_34' title='bbox 3393 773 3458 827; x_wconf 91' lang='lat' dir='ltr'>et</span> 
     </span>
     <span class='ocr_line' id='line_1_4' title="bbox 365 860 3458 946; baseline 0.002 -24"><span class='ocrx_word' id='word_1_35' title='bbox 365 860 484 923; x_wconf 89' lang='lat' dir='ltr'>lud.</span> <span class='ocrx_word' id='word_1_36' title='bbox 539 861 778 925; x_wconf 79' lang='lat' dir='ltr'><strong>Habeat</strong></span> <span class='ocrx_word' id='word_1_37' title='bbox 833 881 984 944; x_wconf 85' lang='lat' dir='ltr'>ergo</span> <span class='ocrx_word' id='word_1_38' title='bbox 1042 864 1482 946; x_wconf 90' lang='lat' dir='ltr'>unusquisque</span> <span class='ocrx_word' id='word_1_39' title='bbox 1537 863 1853 945; x_wconf 88' lang='lat' dir='ltr'>judicium</span> <span class='ocrx_word' id='word_1_40' title='bbox 1967 865 2221 926; x_wconf 82' lang='lat' dir='ltr'><strong>honore.</strong></span> <span class='ocrx_word' id='word_1_41' title='bbox 2264 865 2715 928; x_wconf 82' lang='lat' dir='ltr'><strong>Verumtamen</strong></span> <span class='ocrx_word' id='word_1_42' title='bbox 2762 866 3065 946; x_wconf 87' lang='lat' dir='ltr'>quoniam</span> <span class='ocrx_word' id='word_1_43' title='bbox 3117 866 3309 928; x_wconf 90' lang='lat' dir='ltr'>vultis</span> <span class='ocrx_word' id='word_1_44' title='bbox 3359 883 3458 927; x_wconf 88' lang='lat' dir='ltr'>co-</span> 
     </span>
     <span class='ocr_line' id='line_1_5' title="bbox 363 961 3458 1042; baseline 0.001 -22"><span class='ocrx_word' id='word_1_45' title='bbox 363 978 543 1021; x_wconf 89' lang='lat' dir='ltr'>suum</span> <span class='ocrx_word' id='word_1_46' title='bbox 595 961 672 1022; x_wconf 92' lang='lat' dir='ltr'>de</span> <span class='ocrx_word' id='word_1_47' title='bbox 721 961 853 1035; x_wconf 83' lang='lat' dir='ltr'>ino,</span> <span class='ocrx_word' id='word_1_48' title='bbox 898 969 968 1023; x_wconf 92' lang='lat' dir='ltr'>ut</span> <span class='ocrx_word' id='word_1_49' title='bbox 1010 961 1325 1040; x_wconf 85' lang='lat' dir='ltr'>diximus3</span> <span class='ocrx_word' id='word_1_50' title='bbox 1367 963 1478 1024; x_wconf 93' lang='lat' dir='ltr'>sed</span> <span class='ocrx_word' id='word_1_51' title='bbox 1527 962 1743 1024; x_wconf 87' lang='lat' dir='ltr'>hortor</span> <span class='ocrx_word' id='word_1_52' title='bbox 1785 967 1853 1022; x_wconf 92' lang='lat' dir='ltr'>ut</span> <span class='ocrx_word' id='word_1_53' title='bbox 1963 979 2267 1042; x_wconf 80' lang='lat' dir='ltr'><strong>gnoscere</strong></span> <span class='ocrx_word' id='word_1_54' title='bbox 2306 981 2525 1024; x_wconf 81' lang='lat' dir='ltr'>causas</span> <span class='ocrx_word' id='word_1_55' title='bbox 2566 971 2629 1024; x_wconf 85' lang='lat' dir='ltr'>et</span> <span class='ocrx_word' id='word_1_56' title='bbox 2667 964 2941 1025; x_wconf 90' lang='lat' dir='ltr'>rationes</span> <span class='ocrx_word' id='word_1_57' title='bbox 2980 963 3165 1024; x_wconf 91' lang='lat' dir='ltr'>istius</span> <span class='ocrx_word' id='word_1_58' title='bbox 3205 961 3318 1036; x_wconf 90' lang='lat' dir='ltr'>rei,</span> <span class='ocrx_word' id='word_1_59' title='bbox 3350 962 3458 1023; x_wconf 89' lang='lat' dir='ltr'>ad-</span> 
     </span>
     <span class='ocr_line' id='line_1_6' title="bbox 364 1055 3459 1142; baseline 0.001 -25"><span class='ocrx_word' id='word_1_60' title='bbox 364 1055 442 1118; x_wconf 84' lang='lat' dir='ltr'>ita</span> <span class='ocrx_word' id='word_1_61' title='bbox 483 1058 849 1120; x_wconf 79' lang='lat' dir='ltr'>moderetur</span> <span class='ocrx_word' id='word_1_62' title='bbox 885 1077 1073 1120; x_wconf 91' lang='lat' dir='ltr'>suum</span> <span class='ocrx_word' id='word_1_63' title='bbox 1110 1058 1430 1138; x_wconf 83' lang='lat' dir='ltr'>judicium</span> <span class='ocrx_word' id='word_1_64' title='bbox 1470 1066 1532 1121; x_wconf 89' lang='lat' dir='ltr'>et</span> <span class='ocrx_word' id='word_1_65' title='bbox 1562 1077 1850 1131; x_wconf 82' lang='lat' dir='ltr'>examen,</span> <span class='ocrx_word' id='word_1_66' title='bbox 1965 1061 2191 1122; x_wconf 90' lang='lat' dir='ltr'>vertite</span> <span class='ocrx_word' id='word_1_67' title='bbox 2252 1060 2532 1123; x_wconf 88' lang='lat' dir='ltr'>breviter</span> <span class='ocrx_word' id='word_1_68' title='bbox 2591 1080 2665 1123; x_wconf 85' lang='lat' dir='ltr'>ea</span> <span class='ocrx_word' id='word_1_69' title='bbox 2725 1081 2867 1142; x_wconf 85' lang='lat' dir='ltr'>quae</span> <span class='ocrx_word' id='word_1_70' title='bbox 2928 1061 3156 1123; x_wconf 89' lang='lat' dir='ltr'>tradita</span> <span class='ocrx_word' id='word_1_71' title='bbox 3218 1067 3366 1122; x_wconf 90' lang='lat' dir='ltr'>sunt</span> <span class='ocrx_word' id='word_1_72' title='bbox 3423 1078 3459 1121; x_wconf 91' lang='lat' dir='ltr'>a</span> 
     </span>
     <span class='ocr_line' id='line_1_7' title="bbox 365 1155 3463 1241; baseline 0 -24"><span class='ocrx_word' id='word_1_73' title='bbox 365 1175 436 1218; x_wconf 89' lang='lat' dir='ltr'>ne</span> <span class='ocrx_word' id='word_1_74' title='bbox 495 1157 710 1219; x_wconf 86' lang='lat' dir='ltr'>credat</span> <span class='ocrx_word' id='word_1_75' title='bbox 766 1175 836 1219; x_wconf 88' lang='lat' dir='ltr'>se</span> <span class='ocrx_word' id='word_1_76' title='bbox 898 1157 1278 1220; x_wconf 82' lang='lat' dir='ltr'>sanctiorem</span> <span class='ocrx_word' id='word_1_77' title='bbox 1342 1166 1450 1219; x_wconf 88' lang='lat' dir='ltr'>aut</span> <span class='ocrx_word' id='word_1_78' title='bbox 1508 1158 1852 1240; x_wconf 79' lang='lat' dir='ltr'>aequiorem</span> <span class='ocrx_word' id='word_1_79' title='bbox 1965 1157 2325 1220; x_wconf 88' lang='lat' dir='ltr'>senioribus</span> <span class='ocrx_word' id='word_1_80' title='bbox 2354 1159 2586 1221; x_wconf 89' lang='lat' dir='ltr'>nostris</span> <span class='ocrx_word' id='word_1_81' title='bbox 2617 1177 2810 1241; x_wconf 90' lang='lat' dir='ltr'>super</span> <span class='ocrx_word' id='word_1_82' title='bbox 2838 1159 3235 1221; x_wconf 85' lang='lat' dir='ltr'>institutione</span> <span class='ocrx_word' id='word_1_83' title='bbox 3265 1165 3328 1219; x_wconf 90' lang='lat' dir='ltr'>et</span> <span class='ocrx_word' id='word_1_84' title='bbox 3357 1155 3463 1219; x_wconf 92' lang='lat' dir='ltr'>ob-</span> 
     </span>
     <span class='ocr_line' id='line_1_8' title="bbox 365 1254 3465 1338; baseline 0 -23"><span class='ocrx_word' id='word_1_85' title='bbox 365 1273 494 1316; x_wconf 85' lang='lat' dir='ltr'>esse</span> <span class='ocrx_word' id='word_1_86' title='bbox 545 1254 764 1318; x_wconf 88' lang='lat' dir='ltr'>divino</span> <span class='ocrx_word' id='word_1_87' title='bbox 807 1255 1073 1337; x_wconf 87' lang='lat' dir='ltr'>judicic,</span> <span class='ocrx_word' id='word_1_88' title='bbox 1117 1273 1246 1338; x_wconf 88' lang='lat' dir='ltr'>quo</span> <span class='ocrx_word' id='word_1_89' title='bbox 1294 1257 1510 1318; x_wconf 90' lang='lat' dir='ltr'>datum</span> <span class='ocrx_word' id='word_1_90' title='bbox 1559 1263 1656 1318; x_wconf 90' lang='lat' dir='ltr'>est</span> <span class='ocrx_word' id='word_1_91' title='bbox 1705 1256 1854 1318; x_wconf 92' lang='lat' dir='ltr'>huic</span> <span class='ocrx_word' id='word_1_92' title='bbox 1966 1256 2283 1318; x_wconf 89' lang='lat' dir='ltr'>servantia</span> <span class='ocrx_word' id='word_1_93' title='bbox 2312 1257 2449 1319; x_wconf 89' lang='lat' dir='ltr'>ista.</span> <span class='ocrx_word' id='word_1_94' title='bbox 2474 1257 2925 1320; x_wconf 84' lang='lat' dir='ltr'>Verumtamen</span> <span class='ocrx_word' id='word_1_95' title='bbox 2953 1265 3293 1338; x_wconf 88' lang='lat' dir='ltr'>antequam</span> <span class='ocrx_word' id='word_1_96' title='bbox 3324 1272 3465 1337; x_wconf 89' lang='lat' dir='ltr'>pro-</span> 
     </span>
     <span class='ocr_line' id='line_1_9' title="bbox 366 1352 3457 1437; baseline -0 -22"><span class='ocrx_word' id='word_1_97' title='bbox 366 1353 627 1416; x_wconf 80' lang='lat' dir='ltr'>Theonae</span> <span class='ocrx_word' id='word_1_98' title='bbox 665 1353 874 1417; x_wconf 79' lang='lat' dir='ltr'>facere</span> <span class='ocrx_word' id='word_1_99' title='bbox 914 1355 1094 1436; x_wconf 86' lang='lat' dir='ltr'>signa</span> <span class='ocrx_word' id='word_1_100' title='bbox 1131 1355 1623 1437; x_wconf 89' lang='lat' dir='ltr'>apostolicarum</span> <span class='ocrx_word' id='word_1_101' title='bbox 1660 1356 1856 1417; x_wconf 87' lang='lat' dir='ltr'>virtu·</span> <span class='ocrx_word' id='word_1_102' title='bbox 1966 1352 2206 1416; x_wconf 87' lang='lat' dir='ltr'>feratur</span> <span class='ocrx_word' id='word_1_103' title='bbox 2234 1355 2575 1417; x_wconf 83' lang='lat' dir='ltr'>auctoritas</span> <span class='ocrx_word' id='word_1_104' title='bbox 2614 1374 2806 1418; x_wconf 83' lang='lat' dir='ltr'>sacrae</span> <span class='ocrx_word' id='word_1_105' title='bbox 2837 1355 3199 1437; x_wconf 67' lang='lat' dir='ltr'>Scriptum,</span> <span class='ocrx_word' id='word_1_106' title='bbox 3234 1371 3457 1436; x_wconf 89' lang='lat' dir='ltr'>pauca,</span> 
     </span>
     <span class='ocr_line' id='line_1_10' title="bbox 367 1453 3461 1535; baseline 0 -22"><span class='ocrx_word' id='word_1_107' title='bbox 367 1461 534 1530; x_wconf 83' lang='lat' dir='ltr'>tum3</span> <span class='ocrx_word' id='word_1_108' title='bbox 567 1459 638 1513; x_wconf 92' lang='lat' dir='ltr'>ut</span> <span class='ocrx_word' id='word_1_109' title='bbox 665 1459 908 1514; x_wconf 89' lang='lat' dir='ltr'>taceam</span> <span class='ocrx_word' id='word_1_110' title='bbox 947 1453 1026 1515; x_wconf 92' lang='lat' dir='ltr'>de</span> <span class='ocrx_word' id='word_1_111' title='bbox 1065 1461 1386 1516; x_wconf 90' lang='lat' dir='ltr'>tantorum</span> <span class='ocrx_word' id='word_1_112' title='bbox 1425 1453 1676 1516; x_wconf 89' lang='lat' dir='ltr'>Patrum</span> <span class='ocrx_word' id='word_1_113' title='bbox 1715 1472 1856 1515; x_wconf 90' lang='lat' dir='ltr'>sen·</span> <span class='ocrx_word' id='word_1_114' title='bbox 1966 1453 2022 1515; x_wconf 91' lang='lat' dir='ltr'>si</span> <span class='ocrx_word' id='word_1_115' title='bbox 2067 1453 2295 1535; x_wconf 89' lang='lat' dir='ltr'>placet,</span> <span class='ocrx_word' id='word_1_116' title='bbox 2339 1454 2626 1516; x_wconf 89' lang='lat' dir='ltr'>dicamus</span> <span class='ocrx_word' id='word_1_117' title='bbox 2670 1455 2748 1517; x_wconf 88' lang='lat' dir='ltr'>de</span> <span class='ocrx_word' id='word_1_118' title='bbox 2792 1462 3017 1516; x_wconf 87' lang='lat' dir='ltr'>natura</span> <span class='ocrx_word' id='word_1_119' title='bbox 3057 1461 3120 1516; x_wconf 90' lang='lat' dir='ltr'>et</span> <span class='ocrx_word' id='word_1_120' title='bbox 3160 1453 3461 1535; x_wconf 87' lang='lat' dir='ltr'>qualitate</span> 
     </span>
     <span class='ocr_line' id='line_1_11' title="bbox 371 1549 3466 1634; baseline 0.001 -23"><span class='ocrx_word' id='word_1_121' title='bbox 371 1551 578 1622; x_wconf 82' lang='lat' dir='ltr'>tentia,</span> <span class='ocrx_word' id='word_1_122' title='bbox 630 1551 742 1632; x_wconf 89' lang='lat' dir='ltr'>qui</span> <span class='ocrx_word' id='word_1_123' title='bbox 801 1549 1042 1612; x_wconf 81' lang='lat' dir='ltr'>factum</span> <span class='ocrx_word' id='word_1_124' title='bbox 1085 1551 1232 1634; x_wconf 86' lang='lat' dir='ltr'>ejus</span> <span class='ocrx_word' id='word_1_125' title='bbox 1283 1569 1408 1614; x_wconf 91' lang='lat' dir='ltr'>non</span> <span class='ocrx_word' id='word_1_126' title='bbox 1469 1550 1676 1613; x_wconf 90' lang='lat' dir='ltr'>solum</span> <span class='ocrx_word' id='word_1_127' title='bbox 1727 1568 1855 1613; x_wconf 90' lang='lat' dir='ltr'>non</span> <span class='ocrx_word' id='word_1_128' title='bbox 1966 1552 2221 1632; x_wconf 86' lang='lat' dir='ltr'>jejunii,</span> <span class='ocrx_word' id='word_1_129' title='bbox 2273 1559 2343 1614; x_wconf 89' lang='lat' dir='ltr'>ut</span> <span class='ocrx_word' id='word_1_130' title='bbox 2390 1553 2786 1634; x_wconf 88' lang='lat' dir='ltr'>subsequens</span> <span class='ocrx_word' id='word_1_131' title='bbox 2844 1553 3313 1634; x_wconf 90' lang='lat' dir='ltr'>Scripturarum</span> <span class='ocrx_word' id='word_1_132' title='bbox 3358 1571 3466 1613; x_wconf 87' lang='lat' dir='ltr'>au-</span> 
     </span>
     <span class='ocr_line' id='line_1_12' title="bbox 369 1648 3459 1733; baseline 0.001 -24"><span class='ocrx_word' id='word_1_133' title='bbox 369 1648 928 1730; x_wconf 86' lang='lat' dir='ltr'>reprehenderunt,</span> <span class='ocrx_word' id='word_1_134' title='bbox 964 1649 1092 1711; x_wconf 91' lang='lat' dir='ltr'>imo</span> <span class='ocrx_word' id='word_1_135' title='bbox 1136 1649 1203 1710; x_wconf 92' lang='lat' dir='ltr'>in</span> <span class='ocrx_word' id='word_1_136' title='bbox 1248 1656 1492 1711; x_wconf 88' lang='lat' dir='ltr'>tantum</span> <span class='ocrx_word' id='word_1_137' title='bbox 1538 1666 1858 1711; x_wconf 89' lang='lat' dir='ltr'>commen·</span> <span class='ocrx_word' id='word_1_138' title='bbox 1969 1650 2225 1712; x_wconf 88' lang='lat' dir='ltr'>ctoritas</span> <span class='ocrx_word' id='word_1_139' title='bbox 2254 1651 2750 1733; x_wconf 88' lang='lat' dir='ltr'>disputationem</span> <span class='ocrx_word' id='word_1_140' title='bbox 2790 1659 3071 1714; x_wconf 89' lang='lat' dir='ltr'>nostram</span> <span class='ocrx_word' id='word_1_141' title='bbox 3102 1650 3459 1713; x_wconf 81' lang='lat' dir='ltr'>confirmet.</span> 
     </span>
     <span class='ocr_line' id='line_1_13' title="bbox 370 1746 3467 1831; baseline 0.001 -24"><span class='ocrx_word' id='word_1_142' title='bbox 370 1747 692 1820; x_wconf 85' lang='lat' dir='ltr'>daverunt,</span> <span class='ocrx_word' id='word_1_143' title='bbox 746 1753 816 1808; x_wconf 91' lang='lat' dir='ltr'>ut</span> <span class='ocrx_word' id='word_1_144' title='bbox 876 1746 1270 1828; x_wconf 81' lang='lat' dir='ltr'>praetulerint</span> <span class='ocrx_word' id='word_1_145' title='bbox 1324 1755 1648 1809; x_wconf 82' lang='lat' dir='ltr'>auctorem</span> <span class='ocrx_word' id='word_1_146' title='bbox 1706 1746 1855 1808; x_wconf 87' lang='lat' dir='ltr'>facti</span> <span class='ocrx_word' id='word_1_147' title='bbox 1971 1748 2198 1811; x_wconf 90' lang='lat' dir='ltr'>Divina</span> <span class='ocrx_word' id='word_1_148' title='bbox 2236 1749 2548 1831; x_wconf 86' lang='lat' dir='ltr'>sapientia</span> <span class='ocrx_word' id='word_1_149' title='bbox 2589 1749 2652 1811; x_wconf 90' lang='lat' dir='ltr'>in</span> <span class='ocrx_word' id='word_1_150' title='bbox 2694 1749 3071 1812; x_wconf 88' lang='lat' dir='ltr'>Ecclesiaste</span> <span class='ocrx_word' id='word_1_151' title='bbox 3110 1749 3467 1830; x_wconf 84' lang='lat' dir='ltr'>designavit</span> 
     </span>
     <span class='ocr_line' id='line_1_14' title="bbox 370 1843 3464 1928; baseline 0.001 -22"><span class='ocrx_word' id='word_1_152' title='bbox 370 1845 534 1907; x_wconf 89' lang='lat' dir='ltr'>illius</span> <span class='ocrx_word' id='word_1_153' title='bbox 564 1845 1048 1907; x_wconf 88' lang='lat' dir='ltr'>sublimissimis</span> <span class='ocrx_word' id='word_1_154' title='bbox 1076 1843 1254 1918; x_wconf 78' lang='lat' dir='ltr'>viriS,</span> <span class='ocrx_word' id='word_1_155' title='bbox 1282 1844 1574 1926; x_wconf 85' lang='lat' dir='ltr'>eligendo</span> <span class='ocrx_word' id='word_1_156' title='bbox 1603 1863 1752 1907; x_wconf 91' lang='lat' dir='ltr'>eum</span> <span class='ocrx_word' id='word_1_157' title='bbox 1780 1845 1857 1907; x_wconf 91' lang='lat' dir='ltr'>ad</span> <span class='ocrx_word' id='word_1_158' title='bbox 1893 1845 1940 1908; x_wconf 93' lang='lat' dir='ltr'>B</span> <span class='ocrx_word' id='word_1_159' title='bbox 1971 1845 2303 1928; x_wconf 90' lang='lat' dir='ltr'>proprium</span> <span class='ocrx_word' id='word_1_160' title='bbox 2334 1855 2586 1928; x_wconf 90' lang='lat' dir='ltr'>tempus</span> <span class='ocrx_word' id='word_1_161' title='bbox 2616 1865 2755 1909; x_wconf 88' lang='lat' dir='ltr'>esse</span> <span class='ocrx_word' id='word_1_162' title='bbox 2785 1847 3083 1910; x_wconf 89' lang='lat' dir='ltr'>omnibus</span> <span class='ocrx_word' id='word_1_163' title='bbox 3116 1847 3321 1920; x_wconf 88' lang='lat' dir='ltr'>rebus‚</span> <span class='ocrx_word' id='word_1_164' title='bbox 3336 1853 3464 1908; x_wconf 89' lang='lat' dir='ltr'>tam</span> 
     </span>
     <span class='ocr_line' id='line_1_15' title="bbox 371 1943 3468 2026; baseline 0 -22"><span class='ocrx_word' id='word_1_165' title='bbox 371 1944 740 2006; x_wconf 86' lang='lat' dir='ltr'>diaconiam.</span> <span class='ocrx_word' id='word_1_166' title='bbox 773 1943 849 2005; x_wconf 89' lang='lat' dir='ltr'>Et</span> <span class='ocrx_word' id='word_1_167' title='bbox 889 1950 1044 2024; x_wconf 89' lang='lat' dir='ltr'>puto</span> <span class='ocrx_word' id='word_1_168' title='bbox 1081 1943 1398 2025; x_wconf 86' lang='lat' dir='ltr'>judicium</span> <span class='ocrx_word' id='word_1_169' title='bbox 1441 1950 1530 2006; x_wconf 91' lang='lat' dir='ltr'>tot</span> <span class='ocrx_word' id='word_1_170' title='bbox 1567 1943 1862 2026; x_wconf 88' lang='lat' dir='ltr'>spiritua·</span> <span class='ocrx_word' id='word_1_171' title='bbox 1971 1946 2291 2026; x_wconf 87' lang='lat' dir='ltr'>prosperis</span> <span class='ocrx_word' id='word_1_172' title='bbox 2331 1965 2524 2026; x_wconf 88' lang='lat' dir='ltr'>quam</span> <span class='ocrx_word' id='word_1_173' title='bbox 2564 1946 2848 2007; x_wconf 89' lang='lat' dir='ltr'>adversis</span> <span class='ocrx_word' id='word_1_174' title='bbox 2887 1963 3000 2007; x_wconf 89' lang='lat' dir='ltr'>seu</span> <span class='ocrx_word' id='word_1_175' title='bbox 3030 1945 3343 2020; x_wconf 86' lang='lat' dir='ltr'>tristibus,</span> <span class='ocrx_word' id='word_1_176' title='bbox 3375 1944 3468 2006; x_wconf 95' lang='lat' dir='ltr'>di-</span> 
     </span>
     <span class='ocr_line' id='line_1_16' title="bbox 372 2041 3759 2127; baseline -0.001 -25"><span class='ocrx_word' id='word_1_177' title='bbox 372 2041 520 2104; x_wconf 89' lang='lat' dir='ltr'>lium</span> <span class='ocrx_word' id='word_1_178' title='bbox 565 2043 852 2105; x_wconf 90' lang='lat' dir='ltr'>virorum</span> <span class='ocrx_word' id='word_1_179' title='bbox 896 2042 1026 2105; x_wconf 90' lang='lat' dir='ltr'>Deo</span> <span class='ocrx_word' id='word_1_180' title='bbox 1067 2049 1324 2104; x_wconf 88' lang='lat' dir='ltr'>auctore</span> <span class='ocrx_word' id='word_1_181' title='bbox 1368 2043 1684 2125; x_wconf 89' lang='lat' dir='ltr'>prolatum</span> <span class='ocrx_word' id='word_1_182' title='bbox 1729 2061 1857 2105; x_wconf 91' lang='lat' dir='ltr'>non</span> <span class='ocrx_word' id='word_1_183' title='bbox 1971 2062 2121 2105; x_wconf 89' lang='lat' dir='ltr'>cens</span> <span class='ocrx_word' id='word_1_184' title='bbox 2157 2062 2170 2107; x_wconf 92' lang='lat'><strong>:</strong></span> <span class='ocrx_word' id='word_1_185' title='bbox 2206 2043 2517 2106; x_wconf 89' lang='lat' dir='ltr'>Omnibus</span> <span class='ocrx_word' id='word_1_186' title='bbox 2554 2052 2807 2127; x_wconf 86' lang='lat' dir='ltr'>tempus</span> <span class='ocrx_word' id='word_1_187' title='bbox 2847 2051 2962 2118; x_wconf 91' lang='lat' dir='ltr'>est,</span> <span class='ocrx_word' id='word_1_188' title='bbox 2995 2052 3059 2106; x_wconf 91' lang='lat' dir='ltr'>et</span> <span class='ocrx_word' id='word_1_189' title='bbox 3088 2052 3339 2126; x_wconf 91' lang='lat' dir='ltr'>tempus</span> <span class='ocrx_word' id='word_1_190' title='bbox 3370 2049 3466 2105; x_wconf 92' lang='lat' dir='ltr'>est</span> <span class='ocrx_word' id='word_1_191' title='bbox 3528 2057 3682 2102; x_wconf 62' lang='lat' dir='ltr'>Ecca.</span> <span class='ocrx_word' id='word_1_192' title='bbox 3701 2070 3759 2106; x_wconf 81' lang='grc' dir='ltr'>ιιι,</span> 
     </span>
     <span class='ocr_line' id='line_1_17' title="bbox 370 2122 3765 2226; baseline 0.001 -25"><span class='ocrx_word' id='word_1_193' title='bbox 370 2141 670 2215; x_wconf 85' lang='lat' dir='ltr'>deviasse,</span> <span class='ocrx_word' id='word_1_194' title='bbox 702 2141 872 2222; x_wconf 92' lang='lat' dir='ltr'>quod</span> <span class='ocrx_word' id='word_1_195' title='bbox 905 2141 1099 2202; x_wconf 90' lang='lat' dir='ltr'>etiam</span> <span class='ocrx_word' id='word_1_196' title='bbox 1139 2140 1303 2203; x_wconf 89' lang='lat' dir='ltr'>Deus</span> <span class='ocrx_word' id='word_1_197' title='bbox 1343 2141 1542 2222; x_wconf 84' lang='lat' dir='ltr'>signis</span> <span class='ocrx_word' id='word_1_198' title='bbox 1573 2149 1701 2203; x_wconf 88' lang='lat' dir='ltr'>tam</span> <span class='ocrx_word' id='word_1_199' title='bbox 1745 2143 1858 2203; x_wconf 91' lang='lat' dir='ltr'>mi-</span> <span class='ocrx_word' id='word_1_200' title='bbox 1971 2143 2146 2205; x_wconf 90' lang='lat' dir='ltr'>omni</span> <span class='ocrx_word' id='word_1_201' title='bbox 2202 2143 2294 2204; x_wconf 89' lang='lat' dir='ltr'>rei</span> <span class='ocrx_word' id='word_1_202' title='bbox 2345 2142 2465 2204; x_wconf 92' lang='lat' dir='ltr'>sub</span> <span class='ocrx_word' id='word_1_203' title='bbox 2515 2143 2693 2205; x_wconf 88' lang='lat' dir='ltr'>coelo.</span> <span class='ocrx_word' id='word_1_204' title='bbox 2739 2143 3015 2224; x_wconf 89' lang='lat' dir='ltr'>Tempus</span> <span class='ocrx_word' id='word_1_205' title='bbox 3064 2141 3351 2225; x_wconf 90' lang='lat' dir='ltr'>pariendi</span> <span class='ocrx_word' id='word_1_206' title='bbox 3403 2148 3466 2204; x_wconf 88' lang='lat' dir='ltr'>et</span> <span class='ocrx_word' id='word_1_207' title='bbox 3496 2122 3765 2226; x_wconf 37' lang='lat' dir='ltr'>{ddum</span> 
     </span>
     <span class='ocr_line' id='line_1_18' title="bbox 371 2238 3469 2322; baseline 0 -23"><span class='ocrx_word' id='word_1_208' title='bbox 371 2238 674 2301; x_wconf 86' lang='lat' dir='ltr'>rabilibus</span> <span class='ocrx_word' id='word_1_209' title='bbox 717 2238 1144 2302; x_wconf 86' lang='lat' dir='ltr'>confirmavit.</span> <span class='ocrx_word' id='word_1_210' title='bbox 1973 2249 2227 2322; x_wconf 89' lang='lat' dir='ltr'>tempus</span> <span class='ocrx_word' id='word_1_211' title='bbox 2290 2240 2625 2314; x_wconf 90' lang='lat' dir='ltr'>moriendi,</span> <span class='ocrx_word' id='word_1_212' title='bbox 2687 2248 2805 2302; x_wconf 91' lang='lat' dir='ltr'>etc.</span> <span class='ocrx_word' id='word_1_213' title='bbox 2868 2242 3083 2322; x_wconf 88' lang='lat' dir='ltr'>Itaque</span> <span class='ocrx_word' id='word_1_214' title='bbox 3142 2240 3469 2322; x_wconf 87' lang='lat' dir='ltr'>Scriptura</span> 
     </span>
     <span class='ocr_line' id='line_1_19' title="bbox 1973 2337 3472 2420; baseline 0 -22"><span class='ocrx_word' id='word_1_215' title='bbox 1973 2337 2191 2400; x_wconf 88' lang='lat' dir='ltr'>docuit</span> <span class='ocrx_word' id='word_1_216' title='bbox 2237 2337 2400 2400; x_wconf 90' lang='lat' dir='ltr'>nihil</span> <span class='ocrx_word' id='word_1_217' title='bbox 2460 2338 2687 2401; x_wconf 91' lang='lat' dir='ltr'>horum</span> <span class='ocrx_word' id='word_1_218' title='bbox 2739 2357 2877 2401; x_wconf 90' lang='lat' dir='ltr'>esse</span> <span class='ocrx_word' id='word_1_219' title='bbox 2927 2345 3306 2420; x_wconf 88' lang='lat' dir='ltr'>perpetuum</span> <span class='ocrx_word' id='word_1_220' title='bbox 3364 2337 3472 2399; x_wconf 91' lang='lat' dir='ltr'>bo-</span> 
     </span>
     <span class='ocr_line' id='line_1_20' title="bbox 768 2435 3471 2560; baseline -0 -63"><span class='ocrx_word' id='word_1_221' title='bbox 768 2495 1272 2560; x_wconf 72' lang='lat' dir='ltr'><strong>GAPITULUM</strong></span> <span class='ocrx_word' id='word_1_222' title='bbox 1332 2495 1432 2558; x_wconf 76' lang='lat' dir='ltr'>XI</span> <span class='ocrx_word' id='word_1_223' title='bbox 1969 2456 2149 2508; x_wconf 91' lang='lat' dir='ltr'>num,</span> <span class='ocrx_word' id='word_1_224' title='bbox 2168 2436 2293 2498; x_wconf 89' lang='lat' dir='ltr'>nisi</span> <span class='ocrx_word' id='word_1_225' title='bbox 2325 2435 2519 2498; x_wconf 86' lang='lat' dir='ltr'>fuerit</span> <span class='ocrx_word' id='word_1_226' title='bbox 2548 2436 2788 2498; x_wconf 87' lang='lat' dir='ltr'>factum</span> <span class='ocrx_word' id='word_1_227' title='bbox 2820 2444 3177 2518; x_wconf 89' lang='lat' dir='ltr'>opportune</span> <span class='ocrx_word' id='word_1_228' title='bbox 3207 2443 3271 2498; x_wconf 91' lang='lat' dir='ltr'>et</span> <span class='ocrx_word' id='word_1_229' title='bbox 3300 2452 3471 2498; x_wconf 90' lang='lat' dir='ltr'>com-</span> 
     </span>
     <span class='ocr_line' id='line_1_21' title="bbox 1441 2534 3472 2617; baseline -0 -22"><span class='ocrx_word' id='word_1_230' title='bbox 1441 2542 1454 2556; x_wconf 84' lang='lat'><strong>·</strong></span> <span class='ocrx_word' id='word_1_231' title='bbox 1972 2541 2281 2615; x_wconf 89' lang='lat' dir='ltr'>petenter,</span> <span class='ocrx_word' id='word_1_232' title='bbox 2337 2534 2423 2596; x_wconf 88' lang='lat' dir='ltr'>ita</span> <span class='ocrx_word' id='word_1_233' title='bbox 2483 2540 2551 2595; x_wconf 92' lang='lat' dir='ltr'>ut</span> <span class='ocrx_word' id='word_1_234' title='bbox 2606 2534 2827 2596; x_wconf 88' lang='lat' dir='ltr'>eadem</span> <span class='ocrx_word' id='word_1_235' title='bbox 2884 2541 3239 2617; x_wconf 88' lang='lat' dir='ltr'>opportune</span> <span class='ocrx_word' id='word_1_236' title='bbox 3296 2541 3472 2614; x_wconf 86' lang='lat' dir='ltr'>gesta</span> 
     </span>
     <span class='ocr_line' id='line_1_22' title="bbox 373 2632 3466 2724; baseline 0 -31"><span class='ocrx_word' id='word_1_237' title='bbox 373 2652 652 2718; x_wconf 66' lang='lat' dir='ltr'>Quaestio,</span> <span class='ocrx_word' id='word_1_238' title='bbox 701 2669 813 2708; x_wconf 68' lang='lat'>02„-</span> <span class='ocrx_word' id='word_1_239' title='bbox 858 2669 980 2709; x_wconf 83' lang='lat' dir='ltr'>non</span> <span class='ocrx_word' id='word_1_240' title='bbox 1016 2652 1345 2724; x_wconf 65' lang='lat' dir='ltr'><strong><em>jejunetur</em></strong></span> <span class='ocrx_word' id='word_1_241' title='bbox 1390 2667 1496 2708; x_wconf 66' lang='lat' dir='ltr'>nec</span> <span class='ocrx_word' id='word_1_242' title='bbox 1544 2667 1744 2722; x_wconf 57' lang='lat' dir='ltr'>mmm</span> <span class='ocrx_word' id='word_1_243' title='bbox 1789 2650 1858 2706; x_wconf 67' lang='lat' dir='ltr'>i„</span> <span class='ocrx_word' id='word_1_244' title='bbox 1971 2633 2098 2694; x_wconf 90' lang='lat' dir='ltr'>sint</span> <span class='ocrx_word' id='word_1_245' title='bbox 2128 2632 2314 2706; x_wconf 87' lang='lat' dir='ltr'>bona,</span> <span class='ocrx_word' id='word_1_246' title='bbox 2349 2633 2400 2694; x_wconf 92' lang='lat' dir='ltr'>si</span> <span class='ocrx_word' id='word_1_247' title='bbox 2431 2641 2643 2694; x_wconf 88' lang='lat' dir='ltr'>autem</span> <span class='ocrx_word' id='word_1_248' title='bbox 2684 2639 3149 2714; x_wconf 85' lang='lat' dir='ltr'>praesumantur</span> <span class='ocrx_word' id='word_1_249' title='bbox 3178 2639 3466 2713; x_wconf 89' lang='lat' dir='ltr'>tempore</span> 
     </span>
     <span class='ocr_line' id='line_1_23' title="bbox 275 2721 3465 2815; baseline -0.003 -15"><span class='ocrx_word' id='word_1_250' title='bbox 275 2721 288 2732; x_wconf 56' lang='grc'><strong><em>’</em></strong></span> <span class='ocrx_word' id='word_1_251' title='bbox 434 2745 712 2799; x_wconf 80' lang='lat' dir='ltr'>oratione</span> <span class='ocrx_word' id='word_1_252' title='bbox 735 2742 1064 2815; x_wconf 78' lang='lat' dir='ltr'>flectantur</span> <span class='ocrx_word' id='word_1_253' title='bbox 1090 2741 1302 2798; x_wconf 80' lang='lat' dir='ltr'>diebus</span> <span class='ocrx_word' id='word_1_254' title='bbox 1331 2741 1860 2813; x_wconf 74' lang='lat' dir='ltr'>Quinquaqesimoe</span> <span class='ocrx_word' id='word_1_255' title='bbox 1972 2728 2359 2810; x_wconf 75' lang='lat' dir='ltr'>importum,</span> <span class='ocrx_word' id='word_1_256' title='bbox 2407 2728 2660 2790; x_wconf 88' lang='lat' dir='ltr'>inutilia</span> <span class='ocrx_word' id='word_1_257' title='bbox 2707 2728 2835 2790; x_wconf 87' lang='lat' dir='ltr'>sint</span> <span class='ocrx_word' id='word_1_258' title='bbox 2882 2738 2947 2791; x_wconf 87' lang='lat' dir='ltr'>et</span> <span class='ocrx_word' id='word_1_259' title='bbox 2994 2729 3218 2791; x_wconf 88' lang='lat' dir='ltr'>nociva</span> <span class='ocrx_word' id='word_1_260' title='bbox 3232 2746 3249 2807; x_wconf 94' lang='lat'>;</span> <span class='ocrx_word' id='word_1_261' title='bbox 3292 2728 3465 2790; x_wconf 90' lang='lat' dir='ltr'>dem-</span> 
     </span>
     <span class='ocr_line' id='line_1_24' title="bbox 438 2826 3470 2908; baseline 0 -22"><span class='ocrx_word' id='word_1_262' title='bbox 438 2833 504 2888; x_wconf 80' lang='lat' dir='ltr'>in</span> <span class='ocrx_word' id='word_1_263' title='bbox 529 2834 814 2906; x_wconf 70' lang='lat' dir='ltr'>AE&#39;qypto.</span> <span class='ocrx_word' id='word_1_264' title='bbox 1972 2827 2100 2908; x_wconf 89' lang='lat' dir='ltr'>ptis</span> <span class='ocrx_word' id='word_1_265' title='bbox 2143 2828 2243 2890; x_wconf 88' lang='lat' dir='ltr'>his</span> <span class='ocrx_word' id='word_1_266' title='bbox 2289 2835 2534 2889; x_wconf 90' lang='lat' dir='ltr'>tantum</span> <span class='ocrx_word' id='word_1_267' title='bbox 2576 2845 2719 2908; x_wconf 70' lang='lat' dir='ltr'>quae</span> <span class='ocrx_word' id='word_1_268' title='bbox 2761 2845 2875 2908; x_wconf 89' lang='lat' dir='ltr'>per</span> <span class='ocrx_word' id='word_1_269' title='bbox 2919 2845 2986 2889; x_wconf 92' lang='lat' dir='ltr'>se</span> <span class='ocrx_word' id='word_1_270' title='bbox 3029 2826 3470 2908; x_wconf 89' lang='lat' dir='ltr'>principaliter</span> 
     </span>
     <span class='ocr_line' id='line_1_25' title="bbox 1972 2925 3467 3007; baseline -0.001 -19"><span class='ocrx_word' id='word_1_271' title='bbox 1972 2925 2138 2988; x_wconf 90' lang='lat' dir='ltr'>hona</span> <span class='ocrx_word' id='word_1_272' title='bbox 2170 2927 2273 2988; x_wconf 92' lang='lat' dir='ltr'>vel</span> <span class='ocrx_word' id='word_1_273' title='bbox 2314 2926 2478 2988; x_wconf 90' lang='lat' dir='ltr'>mala</span> <span class='ocrx_word' id='word_1_274' title='bbox 2517 2933 2687 3000; x_wconf 91' lang='lat' dir='ltr'>sunt,</span> <span class='ocrx_word' id='word_1_275' title='bbox 2722 2943 2840 2988; x_wconf 88' lang='lat' dir='ltr'>nec</span> <span class='ocrx_word' id='word_1_276' title='bbox 2880 2933 3145 3007; x_wconf 87' lang='lat' dir='ltr'>possunt</span> <span class='ocrx_word' id='word_1_277' title='bbox 3183 2943 3467 3006; x_wconf 89' lang='lat' dir='ltr'>unquam</span> 
     </span>
     <span class='ocr_line' id='line_1_26' title="bbox 489 3023 3475 3115; baseline -0.003 -22"><span class='ocrx_word' id='word_1_278' title='bbox 489 3031 590 3095; x_wconf 82' lang='grc' dir='ltr'>ΕΙ)</span> <span class='ocrx_word' id='word_1_279' title='bbox 638 3039 892 3115; x_wconf 88' lang='lat' dir='ltr'>tempus</span> <span class='ocrx_word' id='word_1_280' title='bbox 946 3031 1082 3112; x_wconf 87' lang='lat' dir='ltr'>jam</span> <span class='ocrx_word' id='word_1_281' title='bbox 1136 3038 1234 3094; x_wconf 90' lang='lat' dir='ltr'>est</span> <span class='ocrx_word' id='word_1_282' title='bbox 1283 3040 1352 3093; x_wconf 90' lang='lat' dir='ltr'>ut</span> <span class='ocrx_word' id='word_1_283' title='bbox 1400 3046 1860 3113; x_wconf 85' lang='lat' dir='ltr'>prosequamur</span> <span class='ocrx_word' id='word_1_284' title='bbox 1898 3026 1941 3090; x_wconf 92' lang='lat' dir='ltr'>C</span> <span class='ocrx_word' id='word_1_285' title='bbox 1974 3023 2042 3085; x_wconf 91' lang='lat' dir='ltr'>in</span> <span class='ocrx_word' id='word_1_286' title='bbox 2082 3025 2472 3086; x_wconf 90' lang='lat' dir='ltr'>contrarium</span> <span class='ocrx_word' id='word_1_287' title='bbox 2518 3023 2794 3086; x_wconf 90' lang='lat' dir='ltr'>derivari</span> <span class='ocrx_word' id='word_1_288' title='bbox 2843 3030 2955 3085; x_wconf 90' lang='lat' dir='ltr'>aut</span> <span class='ocrx_word' id='word_1_289' title='bbox 2998 3023 3369 3105; x_wconf 88' lang='lat' dir='ltr'>permutari,</span> <span class='ocrx_word' id='word_1_290' title='bbox 3402 3030 3475 3084; x_wconf 91' lang='lat' dir='ltr'>ut</span> 
     </span>
     <span class='ocr_line' id='line_1_27' title="bbox 505 3121 3475 3211; baseline -0.003 -19"><span class='ocrx_word' id='word_1_291' title='bbox 505 3131 797 3192; x_wconf 88' lang='lat' dir='ltr'>ordinem</span> <span class='ocrx_word' id='word_1_292' title='bbox 845 3129 1202 3192; x_wconf 79' lang='lat' dir='ltr'>collationis</span> <span class='ocrx_word' id='word_1_293' title='bbox 1249 3129 1598 3211; x_wconf 64' lang='lat' dir='ltr'>promissas.</span> <span class='ocrx_word' id='word_1_294' title='bbox 1644 3128 1860 3208; x_wconf 90' lang='lat' dir='ltr'>Itaque</span> <span class='ocrx_word' id='word_1_295' title='bbox 1971 3121 2241 3201; x_wconf 85' lang='lat' dir='ltr'>justitia,</span> <span class='ocrx_word' id='word_1_296' title='bbox 2294 3123 2653 3204; x_wconf 85' lang='lat' dir='ltr'>prudentia,</span> <span class='ocrx_word' id='word_1_297' title='bbox 2706 3121 3034 3196; x_wconf 81' lang='lat' dir='ltr'>fortitudo,</span> <span class='ocrx_word' id='word_1_298' title='bbox 3081 3121 3475 3202; x_wconf 88' lang='lat' dir='ltr'>virtutesque</span> 
     </span>
     <span class='ocr_line' id='line_1_28' title="bbox 377 3222 3474 3307; baseline -0.002 -19"><span class='ocrx_word' id='word_1_299' title='bbox 377 3245 568 3307; x_wconf 90' lang='lat' dir='ltr'>quum</span> <span class='ocrx_word' id='word_1_300' title='bbox 603 3228 801 3291; x_wconf 87' lang='lat' dir='ltr'>abbas</span> <span class='ocrx_word' id='word_1_301' title='bbox 831 3228 1116 3290; x_wconf 88' lang='lat' dir='ltr'>Theonas</span> <span class='ocrx_word' id='word_1_302' title='bbox 1146 3226 1465 3289; x_wconf 88' lang='lat' dir='ltr'>visitasset</span> <span class='ocrx_word' id='word_1_303' title='bbox 1493 3243 1610 3288; x_wconf 91' lang='lat' dir='ltr'>nos</span> <span class='ocrx_word' id='word_1_304' title='bbox 1643 3225 1710 3286; x_wconf 90' lang='lat' dir='ltr'>in</span> <span class='ocrx_word' id='word_1_305' title='bbox 1740 3223 1864 3286; x_wconf 89' lang='lat' dir='ltr'>cel·</span> <span class='ocrx_word' id='word_1_306' title='bbox 1975 3229 2221 3295; x_wconf 84' lang='lat' dir='ltr'>ceterae,</span> <span class='ocrx_word' id='word_1_307' title='bbox 2255 3222 2431 3283; x_wconf 90' lang='lat' dir='ltr'>varia</span> <span class='ocrx_word' id='word_1_308' title='bbox 2458 3239 2713 3303; x_wconf 89' lang='lat' dir='ltr'>quoque</span> <span class='ocrx_word' id='word_1_309' title='bbox 2752 3229 3031 3304; x_wconf 86' lang='lat' dir='ltr'>peccata,</span> <span class='ocrx_word' id='word_1_310' title='bbox 3066 3238 3342 3303; x_wconf 90' lang='lat' dir='ltr'>quorum</span> <span class='ocrx_word' id='word_1_311' title='bbox 3378 3239 3474 3282; x_wconf 91' lang='lat' dir='ltr'>ra-</span> 
     </span>
     <span class='ocr_line' id='line_1_29' title="bbox 378 3317 3473 3407; baseline -0.002 -21"><span class='ocrx_word' id='word_1_312' title='bbox 378 3325 500 3388; x_wconf 88' lang='lat' dir='ltr'>lula</span> <span class='ocrx_word' id='word_1_313' title='bbox 534 3335 752 3389; x_wconf 90' lang='lat' dir='ltr'>nostra</span> <span class='ocrx_word' id='word_1_314' title='bbox 790 3327 856 3388; x_wconf 91' lang='lat' dir='ltr'>in</span> <span class='ocrx_word' id='word_1_315' title='bbox 891 3325 1448 3407; x_wconf 81' lang='lat' dir='ltr'>Quinquagesima,</span> <span class='ocrx_word' id='word_1_316' title='bbox 1481 3322 1862 3407; x_wconf 89' lang='lat' dir='ltr'>vespertinis</span> <span class='ocrx_word' id='word_1_317' title='bbox 1976 3319 2179 3382; x_wconf 90' lang='lat' dir='ltr'>tiones</span> <span class='ocrx_word' id='word_1_318' title='bbox 2223 3336 2351 3381; x_wconf 89' lang='lat' dir='ltr'>non</span> <span class='ocrx_word' id='word_1_319' title='bbox 2401 3327 2667 3400; x_wconf 89' lang='lat' dir='ltr'>possunt</span> <span class='ocrx_word' id='word_1_320' title='bbox 2716 3319 2946 3382; x_wconf 88' lang='lat' dir='ltr'>mutari</span> <span class='ocrx_word' id='word_1_321' title='bbox 2994 3327 3103 3381; x_wconf 92' lang='lat' dir='ltr'>aut</span> <span class='ocrx_word' id='word_1_322' title='bbox 3142 3319 3364 3381; x_wconf 88' lang='lat' dir='ltr'>cadere</span> <span class='ocrx_word' id='word_1_323' title='bbox 3406 3317 3473 3380; x_wconf 90' lang='lat' dir='ltr'>in</span> 
     </span>
     <span class='ocr_line' id='line_1_30' title="bbox 373 3417 3471 3506; baseline -0.002 -23"><span class='ocrx_word' id='word_1_324' title='bbox 373 3424 760 3487; x_wconf 89' lang='lat' dir='ltr'>orationibus</span> <span class='ocrx_word' id='word_1_325' title='bbox 789 3424 1153 3506; x_wconf 81' lang='lat' dir='ltr'>persolutiS,</span> <span class='ocrx_word' id='word_1_326' title='bbox 1174 3424 1509 3506; x_wconf 87' lang='lat' dir='ltr'>paululum</span> <span class='ocrx_word' id='word_1_327' title='bbox 1540 3421 1867 3485; x_wconf 88' lang='lat' dir='ltr'>considen·</span> <span class='ocrx_word' id='word_1_328' title='bbox 1974 3418 2166 3480; x_wconf 87' lang='lat' dir='ltr'>aliam</span> <span class='ocrx_word' id='word_1_329' title='bbox 2226 3424 2490 3499; x_wconf 89' lang='lat' dir='ltr'>partem.</span> <span class='ocrx_word' id='word_1_330' title='bbox 2544 3419 2733 3480; x_wconf 88' lang='lat' dir='ltr'>Porro</span> <span class='ocrx_word' id='word_1_331' title='bbox 2780 3417 2833 3479; x_wconf 90' lang='lat' dir='ltr'>si</span> <span class='ocrx_word' id='word_1_332' title='bbox 2880 3418 3094 3499; x_wconf 89' lang='lat' dir='ltr'>aliqua</span> <span class='ocrx_word' id='word_1_333' title='bbox 3149 3417 3278 3479; x_wconf 91' lang='lat' dir='ltr'>sint</span> <span class='ocrx_word' id='word_1_334' title='bbox 3330 3434 3471 3498; x_wconf 81' lang='lat' dir='ltr'>quae</span> 
     </span>
     <span class='ocr_line' id='line_1_31' title="bbox 376 3514 3475 3605; baseline -0.002 -23"><span class='ocrx_word' id='word_1_335' title='bbox 376 3528 470 3582; x_wconf 90' lang='lat' dir='ltr'>tes</span> <span class='ocrx_word' id='word_1_336' title='bbox 499 3522 562 3585; x_wconf 92' lang='lat' dir='ltr'>in</span> <span class='ocrx_word' id='word_1_337' title='bbox 593 3530 778 3598; x_wconf 86' lang='lat' dir='ltr'>terra,</span> <span class='ocrx_word' id='word_1_338' title='bbox 811 3523 1126 3605; x_wconf 88' lang='lat' dir='ltr'>coepimus</span> <span class='ocrx_word' id='word_1_339' title='bbox 1165 3522 1502 3603; x_wconf 85' lang='lat' dir='ltr'>diligenter</span> <span class='ocrx_word' id='word_1_340' title='bbox 1543 3521 1864 3603; x_wconf 90' lang='lat' dir='ltr'>inquirere</span> <span class='ocrx_word' id='word_1_341' title='bbox 1977 3523 2245 3598; x_wconf 89' lang='lat' dir='ltr'>possunt</span> <span class='ocrx_word' id='word_1_342' title='bbox 2294 3514 2358 3576; x_wconf 91' lang='lat' dir='ltr'>in</span> <span class='ocrx_word' id='word_1_343' title='bbox 2412 3523 2745 3597; x_wconf 88' lang='lat' dir='ltr'>utramque</span> <span class='ocrx_word' id='word_1_344' title='bbox 2792 3523 3037 3597; x_wconf 87' lang='lat' dir='ltr'>partem</span> <span class='ocrx_word' id='word_1_345' title='bbox 3095 3515 3353 3578; x_wconf 86' lang='lat' dir='ltr'>deflecti</span> <span class='ocrx_word' id='word_1_346' title='bbox 3400 3533 3475 3576; x_wconf 91' lang='lat' dir='ltr'>ac</span> 
     </span>
     <span class='ocr_line' id='line_1_32' title="bbox 379 3613 3471 3703; baseline -0.002 -24"><span class='ocrx_word' id='word_1_347' title='bbox 379 3636 494 3680; x_wconf 89' lang='lat' dir='ltr'>cur</span> <span class='ocrx_word' id='word_1_348' title='bbox 533 3620 803 3703; x_wconf 76' lang='lat' dir='ltr'>AEgyptii</span> <span class='ocrx_word' id='word_1_349' title='bbox 864 3620 1156 3683; x_wconf 91' lang='lat' dir='ltr'>monachi</span> <span class='ocrx_word' id='word_1_350' title='bbox 1206 3628 1338 3683; x_wconf 89' lang='lat' dir='ltr'>tam</span> <span class='ocrx_word' id='word_1_351' title='bbox 1385 3618 1654 3683; x_wconf 90' lang='lat' dir='ltr'>sollicite</span> <span class='ocrx_word' id='word_1_352' title='bbox 1712 3637 1868 3701; x_wconf 82' lang='lat' dir='ltr'>prae-</span> <span class='ocrx_word' id='word_1_353' title='bbox 1976 3613 2162 3688; x_wconf 85' lang='lat' dir='ltr'>trahi,</span> <span class='ocrx_word' id='word_1_354' title='bbox 2206 3614 2292 3676; x_wconf 90' lang='lat' dir='ltr'>ita</span> <span class='ocrx_word' id='word_1_355' title='bbox 2341 3621 2411 3675; x_wconf 87' lang='lat' dir='ltr'>ut</span> <span class='ocrx_word' id='word_1_356' title='bbox 2454 3613 2637 3695; x_wconf 85' lang='lat' dir='ltr'>juxta</span> <span class='ocrx_word' id='word_1_357' title='bbox 2683 3613 3053 3696; x_wconf 86' lang='lat' dir='ltr'>qualitatem</span> <span class='ocrx_word' id='word_1_358' title='bbox 3102 3621 3167 3677; x_wconf 90' lang='lat' dir='ltr'>et</span> <span class='ocrx_word' id='word_1_359' title='bbox 3210 3614 3471 3676; x_wconf 82' lang='lat' dir='ltr'>modurn</span> 
     </span>
     <span class='ocr_line' id='line_1_33' title="bbox 376 3710 3477 3800; baseline -0.002 -22"><span class='ocrx_word' id='word_1_360' title='bbox 376 3726 685 3792; x_wconf 87' lang='lat' dir='ltr'>caverent,</span> <span class='ocrx_word' id='word_1_361' title='bbox 729 3738 810 3781; x_wconf 91' lang='lat' dir='ltr'>ne</span> <span class='ocrx_word' id='word_1_362' title='bbox 854 3719 998 3800; x_wconf 88' lang='lat' dir='ltr'>quis</span> <span class='ocrx_word' id='word_1_363' title='bbox 1049 3735 1270 3780; x_wconf 89' lang='lat' dir='ltr'>eorum</span> <span class='ocrx_word' id='word_1_364' title='bbox 1321 3725 1613 3780; x_wconf 79' lang='lat' dir='ltr'>curvaret</span> <span class='ocrx_word' id='word_1_365' title='bbox 1659 3734 1865 3798; x_wconf 86' lang='lat' dir='ltr'>genua</span> <span class='ocrx_word' id='word_1_366' title='bbox 1977 3711 2297 3774; x_wconf 89' lang='lat' dir='ltr'>utentium</span> <span class='ocrx_word' id='word_1_367' title='bbox 2334 3712 2427 3774; x_wconf 92' lang='lat' dir='ltr'>eis</span> <span class='ocrx_word' id='word_1_368' title='bbox 2466 3712 2595 3774; x_wconf 91' lang='lat' dir='ltr'>sint</span> <span class='ocrx_word' id='word_1_369' title='bbox 2632 3711 2797 3774; x_wconf 91' lang='lat' dir='ltr'>bona</span> <span class='ocrx_word' id='word_1_370' title='bbox 2838 3719 2947 3773; x_wconf 91' lang='lat' dir='ltr'>aut</span> <span class='ocrx_word' id='word_1_371' title='bbox 2986 3713 3171 3786; x_wconf 88' lang='lat' dir='ltr'>mala,</span> <span class='ocrx_word' id='word_1_372' title='bbox 3207 3713 3341 3776; x_wconf 85' lang='lat' dir='ltr'>haec</span> <span class='ocrx_word' id='word_1_373' title='bbox 3382 3710 3477 3773; x_wconf 91' lang='lat' dir='ltr'>in·</span> 
     </span>
     <span class='ocr_line' id='line_1_34' title="bbox 377 3809 3475 3898; baseline -0.001 -23"><span class='ocrx_word' id='word_1_374' title='bbox 377 3814 446 3875; x_wconf 89' lang='lat' dir='ltr'>in</span> <span class='ocrx_word' id='word_1_375' title='bbox 476 3816 747 3879; x_wconf 86' lang='lat' dir='ltr'>oratione</span> <span class='ocrx_word' id='word_1_376' title='bbox 778 3835 892 3898; x_wconf 91' lang='lat' dir='ltr'>per</span> <span class='ocrx_word' id='word_1_377' title='bbox 915 3823 1112 3878; x_wconf 86' lang='lat' dir='ltr'>totum</span> <span class='ocrx_word' id='word_1_378' title='bbox 1141 3815 1690 3898; x_wconf 82' lang='lat' dir='ltr'>Quinquagesimae</span> <span class='ocrx_word' id='word_1_379' title='bbox 1720 3822 1867 3876; x_wconf 89' lang='lat' dir='ltr'>tem·</span> <span class='ocrx_word' id='word_1_380' title='bbox 1977 3809 2230 3871; x_wconf 89' lang='lat' dir='ltr'>terdum</span> <span class='ocrx_word' id='word_1_381' title='bbox 2278 3809 2461 3871; x_wconf 87' lang='lat' dir='ltr'>utilia</span> <span class='ocrx_word' id='word_1_382' title='bbox 2506 3815 2616 3870; x_wconf 89' lang='lat' dir='ltr'>aut</span> <span class='ocrx_word' id='word_1_383' title='bbox 2663 3809 2937 3884; x_wconf 88' lang='lat' dir='ltr'>inutilia,</span> <span class='ocrx_word' id='word_1_384' title='bbox 2990 3828 3103 3871; x_wconf 89' lang='lat' dir='ltr'>seu</span> <span class='ocrx_word' id='word_1_385' title='bbox 3160 3809 3326 3872; x_wconf 89' lang='lat' dir='ltr'>hona</span> <span class='ocrx_word' id='word_1_386' title='bbox 3372 3809 3475 3872; x_wconf 88' lang='lat' dir='ltr'>vel</span> 
     </span>
     <span class='ocr_line' id='line_1_35' title="bbox 373 3905 3471 3996; baseline -0.003 -21"><span class='ocrx_word' id='word_1_387' title='bbox 373 3932 516 3996; x_wconf 72' lang='lat' dir='ltr'>puS,</span> <span class='ocrx_word' id='word_1_388' title='bbox 561 3921 667 3976; x_wconf 88' lang='lat' dir='ltr'>aut</span> <span class='ocrx_word' id='word_1_389' title='bbox 715 3915 1008 3996; x_wconf 85' lang='lat' dir='ltr'>jejunare</span> <span class='ocrx_word' id='word_1_390' title='bbox 1063 3921 1476 3996; x_wconf 85' lang='lat' dir='ltr'>praesumeret</span> <span class='ocrx_word' id='word_1_391' title='bbox 1530 3931 1732 3995; x_wconf 89' lang='lat' dir='ltr'>usque</span> <span class='ocrx_word' id='word_1_392' title='bbox 1783 3911 1861 3973; x_wconf 89' lang='lat' dir='ltr'>ad</span> <span class='ocrx_word' id='word_1_393' title='bbox 1979 3907 2145 3969; x_wconf 86' lang='lat' dir='ltr'>mala</span> <span class='ocrx_word' id='word_1_394' title='bbox 2204 3915 2373 3982; x_wconf 92' lang='lat' dir='ltr'>sunt,</span> <span class='ocrx_word' id='word_1_395' title='bbox 2426 3924 2557 3969; x_wconf 91' lang='lat' dir='ltr'>non</span> <span class='ocrx_word' id='word_1_396' title='bbox 2603 3905 2891 3970; x_wconf 85' lang='lat' dir='ltr'>absolute</span> <span class='ocrx_word' id='word_1_397' title='bbox 2940 3926 3017 3970; x_wconf 85' lang='lat' dir='ltr'>ex</span> <span class='ocrx_word' id='word_1_398' title='bbox 3066 3925 3181 3968; x_wconf 90' lang='lat' dir='ltr'>sua</span> <span class='ocrx_word' id='word_1_399' title='bbox 3228 3914 3471 3982; x_wconf 89' lang='lat' dir='ltr'>natura,</span> 
     </span>
     <span class='ocr_line' id='line_1_36' title="bbox 375 4005 3475 4093; baseline -0.002 -21"><span class='ocrx_word' id='word_1_400' title='bbox 375 4011 590 4074; x_wconf 87' lang='lat' dir='ltr'>horam</span> <span class='ocrx_word' id='word_1_401' title='bbox 618 4030 889 4092; x_wconf 89' lang='lat' dir='ltr'>nonam;</span> <span class='ocrx_word' id='word_1_402' title='bbox 919 4021 984 4075; x_wconf 88' lang='lat' dir='ltr'>et</span> <span class='ocrx_word' id='word_1_403' title='bbox 1011 4030 1088 4074; x_wconf 89' lang='lat' dir='ltr'>eo</span> <span class='ocrx_word' id='word_1_404' title='bbox 1121 4011 1488 4093; x_wconf 86' lang='lat' dir='ltr'>diligentius</span> <span class='ocrx_word' id='word_1_405' title='bbox 1525 4011 1867 4092; x_wconf 81' lang='lat' dir='ltr'>interroga·</span> <span class='ocrx_word' id='word_1_406' title='bbox 1977 4007 2090 4069; x_wconf 89' lang='lat' dir='ltr'>sed</span> <span class='ocrx_word' id='word_1_407' title='bbox 2147 4025 2225 4069; x_wconf 85' lang='lat' dir='ltr'>ex</span> <span class='ocrx_word' id='word_1_408' title='bbox 2280 4006 2518 4068; x_wconf 78' lang='lat' dir='ltr'>affectu</span> <span class='ocrx_word' id='word_1_409' title='bbox 2575 4005 2817 4086; x_wconf 80' lang='lat' dir='ltr'>agentis</span> <span class='ocrx_word' id='word_1_410' title='bbox 2876 4005 3475 4088; x_wconf 86' lang='lat' dir='ltr'>opportunitateque</span> 
     </span>
     <span class='ocr_line' id='line_1_37' title="bbox 377 4104 2313 4192; baseline -0.003 -21"><span class='ocrx_word' id='word_1_411' title='bbox 377 4110 582 4172; x_wconf 82' lang='lat' dir='ltr'>vimus</span> <span class='ocrx_word' id='word_1_412' title='bbox 619 4111 812 4184; x_wconf 86' lang='lat' dir='ltr'>istud,</span> <span class='ocrx_word' id='word_1_413' title='bbox 844 4128 972 4192; x_wconf 90' lang='lat' dir='ltr'>quo</span> <span class='ocrx_word' id='word_1_414' title='bbox 1013 4111 1224 4172; x_wconf 91' lang='lat' dir='ltr'>minus</span> <span class='ocrx_word' id='word_1_415' title='bbox 1254 4109 1534 4172; x_wconf 90' lang='lat' dir='ltr'>vidimus</span> <span class='ocrx_word' id='word_1_416' title='bbox 1577 4110 1699 4172; x_wconf 90' lang='lat' dir='ltr'>hoc</span> <span class='ocrx_word' id='word_1_417' title='bbox 1739 4127 1866 4171; x_wconf 87' lang='lat' dir='ltr'>ser·</span> <span class='ocrx_word' id='word_1_418' title='bbox 1985 4104 2313 4188; x_wconf 89' lang='lat' dir='ltr'>temporis.</span> 
     </span>
     <span class='ocr_line' id='line_1_38' title="bbox 379 4207 1950 4288; baseline 0.001 -18"><span class='ocrx_word' id='word_1_419' title='bbox 379 4207 512 4270; x_wconf 88' lang='lat' dir='ltr'>vari</span> <span class='ocrx_word' id='word_1_420' title='bbox 551 4217 676 4271; x_wconf 89' lang='lat' dir='ltr'>tam</span> <span class='ocrx_word' id='word_1_421' title='bbox 721 4216 905 4271; x_wconf 90' lang='lat' dir='ltr'>caute</span> <span class='ocrx_word' id='word_1_422' title='bbox 948 4208 1014 4271; x_wconf 93' lang='lat' dir='ltr'>in</span> <span class='ocrx_word' id='word_1_423' title='bbox 1059 4207 1459 4270; x_wconf 89' lang='lat' dir='ltr'>monasteriis</span> <span class='ocrx_word' id='word_1_424' title='bbox 1503 4207 1716 4288; x_wconf 70' lang='lat' dir='ltr'>Syriae.</span> <span class='ocrx_word' id='word_1_425' title='bbox 1901 4211 1950 4272; x_wconf 94' lang='lat' dir='ltr'>D</span> 
     </span>
    </p>
   </div>
   <div class='ocr_carea' id='block_1_3' title="bbox 2358 4357 3111 4422">
    <p class='ocr_par' dir='ltr' id='par_1_3' title="bbox 2358 4357 3111 4422">
     <span class='ocr_line' id='line_1_39' title="bbox 2358 4357 3111 4422; baseline -0.003 0"><span class='ocrx_word' id='word_1_426' title='bbox 2358 4357 2860 4422; x_wconf 83' lang='lat' dir='ltr'><strong>CAPITULUM</strong></span> <span class='ocrx_word' id='word_1_427' title='bbox 2922 4357 3111 4421; x_wconf 89' lang='lat' dir='ltr'><strong>XIII.</strong></span> 
     </span>
    </p>
   </div>
   <div class='ocr_carea' id='block_1_4' title="bbox 2269 4497 3189 4569">
    <p class='ocr_par' dir='ltr' id='par_1_4' title="bbox 2269 4497 3189 4569">
     <span class='ocr_line' id='line_1_40' title="bbox 2269 4497 3189 4569; baseline -0.002 -15"><span class='ocrx_word' id='word_1_428' title='bbox 2269 4497 2457 4566; x_wconf 82' lang='lat' dir='ltr'>Quale</span> <span class='ocrx_word' id='word_1_429' title='bbox 2486 4499 2705 4555; x_wconf 80' lang='lat' dir='ltr'>bonum</span> <span class='ocrx_word' id='word_1_430' title='bbox 2740 4499 2823 4553; x_wconf 77' lang='lat' dir='ltr'>sit</span> <span class='ocrx_word' id='word_1_431' title='bbox 2849 4497 3189 4569; x_wconf 80' lang='lat' dir='ltr'>jejunium.</span> 
     </span>
    </p>
   </div>
   <div class='ocr_carea' id='block_1_5' title="bbox 760 4461 1481 4528">
    <p class='ocr_par' dir='ltr' id='par_1_5' title="bbox 760 4461 1481 4528">
     <span class='ocr_line' id='line_1_41' title="bbox 760 4461 1481 4528; baseline -0.003 -1"><span class='ocrx_word' id='word_1_432' title='bbox 760 4461 1264 4528; x_wconf 86' lang='lat' dir='ltr'><strong>CAPITULUM</strong></span> <span class='ocrx_word' id='word_1_433' title='bbox 1325 4461 1481 4526; x_wconf 90' lang='lat' dir='ltr'><strong>XII.</strong></span> 
     </span>
    </p>
   </div>
   <div class='ocr_carea' id='block_1_6' title="bbox 384 4597 3486 5372">
    <p class='ocr_par' dir='ltr' id='par_1_6' title="bbox 384 4597 3486 5372">
     <span class='ocr_line' id='line_1_42' title="bbox 384 4597 2099 4684; baseline -0.002 -17"><span class='ocrx_word' id='word_1_434' title='bbox 384 4612 467 4667; x_wconf 87' lang='lat' dir='ltr'>De</span> <span class='ocrx_word' id='word_1_435' title='bbox 501 4618 730 4669; x_wconf 79' lang='lat' dir='ltr'>natura</span> <span class='ocrx_word' id='word_1_436' title='bbox 767 4627 972 4668; x_wconf 79' lang='lat' dir='ltr'>eorum</span> <span class='ocrx_word' id='word_1_437' title='bbox 1008 4627 1145 4684; x_wconf 81' lang='lat' dir='ltr'>quoe</span> <span class='ocrx_word' id='word_1_438' title='bbox 1177 4617 1318 4667; x_wconf 78' lang='lat' dir='ltr'>sunt</span> <span class='ocrx_word' id='word_1_439' title='bbox 1355 4610 1514 4666; x_wconf 83' lang='lat' dir='ltr'>bona</span> <span class='ocrx_word' id='word_1_440' title='bbox 1542 4615 1652 4666; x_wconf 83' lang='lat' dir='ltr'>aut</span> <span class='ocrx_word' id='word_1_441' title='bbox 1678 4597 1866 4674; x_wconf 84' lang='lat' dir='ltr'>mala,</span> <span class='ocrx_word' id='word_1_442' title='bbox 2097 4669 2099 4672; x_wconf 10' lang='grc' dir='ltr'><em>Α</em></span> 
     </span>
     <span class='ocr_line' id='line_1_43' title="bbox 959 4696 3478 4779; baseline 0.002 -23"><span class='ocrx_word' id='word_1_443' title='bbox 959 4700 1055 4756; x_wconf 78' lang='lat' dir='ltr'>vel</span> <span class='ocrx_word' id='word_1_444' title='bbox 1079 4699 1300 4758; x_wconf 81' lang='lat' dir='ltr'>media.</span> <span class='ocrx_word' id='word_1_445' title='bbox 2123 4697 2274 4761; x_wconf 90' lang='lat' dir='ltr'>UNC</span> <span class='ocrx_word' id='word_1_446' title='bbox 2303 4713 2453 4778; x_wconf 82' lang='lat' dir='ltr'>ergo</span> <span class='ocrx_word' id='word_1_447' title='bbox 2482 4696 2895 4778; x_wconf 85' lang='lat' dir='ltr'>quaerendum</span> <span class='ocrx_word' id='word_1_448' title='bbox 2934 4696 3091 4778; x_wconf 91' lang='lat' dir='ltr'>quid</span> <span class='ocrx_word' id='word_1_449' title='bbox 3124 4697 3200 4759; x_wconf 91' lang='lat' dir='ltr'>de</span> <span class='ocrx_word' id='word_1_450' title='bbox 3228 4697 3478 4779; x_wconf 86' lang='lat' dir='ltr'>jejunio</span> 
     </span>
     <span class='ocr_line' id='line_1_44' title="bbox 2139 4794 3476 4871; baseline 0.001 -14"><span class='ocrx_word' id='word_1_451' title='bbox 2139 4795 2486 4858; x_wconf 90' lang='lat' dir='ltr'>debeamus</span> <span class='ocrx_word' id='word_1_452' title='bbox 2518 4794 2753 4856; x_wconf 91' lang='lat' dir='ltr'>sentire</span> <span class='ocrx_word' id='word_1_453' title='bbox 2789 4811 2803 4855; x_wconf 74' lang='grc' dir='ltr'>ε</span> <span class='ocrx_word' id='word_1_454' title='bbox 2836 4813 2915 4856; x_wconf 91' lang='lat' dir='ltr'>an</span> <span class='ocrx_word' id='word_1_455' title='bbox 2947 4795 3029 4856; x_wconf 90' lang='lat' dir='ltr'>sit</span> <span class='ocrx_word' id='word_1_456' title='bbox 3061 4795 3182 4857; x_wconf 91' lang='lat' dir='ltr'>tale</span> <span class='ocrx_word' id='word_1_457' title='bbox 3214 4795 3476 4871; x_wconf 88' lang='lat' dir='ltr'>bonum,</span> 
     </span>
     <span class='ocr_line' id='line_1_45' title="bbox 514 4891 3484 4976; baseline -0.002 -13"><span class='ocrx_word' id='word_1_458' title='bbox 514 4900 565 4963; x_wconf 90' lang='lat' dir='ltr'>D</span> <span class='ocrx_word' id='word_1_459' title='bbox 623 4900 760 4962; x_wconf 82' lang='lat' dir='ltr'>haec</span> <span class='ocrx_word' id='word_1_460' title='bbox 816 4897 1014 4960; x_wconf 90' lang='lat' dir='ltr'>abbas</span> <span class='ocrx_word' id='word_1_461' title='bbox 1060 4897 1344 4959; x_wconf 88' lang='lat' dir='ltr'>Theonas</span> <span class='ocrx_word' id='word_1_462' title='bbox 1403 4916 1557 4958; x_wconf 91' lang='lat' dir='ltr'>usus</span> <span class='ocrx_word' id='word_1_463' title='bbox 1613 4901 1710 4957; x_wconf 87' lang='lat' dir='ltr'>est</span> <span class='ocrx_word' id='word_1_464' title='bbox 1761 4895 1868 4956; x_wconf 87' lang='lat' dir='ltr'>tali</span> <span class='ocrx_word' id='word_1_465' title='bbox 1986 4893 2171 4976; x_wconf 90' lang='lat' dir='ltr'>quale</span> <span class='ocrx_word' id='word_1_466' title='bbox 2216 4893 2483 4974; x_wconf 77' lang='lat' dir='ltr'>justitia,</span> <span class='ocrx_word' id='word_1_467' title='bbox 2539 4891 2896 4974; x_wconf 89' lang='lat' dir='ltr'>prudentia,</span> <span class='ocrx_word' id='word_1_468' title='bbox 2950 4899 3172 4956; x_wconf 85' lang='lat' dir='ltr'>ceterae</span> <span class='ocrx_word' id='word_1_469' title='bbox 3231 4911 3484 4975; x_wconf 87' lang='lat' dir='ltr'>quoque</span> 
     </span>
     <span class='ocr_line' id='line_1_46' title="bbox 534 4989 3483 5075; baseline -0.002 -16"><span class='ocrx_word' id='word_1_470' title='bbox 534 4995 851 5059; x_wconf 89' lang='lat' dir='ltr'>sermonis</span> <span class='ocrx_word' id='word_1_471' title='bbox 892 4994 1152 5057; x_wconf 86' lang='lat' dir='ltr'>exordio</span> <span class='ocrx_word' id='word_1_472' title='bbox 1195 5011 1209 5054; x_wconf 90' lang='lat'><strong>:</strong></span> <span class='ocrx_word' id='word_1_473' title='bbox 1253 4993 1512 5075; x_wconf 91' lang='lat' dir='ltr'>Oportet</span> <span class='ocrx_word' id='word_1_474' title='bbox 1554 5009 1669 5054; x_wconf 91' lang='lat' dir='ltr'>nos</span> <span class='ocrx_word' id='word_1_475' title='bbox 1720 5009 1865 5054; x_wconf 91' lang='lat' dir='ltr'>con·</span> <span class='ocrx_word' id='word_1_476' title='bbox 1987 4992 2252 5053; x_wconf 86' lang='lat' dir='ltr'>virtutes</span> <span class='ocrx_word' id='word_1_477' title='bbox 2311 5009 2452 5072; x_wconf 83' lang='lat' dir='ltr'>quae</span> <span class='ocrx_word' id='word_1_478' title='bbox 2510 4990 2577 5052; x_wconf 89' lang='lat' dir='ltr'>in</span> <span class='ocrx_word' id='word_1_479' title='bbox 2635 4989 3015 5052; x_wconf 89' lang='lat' dir='ltr'>contrariam</span> <span class='ocrx_word' id='word_1_480' title='bbox 3077 4997 3325 5072; x_wconf 87' lang='lat' dir='ltr'>partem</span> <span class='ocrx_word' id='word_1_481' title='bbox 3384 4990 3483 5053; x_wconf 93' lang='lat' dir='ltr'>di-</span> 
     </span>
     <span class='ocr_line' id='line_1_47' title="bbox 386 5087 3486 5173; baseline -0.001 -19"><span class='ocrx_word' id='word_1_482' title='bbox 386 5097 632 5169; x_wconf 84' lang='lat' dir='ltr'>sentire,</span> <span class='ocrx_word' id='word_1_483' title='bbox 655 5093 850 5156; x_wconf 88' lang='lat' dir='ltr'>etiam</span> <span class='ocrx_word' id='word_1_484' title='bbox 879 5093 1164 5156; x_wconf 91' lang='lat' dir='ltr'>nondum</span> <span class='ocrx_word' id='word_1_485' title='bbox 1195 5092 1446 5173; x_wconf 80' lang='lat' dir='ltr'>cognita</span> <span class='ocrx_word' id='word_1_486' title='bbox 1475 5091 1739 5163; x_wconf 87' lang='lat' dir='ltr'>ratione,</span> <span class='ocrx_word' id='word_1_487' title='bbox 1771 5109 1878 5152; x_wconf 89' lang='lat' dir='ltr'>au·</span> <span class='ocrx_word' id='word_1_488' title='bbox 1987 5097 2232 5152; x_wconf 90' lang='lat' dir='ltr'>vertere</span> <span class='ocrx_word' id='word_1_489' title='bbox 2277 5095 2639 5170; x_wconf 84' lang='lat' dir='ltr'>nequeunt3</span> <span class='ocrx_word' id='word_1_490' title='bbox 2679 5106 2759 5150; x_wconf 91' lang='lat' dir='ltr'>an</span> <span class='ocrx_word' id='word_1_491' title='bbox 2803 5087 2887 5149; x_wconf 85' lang='lat' dir='ltr'>sit</span> <span class='ocrx_word' id='word_1_492' title='bbox 2924 5087 3244 5168; x_wconf 90' lang='lat' dir='ltr'>quoddam</span> <span class='ocrx_word' id='word_1_493' title='bbox 3292 5088 3486 5151; x_wconf 91' lang='lat' dir='ltr'>medi-</span> 
     </span>
     <span class='ocr_line' id='line_1_48' title="bbox 389 5183 3485 5271; baseline -0.001 -19"><span class='ocrx_word' id='word_1_494' title='bbox 389 5193 652 5256; x_wconf 82' lang='lat' dir='ltr'>ctoritati</span> <span class='ocrx_word' id='word_1_495' title='bbox 709 5192 986 5264; x_wconf 89' lang='lat' dir='ltr'>Patrum,</span> <span class='ocrx_word' id='word_1_496' title='bbox 1039 5190 1614 5271; x_wconf 87' lang='lat' dir='ltr'>consuetudinique</span> <span class='ocrx_word' id='word_1_497' title='bbox 1677 5188 1870 5269; x_wconf 87' lang='lat' dir='ltr'>majo·</span> <span class='ocrx_word' id='word_1_498' title='bbox 1991 5206 2122 5262; x_wconf 89' lang='lat' dir='ltr'>um,</span> <span class='ocrx_word' id='word_1_499' title='bbox 2174 5188 2345 5269; x_wconf 93' lang='lat' dir='ltr'>quod</span> <span class='ocrx_word' id='word_1_500' title='bbox 2391 5185 2733 5268; x_wconf 90' lang='lat' dir='ltr'>aliquando</span> <span class='ocrx_word' id='word_1_501' title='bbox 2785 5184 3027 5246; x_wconf 87' lang='lat' dir='ltr'>utiliter</span> <span class='ocrx_word' id='word_1_502' title='bbox 3073 5183 3209 5260; x_wconf 86' lang='lat' dir='ltr'>fiat,</span> <span class='ocrx_word' id='word_1_503' title='bbox 3262 5193 3327 5248; x_wconf 90' lang='lat' dir='ltr'>et</span> <span class='ocrx_word' id='word_1_504' title='bbox 3372 5185 3485 5249; x_wconf 87' lang='lat' dir='ltr'>ali-</span> 
     </span>
     <span class='ocr_line' id='line_1_49' title="bbox 393 5282 3485 5372; baseline -0.001 -22"><span class='ocrx_word' id='word_1_505' title='bbox 393 5309 526 5354; x_wconf 84' lang='lat' dir='ltr'>rum</span> <span class='ocrx_word' id='word_1_506' title='bbox 583 5309 787 5372; x_wconf 89' lang='lat' dir='ltr'>usque</span> <span class='ocrx_word' id='word_1_507' title='bbox 837 5290 918 5353; x_wconf 88' lang='lat' dir='ltr'>ad</span> <span class='ocrx_word' id='word_1_508' title='bbox 964 5297 1220 5372; x_wconf 88' lang='lat' dir='ltr'>tempus</span> <span class='ocrx_word' id='word_1_509' title='bbox 1275 5296 1566 5352; x_wconf 89' lang='lat' dir='ltr'>nostrum</span> <span class='ocrx_word' id='word_1_510' title='bbox 1625 5306 1739 5370; x_wconf 90' lang='lat' dir='ltr'>per</span> <span class='ocrx_word' id='word_1_511' title='bbox 1789 5294 1878 5350; x_wconf 90' lang='lat' dir='ltr'>tot</span> <span class='ocrx_word' id='word_1_512' title='bbox 1991 5285 2243 5368; x_wconf 89' lang='lat' dir='ltr'>quando</span> <span class='ocrx_word' id='word_1_513' title='bbox 2286 5286 2422 5348; x_wconf 91' lang='lat' dir='ltr'>sine</span> <span class='ocrx_word' id='word_1_514' title='bbox 2466 5285 2699 5348; x_wconf 89' lang='lat' dir='ltr'>damno</span> <span class='ocrx_word' id='word_1_515' title='bbox 2742 5282 3281 5366; x_wconf 63' lang='lat' dir='ltr'>praetermittatur,</span> <span class='ocrx_word' id='word_1_516' title='bbox 3316 5287 3485 5367; x_wconf 93' lang='lat' dir='ltr'>quod</span> 
     </span>
    </p>
   </div>
   <div class='ocr_carea' id='block_1_7' title="bbox 641 5419 3239 5475">
    <p class='ocr_par' dir='ltr' id='par_1_7' title="bbox 641 5419 3239 5475">
     <span class='ocr_line' id='line_1_50' title="bbox 641 5419 3239 5475; baseline -0.002 0"><span class='ocrx_word' id='word_1_517' title='bbox 641 5423 708 5475; x_wconf 87' lang='grc' dir='ltr'>Τ.</span> <span class='ocrx_word' id='word_1_518' title='bbox 742 5423 823 5475; x_wconf 80' lang='grc'>27.</span> <span class='ocrx_word' id='word_1_519' title='bbox 3178 5419 3239 5470; x_wconf 80' lang='lat'>24</span> 
     </span>
    </p>
   </div>
  </div>
 </body>
</html>
