4359 6267
648 1857 728 1900 1³2.
750 1870 815 1907 m,
838 1861 878 1901 6.

927 468 1045 533 114

1264 710 1768 776 CAPITULUM
1830 713 2080 778 XVIII.

972 860 1261 915 Remedia
1290 860 1513 933 quibus
1539 878 1763 918 vanam
1788 863 2051 935 qloriam
2078 880 2372 936 superare

1505 967 1828 1022 posstmus.

1074 1156 1202 1219 lNC
1233 1157 1465 1221 Christi
1505 1158 1742 1221 athleta
1769 1179 1993 1222 verum
2024 1180 2097 1222 ac
2126 1161 2421 1242 spiritua-

1086 1255 1210 1317 lem
1241 1273 1505 1337 agonem
1539 1258 1805 1338 cupiens
1838 1257 2118 1339 legitime
2150 1260 2422 1321 decerta·

922 1371 1007 1427 re,
1020 1352 1277 1416 festinet
1300 1355 1665 1418 omnimode
1696 1376 1994 1439 superare
2023 1358 2188 1419 hanc
2215 1358 2423 1420 multi-

921 1449 1188 1513 formem
1216 1471 1288 1514 ac
1318 1453 1557 1515 variam
1588 1454 1879 1528 bestiam,
1906 1462 2123 1537 utpote
2151 1455 2418 1536 gloriam

921 1568 1173 1622 vanam,
1206 1569 1347 1631 quae
1388 1569 1467 1612 ex
1510 1552 1685 1614 omni
1739 1561 1915 1634 parte
1964 1553 2151 1615 nobis
2199 1572 2418 1616 occur-

922 1646 1026 1719 rit,
1068 1655 1370 1729 tanquam
1416 1650 1699 1729 nequitia
1744 1650 2174 1713 multiformis.
2219 1653 2416 1725 Quam

925 1745 1275 1825 poterimus
1322 1745 1604 1809 remedio
1650 1748 1761 1809 tali
1804 1749 2092 1822 evadere,
2136 1757 2206 1810 ut
2250 1750 2415 1830 cogi-

1816 496 1894 540 DE
1938 495 2269 542 ms'rrrchs
2313 498 2398 543 SS.
2435 497 2695 543 PATRUM.
2741 517 2822 527 —
2863 500 3038 548 LIBER
3079 501 3144 546 11

2448 664 2501 727 A
2531 673 2670 728 ctus
2715 666 3022 731 laborum.
3067 667 3386 751 Quidquid
3427 669 3598 731 enim
3649 668 3716 731 in
3759 687 4009 732 conver-

2529 764 2770 827 satione
2802 766 3088 828 Fratrum
3129 784 3254 829 non
3287 767 3478 829 habet
3506 785 3623 829 nec
3655 767 3886 849 recipit
3913 776 4011 828 aut

2527 870 2779 924 exercet
2821 864 3180 927 communis
3229 884 3404 938 usuS‚
3446 864 3842 927 declinemus
3889 882 4011 927 om—

2527 960 2682 1023 nino
2725 968 3026 1044 tanquam
3068 962 3386 1043 jactantiae
3425 980 3604 1044 opus.
3641 962 3728 1025 Ea
3767 980 4010 1046 quoque

2528 1059 2806 1123 vitemus
2864 1080 3006 1142 quae
3062 1079 3178 1124 nos
3237 1069 3502 1143 possunt
3562 1061 3728 1124 inter
3780 1068 4010 1124 ceteros

2529 1159 2792 1221 reddere
2835 1159 3167 1234 notabileS,
3212 1167 3276 1221 et
3317 1178 3396 1221 ex
3438 1158 3674 1241 quibus
3725 1158 3862 1221 laus
3907 1160 4011 1221 hu·

2532 1275 2717 1317 mana
2762 1256 3135 1338 acquiritur,
3187 1257 3368 1338 quasi
3428 1256 3545 1319 soli
3595 1256 3746 1318 talia
3794 1256 4008 1318 habea-

2531 1374 2692 1417 mus.
2746 1354 2856 1417 His
2912 1374 3188 1436 namque
3237 1354 3493 1417 indiciis
3554 1354 3738 1416 letale
3789 1353 4008 1416 vulnus

2529 1472 2704 1516 vanae
2740 1453 2957 1534 gloriae
2991 1451 3528 1515 demonstrabitur
3565 1452 3752 1515 nohis
3789 1452 4002 1513 inesse.

2527 1552 2702 1624 Quod
2746 1550 3050 1613 facillime
3094 1549 3446 1632 poterimus
3487 1550 3746 1623 evitare,
3779 1550 3833 1611 si
3873 1568 4010 1611 con—

2527 1650 2879 1712 sideremus
2919 1649 3086 1729 quod
3129 1666 3257 1711 non
3297 1649 3502 1711 solum
3548 1649 3804 1730 penitus
3839 1648 4009 1709 amit-

2526 1755 2734 1809 temus
2791 1746 3038 1807 fructus
3089 1745 3378 1808 laborum
3432 1764 3868 1827 quoscumque
3923 1744 4006 1806 fe-

922 1850 1127 1905 tantes
1156 1843 1523 1906 Davidicum
1550 1844 1707 1906 illud
1740 1845 2089 1926 eloquium,
2109 1847 2415 1909 Dominus
2447 1850 2493 1911 B
2526 1845 2801 1908 cerimus
2846 1844 3170 1926 proposito
3211 1844 3425 1926 gloriae
3463 1863 3663 1917 vanae,
3696 1844 3807 1906 sed
3847 1845 4006 1924 quod

922 1939 1254 2023 dissipavit
1284 1960 1427 2005 ossa
1464 1962 1683 2005 eorum
1724 1945 1834 2025 qui
1876 1944 2248 2008 hominihus
2288 1946 2416 2027 pla-

922 2047 1087 2114 cent,
1121 2039 1283 2101 nihil
1324 2060 1583 2122 agamus
1622 2060 1770 2104 cum
1815 2043 2140 2124 proposito
2180 2044 2416 2106 vanita-

919 2137 1023 2210 tis,
1074 2145 1184 2199 aut
1243 2138 1477 2200 intuitu
1526 2159 1705 2202 vanae
1762 2140 1979 2221 gloriae
2037 2142 2411 2223 capiendae3

920 2235 1149 2297 deinde
1198 2254 1272 2298 ea
1319 2256 1459 2318 quae
1516 2237 1686 2300 bono
1744 2239 1927 2301 initio
1985 2238 2258 2301 facimus
2305 2248 2415 2302 aut

918 2332 1200 2395 virtuose
1244 2334 1612 2415 incipimuS,
1649 2336 1931 2398 nitamur
1970 2336 2412 2399 observatione

921 2432 1117 2493 simili
1160 2431 1477 2495 custodire
1516 2452 1589 2495 ac
1625 2434 1922 2515 prosequi
1954 2442 2125 2496 recta
2155 2434 2411 2497 intenti-

920 2547 1063 2603 one,
1107 2549 1186 2592 ne
1230 2530 1599 2594 immiscens
1644 2550 1710 2594 se
1752 2532 2012 2595 morbus
2057 2534 2274 2614 gloriae
2311 2552 2412 2595 va-

921 2646 1038 2700 nae,
1082 2636 1347 2690 evacuet
1392 2630 1835 2692 universorum
1884 2636 2247 2693 nostrorum
2291 2629 2414 2692 fru-

2525 1945 2716 2007 etiam
2764 1963 2878 2026 per
2926 1944 3046 2008 hoc
3095 1943 3422 2006 efficimur
3470 1944 3682 2025 magni
3729 1943 4006 2005 criminis

2526 2042 2639 2115 rei,
2673 2048 2736 2103 et
2766 2051 3066 2123 tanquam
3108 2041 3396 2122 sacrilegi
3429 2049 3665 2104 aeterna
3703 2040 4008 2123 supplicia

2524 2139 2650 2202 cito
2699 2159 2921 2203 sumus
2980 2140 3229 2222 passuri
3282 2157 3296 2201 ε
3349 2146 3568 2221 utpote
3616 2138 3727 2221 qui
3777 2140 3854 2200 ad
3900 2139 4005 2201 Dei

2525 2238 2826 2319 injuriam
2872 2238 3170 2299 volumus
3221 2254 3433 2319 opera,
3477 2236 3588 2299 Dei
3640 2236 3874 2299 intuitu
3921 2236 4006 2297 sa—

2523 2338 2767 2412 cienda,
2809 2356 3104 2399 exercere
3149 2336 3360 2419 potius
3406 2336 3608 2417 gratia
3654 2336 4002 2409 hominum,

2521 2454 2636 2517 per
2673 2437 2844 2517 quod
2885 2434 3330 2497 convincimur
3365 2434 3446 2497 ab
3479 2451 3555 2496 eo
3593 2435 3706 2514 qui
3747 2441 4004 2496 secreto-

2522 2553 2664 2612 rum
2703 2541 2800 2595 est
2839 2533 3153 2607 consciuS,
3188 2531 3485 2614 praeferre
3524 2532 3818 2594 homines
3861 2532 4000 2604 Deo,

2519 2638 2583 2693 et
2622 2631 2890 2713 gloriam
2935 2632 3157 2693 mundi
3199 2630 3416 2712 gloriae
3457 2629 3732 2692 Domini.
