4359 6267
1017 537 1434 585 COLLATIONUM
1476 538 1562 583 SS.
1597 537 1840 582 PATRUM
1883 535 2058 580 1.le
2097 536 2137 580 1.
2182 553 2265 562 —
2306 533 2593 580 COLLATlo
2634 534 2718 580 vll

3304 506 3417 572 221

115 721 314 772 nume.
339 714 601 768 vertetur
639 707 817 772 dolor
854 709 994 790 ejus
1040 709 1104 770 in
1146 717 1339 790 caput
1379 709 1553 790 ejus;
1585 713 1670 780 et,
1702 707 1816 769 Ve-
1845 704 1898 768 A
1931 705 2327 779 insidiantes,
2375 723 2841 787 consequemur
2885 724 2962 766 ex
3010 702 3104 766 eis
3152 718 3279 763 non
3328 718 3423 763 so-

131 1897 184 1938 I's.
195 1912 248 1943 ni.
263 1903 294 1941 l.

137 2095 190 2136 Ρι.
203 2109 312 2147 um,

125 2159 166 2200 ts.
181 2161 229 2199 25.

339 805 456 866 niat
484 805 576 868 illi
607 806 872 890 laqueus
901 825 1094 890 quem
1129 807 1396 888 ignorat,
1429 815 1586 884 etc.;
1618 823 1812 887 quem

338 904 616 986 laqueum
667 914 846 987 parat
896 905 1266 968 hominibus
1315 906 1394 967 ad
1435 903 1806 967 fallendum.

335 1002 542 1064 Dolent
577 1021 726 1084 ergo
765 1012 829 1066 et
868 1005 990 1086 ipsi
1031 1021 1158 1066 non
1203 1004 1416 1067 minus
1460 1020 1652 1085 quam
1696 1019 1810 1064 nos

333 1101 567 1182 quando
597 1102 964 1176 vincuntur,
987 1109 1050 1164 et
1079 1102 1244 1164 sicut
1274 1102 1521 1165 elidunt
1551 1118 1688 1175 nos,
1717 1100 1810 1162 sic

331 1198 636 1262 eliduntur
675 1220 714 1262 a
751 1200 959 1276 nobis,
1000 1208 1064 1263 et
1103 1199 1258 1263 victi
1307 1217 1436 1262 non
1485 1199 1622 1262 sinc
1667 1216 1813 1261 con-

331 1296 565 1364 fusione
606 1299 960 1362 discedunt.

377 1396 694 1460 -Praeterea
753 1397 862 1460 ille
912 1398 1022 1480 qui
1083 1415 1269 1461 sanos
1320 1397 1543 1460 habuit
1591 1396 1809 1459 oculos

333 1493 546 1569 cordis,
587 1494 812 1557 videns
859 1495 972 1558 has
1021 1495 1238 1558 ruinas
1287 1502 1351 1558 et
1400 1513 1666 1577 pugnaS,
1719 1493 1811 1557 in-

331 1599 628 1673 tuensque
667 1594 838 1674 quod
878 1594 1196 1656 daemones
1227 1594 1304 1656 de
1335 1593 1671 1656 hominum
1712 1611 1810 1654 ca-

335 1709 400 1750 su
425 1690 656 1771 jugiter
686 1692 1021 1772 gaudeant,
1055 1699 1118 1754 et
1149 1691 1500 1754 formidans
1529 1710 1610 1752 ne
1639 1698 1703 1752 et
1734 1691 1810 1753 de

336 1807 438 1849 sua
476 1790 658 1851 ruina
697 1789 1040 1871 aliquando
1082 1789 1524 1870 gloriarentur,
1557 1789 1757 1853 oravit
1791 1808 1804 1852 ε

1929 804 2060 866 lum
2122 804 2365 866 nullam
2424 804 2913 868 aedificationem
2973 800 3291 883 patientiae
3346 817 3421 861 ac

1927 903 2241 978 mititatiS,
2268 903 2378 964 sed
2407 901 2713 965 affectum
2744 899 3016 975 duritiae,
3044 896 3419 981 perfectioni

1924 1002 2307 1083 evangelicae
2355 1001 2763 1064 contrarium.
2818 998 3201 1063 Docebimur
3246 995 3419 1060 enim

1924 1118 2052 1163 non
2087 1100 2295 1163 solum
2337 1117 2463 1162 non
2504 1117 2682 1162 orare
2722 1117 2837 1182 pro
2868 1096 3149 1160 inimicis
3186 1095 3420 1158 nostris

1925 1217 2042 1260 nec
2091 1199 2355 1280 diligere
2404 1216 2534 1273 θος,
2577 1198 2688 1260 sed
2730 1197 2921 1259 etiam
2966 1213 3073 1259 eos
3125 1194 3421 1276 implaca-

1925 1297 2141 1360 biliter
2170 1297 2492 1371 detestari,
2526 1296 2725 1370 odire,
2760 1293 3160 1368 maledicere,
3184 1299 3247 1354 et
3276 1308 3422 1354 con-

1923 1404 2020 1458 tra
2063 1413 2171 1458 eos
2221 1413 2419 1458 orare.
2465 1394 2586 1459 Sed
2633 1395 2907 1477 impium
2956 1400 3053 1456 est
3092 1410 3165 1454 ac
3212 1389 3420 1473 profa-

1926 1515 2081 1558 num
2123 1502 2345 1577 putare
2376 1494 2547 1576 quod
2576 1493 2697 1556 viri
2738 1492 2941 1555 sancti
2978 1498 3041 1554 et
3077 1489 3269 1553 amici
3307 1489 3419 1552 Dei

1925 1593 2034 1655 tali
2087 1593 2319 1674 spiritu
2368 1593 2497 1654 sint
2544 1591 2664 1654 ista
2721 1589 2940 1664 locuti,
2990 1587 3225 1670 quibus
3274 1594 3420 1649 ante

1926 1690 2157 1755 Christi
2198 1692 2541 1754 adventum
2593 1690 2832 1753 idcirco
2869 1705 2997 1751 non
3036 1695 3133 1750 est
3170 1686 3271 1749 lex
3312 1703 3421 1768 po-

1925 1791 2066 1864 sita,
2101 1789 2402 1872 quoniam
2445 1788 2959 1851 transcendentes
3006 1786 3299 1848 mandata
3334 1784 3421 1846 le-

335 1885 636 1960 Illumina,
688 1888 975 1960 Domine,
1027 1888 1244 1950 oculos
1304 1906 1501 1961 meoe,
1563 1907 1642 1950 ne
1701 1907 1813 1949 un·
1848 1888 2044 1969 BgiS,
2099 1888 2459 1950 maluerunt
2516 1885 2898 1967 evangelicis
2954 1883 3214 1947 obedire
3264 1901 3421 1964 prae-

335 2004 510 2066 quam
563 1985 954 2048 obdormiam
1005 1987 1073 2048 in
1117 1993 1341 2060 morte,
1373 1994 1532 2064 etc.;
1571 1993 1635 2048 et
1678 2004 1813 2046 rur-

336 2103 432 2145 sus
463 2101 478 2145 :
509 2084 674 2146 Deus
720 2103 923 2158 meuS,
957 2103 1038 2147 ne
1078 2085 1585 2167 supergaudeant
1629 2084 1810 2158 mihi,

337 2201 406 2243 ne
433 2182 638 2245 dicant
667 2182 734 2245 in
766 2183 1066 2246 cordibus
1095 2183 1252 2258 suiS,
1276 2182 1470 2263 Euge,
1495 2201 1656 2264 euge
1684 2184 1814 2245 ani-

223 2306 242 2332 ι
339 2299 462 2354 mae,
492 2289 607 2343 etc.
643 2281 987 2344 insidiatur
1024 2282 1199 2343 enim
1241 2281 1307 2344 in
1341 2281 1614 2355 occulto,
1648 2281 1815 2344 sicut

119 2365 178 2394 nt.
191 2322 291 2397 ‘fletu'-
301 2325 312 2342 '

137 2684 190 2726 Pe.
203 2699 312 2737 mix,

121 2977 173 3018 Jn·
181 2986 308 3030 mals.

338 2377 424 2440 leo
465 2379 527 2440 in
572 2379 878 2461 spelunca
917 2399 1050 2441 sua.
1096 2379 1302 2454 Quum
1342 2397 1494 2442 vero
1536 2397 1661 2442 non
1708 2397 1814 2462 po-

336 2477 555 2538 tuerint
585 2495 697 2540 nos
739 2497 888 2539 cum
928 2478 1101 2540 omni
1143 2496 1259 2540 suo
1299 2485 1528 2540 conatu
1568 2477 1816 2560 decipe-

337 2593 414 2648 re,
436 2574 816 2638 erubescunt
846 2576 924 2637 de
955 2577 1304 2638 cassatione
1336 2577 1436 2638 sui
1469 2575 1725 2650 laboriS,
1751 2584 1814 2638 et

337 2671 621 2754 impletur
668 2674 732 2738 in
771 2673 866 2736 eis
907 2674 1076 2756 quod
1125 2675 1436 2756 scriptum
1478 2681 1575 2736 est
1608 2693 1622 2737 :
1660 2673 1814 2737 Con-

337 2768 664 2832 fundantur
691 2779 754 2834 et
784 2771 1165 2834 erubescant
1201 2773 1312 2853 qui
1354 2780 1648 2854 quaerunt
1685 2771 1816 2833 ani-

339 2888 488 2931 mam
541 2889 768 2944 mcam,
813 2877 933 2932 etc.
987 2870 1297 2952 Propheta
1344 2888 1599 2952 quoque
1645 2872 1811 2933 Jere-

336 2968 478 3030 mias
521 2987 538 3031 t
579 2968 1081 3042 Confundantur‚
1135 2969 1365 3050 inquit,
1416 2969 1530 3043 illi,
1573 2977 1634 3030 et
1682 2987 1810 3032 nou

1926 1987 2150 2069 ceptiS,
2219 1994 2281 2048 et
2351 1985 2811 2068 praevenientes
2878 1981 3418 2065 dispensationem

1924 2083 2253 2166 temporis,
2296 2084 2520 2147 intenti
2569 2082 2828 2145 fuerunt
2876 2079 3237 2163 apostolicas
3280 2097 3420 2162 per-

1925 2182 2209 2246 fectioni.

2282 2426 2787 2491 CAPITULUM
2847 2426 3068 2490 XXII.

1997 2585 2168 2653 Quod
2197 2584 2476 2640 tentandi
2502 2583 2769 2654 facultas
2797 2600 2919 2640 non
2946 2584 3029 2638 sit
3056 2582 3349 2640 collocata

2366 2674 2436 2728 in
2462 2688 2667 2729 eorum
2693 2672 2982 2729 arbitrio.

2055 2871 2426 2935 XEMPLUM
2475 2889 2728 2952 quoque
2775 2870 2939 2933 beati
2988 2869 3103 2933 Job
3153 2869 3417 2932 manife-

2074 2981 2171 3034 sta
2202 2971 2443 3033 ratione
2474 2970 2879 3044 demonstrat,
2902 2968 3071 3050 quod
3100 2969 3418 3031 daemones

333 3065 667 3129 confundar
713 3084 851 3148 ego,
893 3074 1038 3141 etc„
1084 3075 1147 3129 et
1194 3067 1434 3149 duplici
1489 3067 1810 3130 contritio-
1847 3069 1890 3132 C
1923 3089 2048 3134 non
2096 3069 2371 3133 habeant
2412 3075 2788 3150 potestatem
2834 3066 3099 3129 liberam
3151 3066 3417 3129 laedcndi

333 3184 401 3227 nc
439 3173 688 3230 contere
731 3182 858 3228 eos.
902 3165 1074 3228 Nulli
1118 3165 1358 3248 quippe
1401 3173 1498 3227 est
1538 3166 1808 3228 dubium

331 3264 471 3344 quin
501 3264 739 3347 duplici
773 3263 1154 3327 contritione
1183 3270 1810 3347 conterantur‚quan-

330 3362 400 3423 do
441 3381 477 3424 a
522 3362 701 3425 nobis
761 3361 1000 3423 fuerint
1059 3361 1339 3443 superati
1394 3379 1408 3424 :
1462 3362 1671 3443 primo
1728 3364 1805 3425 de

331 3459 455 3534 hoc,
501 3461 664 3542 quod
718 3479 918 3542 quum
967 3459 1259 3522 homines
1310 3477 1426 3541 pro
1475 3460 1806 3524 sanctitate

331 3555 616 3632 laborant,
667 3557 794 3640 ipsi
853 3558 1252 3620 sanctitatem
1309 3557 1615 3620 habentes
1664 3577 1804 3641 per-

330 3655 606 3718 diderunt
655 3655 970 3730 eamdem,
1011 3664 1074 3718 et
1119 3675 1310 3718 causa
1358 3656 1618 3718 fuerunt
1667 3676 1808 3738 per-

331 3752 570 3816 ditionis
620 3754 949 3833 humanae3
993 3753 1272 3816 secundo
1324 3753 1402 3815 de
1451 3754 1594 3829 hoc,
1637 3755 1806 3836 quod

332 3869 514 3930 quum
552 3851 680 3912 sint
720 3851 1084 3932 spirituales
1127 3850 1518 3926 substantiae,
1553 3870 1589 3913 a
1617 3859 1808 3916 terre-

331 3948 422 4009 nis
465 3957 526 4011 et
573 3949 906 4030 fragilibus
963 3949 1326 4011 vincuntur.
1379 3950 1554 4013 Unde
1613 3970 1805 4013 unus-

334 4046 586 4129 quisque
652 4055 1016 4110 sanctorum
1085 4047 1339 4110 intuens
1408 4048 1622 4111 ruinas
1693 4049 1806 4112 has

337 4143 596 4208 hostium
658 4146 1116 4228 propriumque
1176 4146 1597 4228 triumphum,
1658 4166 1805 4209 cum

1919 3169 2201 3251 aliquem
2260 3166 2613 3240 hominem,
2675 3165 2825 3247 quia
2881 3164 3170 3228 diabolus
3224 3183 3417 3226 ausus

1918 3285 2042 3329 non
2077 3267 2202 3329 fuit
2232 3272 2475 3327 tentare
2506 3262 2760 3326 beatum
2786 3262 2901 3325 Job
2928 3262 3199 3345 amplius
3230 3281 3420 3344 quam

1918 3368 2084 3430 Deus
2132 3365 2191 3427 ei
2238 3363 2569 3426 concessit.
2616 3361 2941 3425 Confessio
2987 3378 3242 3443 quoque
3291 3361 3417 3442 spi-

1916 3464 2160 3526 rituum
2222 3461 2701 3525 immundorum
2756 3461 2821 3522 in
2872 3459 3212 3540 Evangelio
3259 3459 3417 3522 reci-

1918 3569 2043 3624 tata
2091 3562 2212 3623 hoc
2263 3560 2505 3643 pandit,
2548 3579 2747 3641 quum
2798 3559 3019 3620 dicunt
3062 3575 3076 3618 :
3120 3557 3183 3620 Si
3233 3557 3416 3638 ejicis
3444 3568 3709 3622 Muscam,

1917 3677 2054 3734 ῐιοε,
2093 3659 2273 3721 mitte
2305 3675 2420 3720 nos
2454 3657 2519 3720 in
2551 3675 2806 3738 gregem
2837 3673 3196 3738 porcorum.
3222 3656 3416 3718 Multo
3446 3637 3513 3678 ³¹·

1919 3758 2117 3839 magis
2151 3773 2301 3838 ergo
2333 3755 2627 3822 credendi
2673 3762 2822 3816 sunt
2852 3771 2978 3816 non
3021 3771 3205 3836 posse
3237 3753 3418 3835 juxta

1916 3875 2104 3919 suum
2146 3854 2484 3918 arbitrium
2532 3853 2793 3916 introire
2834 3853 2898 3915 in
2939 3852 3267 3915 hominem
3309 3853 3419 3914 ali-

1917 3974 2109 4038 quem
2149 3956 2228 4017 ad
2271 3953 2615 4034 imaginem
2655 3951 2765 4014 Dei
2799 3958 3105 4026 creatum,
3138 3951 3249 4032 qui
3288 3968 3415 4013 non

1918 4055 2278 4117 habuerunt
2341 4058 2717 4134 potestatem
2781 4049 3057 4111 intrandi
3116 4049 3417 4111 animalia

1917 4153 2105 4215 bruta
2142 4170 2216 4213 ac
2260 4149 2531 4223 sordida,
2574 4148 2814 4230 absque
2854 4147 3086 4212 Christi
3128 4148 3400 4210 licentia.

187 4271 256 4305 xm.
303 4245 546 4322 ‚gaudio
585 4245 812 4306 clamat
846 4261 860 4305 ε
893 4244 1239 4326 Persequar
1280 4245 1572 4308 inimicos
1607 4264 1802 4320 meOS,
1835 4251 1887 4314 D
1917 4253 2050 4313 Imo
2082 4250 2133 4312 si
2168 4250 2233 4311 in
2270 4247 2664 4311 daemonibus
2695 4254 2862 4310 esset
2888 4246 3145 4309 libertas
3176 4253 3416 4309 tentan-

129 4841 228 4888 Muci.
242 4855 303 4898 ηπ

337 4350 391 4402 et
427 4343 956 4424 comprehendam
1004 4343 1168 4416 illos,
1210 4351 1330 4405 etc.
1376 4343 1604 4407 Contra
1647 4363 1806 4427 quos

305 4449 458 4509 ,orat
492 4441 680 4504 etiam
725 4442 895 4503 idem
937 4441 1247 4524 Propheta
1281 4461 1294 4504 :
1326 4443 1566 4518 Judica,
1600 4444 1808 4506 Domi-

339 4558 430 4609 ne,
467 4548 760 4603 nocentes
810 4558 934 4613 me,
976 4547 1096 4602 etc.
1132 4540 1296 4613 Quos
1344 4561 1544 4623 quum
1587 4542 1810 4604 viceri-

341 4655 487 4711 muS,
527 4639 856 4700 exstinctis
897 4647 962 4717 et
1003 4637 1362 4701 reformatis
1403 4640 1807 4720 passionibus
1861 4651 1872 4660 '

341 4737 654 4809 universi3‚
699 4736 1091 4800 merebimur
1129 4737 1303 4799 illam
1343 4737 1808 4802 benedictionis

287 4850 540 4896 ..vocem
568 4835 786 4897 audire
821 4854 835 4899 ε
871 4835 1195 4898 Exaltetur
1225 4855 1450 4899 manus
1481 4843 1589 4898 tua
1618 4857 1811 4920 super

343 4929 532 4994 hostes
563 4940 802 5008 tuOS,et
827 4950 1050 4996 omnes
1082 4932 1328 4996 inimici
1360 4934 1452 4996 tui
1486 4935 1806 5016 peribunt.

410 5030 662 5113 lnsuper
703 5032 825 5094 nisi
883 5033 1018 5095 haec
1070 5033 1284 5096 omnia
1332 5040 1522 5116 atque
1577 5034 1816 5098 similia

342 5147 466 5209 quae
505 5129 568 5190 in
608 5130 952 5212 Scripturis
996 5131 1232 5194 sanctis
1273 5132 1542 5214 legimus
1578 5140 1642 5194 et
1675 5153 1818 5196 can-

345 5235 556 5302 tamus,
616 5228 854 5311 scripta
911 5248 1050 5292 csse
1112 5229 1540 5311 intelligamus
1602 5240 1820 5295 contra

349 5324 487 5388 istos
526 5326 877 5390 invisibiles
917 5327 1130 5390 hostes
1170 5329 1274 5391 die
1303 5348 1375 5392 ac
1417 5336 1600 5392 nocte
1637 5330 1820 5393 nobis

1917 4350 1980 4412 di
2027 4354 2138 4410 aut
2177 4347 2444 4409 facultas
2492 4345 2763 4407 nocendi
2800 4344 2981 4426 juxta
3022 4344 3415 4407 voluntatem

1917 4444 2388 4520 eorum,nullus
2423 4443 2937 4506 circumvallatus
2968 4444 3159 4507 tantis
3190 4443 3415 4506 talium

1918 4545 2198 4609 hostium
2230 4541 2481 4614 turmis,
2515 4548 2728 4623 posset
2758 4541 2823 4604 in
2852 4559 3066 4605 eremo
3097 4543 3416 4606 solitarius

1920 4644 2205 4708 habitare
2251 4659 2264 4704 :
2309 4640 2547 4714 nulluS,
2598 4640 2881 4722 inquam,
2929 4659 3055 4704 non
3102 4640 3415 4724 juvenum

1920 4750 2188 4814 tantum,
2222 4756 2380 4821 quos
2421 4738 2712 4800 videmus
2754 4737 2817 4799 in
2858 4756 3071 4801 eremo
3110 4740 3229 4802 hac
3272 4758 3419 4803 con-

1920 4839 2307 4904 stantissime
2358 4837 2666 4910 habitare,
2711 4837 2822 4898 sed
2870 4856 2987 4899 nec
3036 4838 3228 4900 etiam
3280 4859 3417 4922 per-

1920 4939 2253 5002 fectorum.
2290 4937 2464 5010 Quod
2494 4936 2685 4998 etiam
2727 4929 3063 4998 Salvatoris
3103 4939 3415 5000 sententia

1924 5037 2198 5111 roborat,
2262 5054 2455 5118 quam
2517 5053 2593 5096 ex
2655 5032 3013 5096 humilitate
3074 5043 3413 5118 assumptae

1924 5133 2339 5200 humanitatis
2375 5133 2657 5215 protulit,
2682 5132 2900 5194 dicens
2935 5149 2949 5194 :
2981 5131 3118 5194 Non
3148 5132 3414 5197 haberes
3442 5154 3707 5262 sfwn'm'

1929 5235 1996 5296 in
2044 5252 2143 5295 me
2186 5237 2559 5315 potestatem
2600 5229 2818 5305 ullam,
2851 5230 2976 5292 nisi
3016 5231 3233 5292 datum
3264 5230 3417 5294 fuis-

1933 5340 2030 5394 set
2072 5331 2191 5392 tibi
2235 5331 2525 5412 desuper.
