4359 6267
1226 926 1861 1064 LIBRI
2015 927 2674 1065 PRIMI

374 1306 2015 1473 COLLATIONUM
2164 1308 2442 1471 SS.
2543 1310 3520 1476 PATRUM

1349 1712 2547 1836 TRANSLATIO

1490 2506 2403 2619 PROLOGUS

660 3024 813 3087 libri
854 3026 931 3087 de
971 3025 1283 3089 Institutis
1325 3025 1763 3089 coenobiorum
1793 3032 1856 3085 et
1888 3022 2186 3085 remediis
2226 3032 2368 3086 octo
2409 3024 2863 3106 principalium
2893 3026 3195 3088 vitiorum
3224 3028 3322 3107 (in
3364 3046 3490 3109 quo

659 3131 846 3207 libro,
879 3132 1219 3213 adjuvante
1260 3132 1549 3206 Domin0‚
1584 3134 1661 3195 de
1695 3131 1804 3193 illa
1842 3132 2104 3193 materia
2144 3132 2388 3194 dictum
2420 3140 2517 3195 est
2547 3133 2613 3194 in
2648 3133 3024 3214 partialibus
3066 3134 3300 3198 libellis
3341 3138 3494 3199 duo-

394 3237 627 3312 decim,
670 3248 858 3320 prout
899 3239 1175 3301 tenuitas
1219 3238 1419 3301 nostri
1463 3239 1703 3320 ingenii
1754 3239 2045 3320 poterat),
2086 3240 2230 3315 hoc,
2275 3238 2558 3321 inquam,
2601 3239 2889 3301 debitum
2938 3260 3052 3303 seu
3099 3242 3490 3323 promissum

394 3344 652 3406 videant
688 3352 751 3405 et
791 3345 1188 3427 perpendant
1226 3344 1337 3426 qui
1377 3344 1622 3419 volunt,
1656 3344 1811 3426 quid
1851 3345 2023 3407 circa
2062 3344 2217 3407 illud
2255 3345 2674 3428 ponderatum
2714 3346 2799 3407 sit
2837 3363 3019 3428 {equo
3055 3347 3347 3410 examine
3385 3359 3497 3411 aut

388 3449 565 3530 justa
601 3449 996 3514 discussione
1029 3452 1300 3515 Castoris
1342 3452 1515 3514 illius
1554 3460 1665 3515 aut
1703 3452 1904 3515 nostri
1938 3470 1953 3515 ε
1986 3472 2066 3515 an
2106 3453 2352 3515 scilicet
2390 3453 2656 3533 dignum
2699 3452 2940 3534 aliquid
2986 3454 3363 3536 scripsimus
3401 3456 3495 3519 ibi

391 3565 607 3619 vestra
643 3558 1061 3621 aestimatione
1089 3560 1510 3641 omniumque
1549 3568 1913 3623 sanctorum
1944 3561 2234 3622 Fratrum
2273 3559 2635 3634 affectione,
2671 3560 2737 3621 in
2769 3560 2958 3622 rebus
2998 3569 3128 3623 tam
3167 3563 3382 3626 arduis
3422 3583 3495 3627 ac

392 3663 753 3745 profundiS,
797 3664 875 3726 de
921 3663 1159 3745 quibus
1207 3665 1307 3745 (ut
1352 3665 1653 3747 arbitror)
1700 3683 1827 3729 non
1878 3674 2025 3729 sunt
2074 3666 2222 3727 libri
2272 3673 2418 3729 ante
2466 3685 2580 3730 nos
2630 3667 2803 3728 editi.
2855 3666 3036 3729 Nunc
3083 3676 3297 3731 autem
3346 3670 3495 3751 quia

391 3770 697 3853 praefatus
744 3772 1085 3855 episcopus
1144 3790 1259 3835 nos
1318 3774 1687 3856 relinquens
1736 3774 2031 3854 migravit
2076 3774 2155 3835 ad
2206 3774 2552 3849 Christum,
2607 3776 2859 3837 decrevi
2907 3775 3090 3837 vobis
3149 3778 3491 3859 praecipue,

392 3898 432 3942 ο
464 3878 831 3941 beatissime
862 3882 1093 3961 praesul
1134 3879 1354 3943 Leonti
1400 3888 1588 3962 atque
1628 3880 2029 3943 sanctissime
2072 3880 2267 3942 frater
2305 3881 2570 3955 Helladi,
2605 3882 3062 3945 consecrandas
3109 3902 3221 3945 seu
3260 3885 3494 3948 descri-

392 3988 637 4051 bendas
666 4007 739 4050 ac
770 3986 1131 4050 offerendas
1170 4006 1309 4050 esse
1340 3987 1452 4049 has
1482 3987 1702 4050 decem
1735 3988 2102 4051 collationes
2144 4008 2544 4052 summorum
2583 3990 2862 4064 Patrum,
2898 3999 3119 4074 utpote
3158 3994 3495 4056 anachore-

388 4104 606 4157 tarum
652 4096 763 4177 qui
812 4096 881 4157 in
928 4112 1143 4157 eremo
1196 4095 1413 4177 Scythi
1474 4096 1882 4158 morabantur
1928 4114 1942 4158 z
1994 4115 2151 4177 quas
2202 4097 2416 4159 Castor
2466 4098 2950 4178 incomparabili
3007 4102 3234 4163 ardens
3283 4102 3495 4165 studio

390 4202 771 4277 sanctitatis,
802 4202 1078 4284 jusserat
1108 4201 1232 4263 sibi
1263 4201 1461 4265 simili
1491 4202 1765 4264 describi
1807 4220 2120 4276 sermone,
2155 4221 2282 4266 non
2314 4204 2644 4266 attendens
2673 4222 2752 4267 ex
2781 4206 3184 4269 vehementia
3216 4207 3494 4270 caritatis

390 4316 634 4392 quanto
682 4309 963 4392 pondere
1011 4316 1255 4371 nostras
1306 4308 1599 4370 infirmas
1647 4316 2066 4391 praegravaret
2114 4309 2412 4372 cerviceS.
2469 4310 2721 4373 Etenim
2776 4312 2934 4375 alter
2981 4323 3287 4389 vestrum,
3341 4322 3494 4396 puta

386 4416 717 4491 LeontiuS,
753 4424 1099 4479 memorato
1140 4416 1379 4479 Castori
1426 4416 1805 4497 conjunctus
1848 4417 2284 4498 germanitatis
2327 4417 2566 4479 affectu
2596 4437 2669 4480 ac
2699 4421 3031 4484 sacerdotii
3071 4421 3398 4502 dignitate,
3432 4431 3495 4484 et

386 4525 593 4606 (quod
622 4524 723 4587 his
754 4524 963 4605 majus
992 4524 1115 4604 est)
1146 4524 1340 4585 studii
1370 4524 1571 4585 sancti
1602 4522 1871 4597 fervore,
1906 4524 2190 4605 deposcit
2219 4543 2256 4586 a
2289 4542 2390 4585 me
2422 4524 2802 4589 hereditario
2829 4527 2973 4607 jure
3001 4528 3292 4591 debitum
3323 4530 3494 4611 quod

390 4633 574 4695 fratri
614 4632 755 4713 ejus
796 4632 1080 4713 promisi.
1115 4632 1310 4706 Alter,
1345 4639 1499 4714 puta
1536 4632 1879 4705 HelladiuS,
1911 4649 2242 4711 aggressus
2282 4639 2378 4694 est
2417 4633 2597 4713 sequi
2639 4634 2930 4697 instituta
2971 4639 3493 4701 anachoretarum

388 4740 719 4813 sublimia,
764 4758 893 4803 non
940 4740 1199 4821 propria
1248 4740 1763 4822 praesumptione,
1808 4746 1876 4801 ut
1922 4739 2206 4821 quidam,
2248 4741 2357 4803 sed
2408 4751 2783 4822 suggerente
2833 4744 3070 4825 Spiritu
3121 4746 3391 4825 Sancto;
3433 4754 3494 4807 et

386 4847 879 4930 apprehendens
910 4847 1259 4928 legitimam
1284 4848 1453 4909 viam
1485 4847 1785 4911 doctrinae
1815 4866 1994 4929 paene
2025 4848 2398 4930 priusquam
2432 4868 2573 4911 eam
2603 4850 2973 4925 addisceret,
3001 4852 3226 4914 maluit
3255 4853 3493 4915 erudiri

386 4956 919 5019 anachoretarum
960 4956 1214 5018 illorum
1246 4955 1713 5029 traditionibus,
1749 4955 1949 5035 magis
1982 4973 2172 5037 quam
2213 4956 2774 5020 adinventionibus
2816 4960 3110 5041 propriis.
3146 4961 3214 5022 In
3254 4961 3492 5043 quibus

389 5064 835 5127 describendis
891 5082 1063 5125 nunc
1110 5063 1393 5146 aperitur
1440 5062 1699 5145 pelagus
1759 5062 2088 5124 infinitum
2138 5064 2297 5124 mihi
2352 5063 2417 5124 in
2468 5073 2654 5146 portu
2715 5065 2952 5128 silentii
3004 5068 3367 5139 constituto,
3423 5076 3491 5129 ut

388 5172 642 5235 scilicet
671 5171 939 5233 audeam
978 5170 1223 5252 aliquid
1256 5170 1497 5231 tradere
1530 5169 1853 5231 memoriae
1894 5170 2248 5232 litterarum
2281 5189 2392 5232 seu
2430 5170 2708 5234 scribere
2739 5173 2816 5234 de
2851 5172 3158 5234 institutis
3199 5191 3271 5235 ac
3302 5173 3491 5235 docu-

390 5280 629 5343 mentis
680 5287 997 5343 tantorum
1046 5278 1329 5341 virorum
1382 5296 1397 5341 :
1451 5277 1601 5359 quia
1649 5277 1979 5358 ingenium
2038 5295 2254 5339 meum
2311 5278 2654 5359 agitabitur
2701 5279 3004 5362 periculis
3065 5280 3487 5361 navigationis

396 2913 967 3187 DEBITUM
1011 2919 1182 2999 quod
1232 2917 1501 2999 promisi
1545 2916 1782 2981 Castori
1830 2916 2198 2978 beatissimo
2247 2917 2503 2997 praesuli
2549 2917 2614 2979 in
2664 2918 3030 2999 praefatione
3077 2939 3188 2982 seu
3231 2920 3493 3003 prologo
