4359 6267
1350 500 1428 545 nn
1471 498 1800 545 ms'rrruris
1841 498 1926 543 ss.
1960 498 2221 543 ramum.
2268 514 2349 525 —
2388 498 2564 544 uana
2605 499 2643 542 v
3460 482 3543 547 69

435 668 508 729 in
549 686 626 731 eo
663 687 782 751 per
819 675 1022 731 totum
1065 687 1304 731 annum
1348 667 1574 729 diebus
1617 668 1940 730 noctibus·
1967 667 2017 729 A
2048 666 2384 729 confestim
2429 667 2641 730 attulit
2684 667 2964 730 Simeoni
3008 686 3134 731 non
3184 668 3391 731 solum
3438 689 3545 732 ne-

431 785 568 848 que
615 767 954 840 desudans,
998 765 1289 828 debitum
1340 766 1497 828 illud
1550 766 1762 827 labore
1803 782 1940 827 ma-

433 884 644 927 nuum
703 873 1115 946 procuratum
1175 865 1500 946 persolvit,
1553 872 1617 926 et
1673 872 1938 926 matrem

431 982 624 1025 suam
654 963 734 1025 ab
766 962 1232 1045 inquietudinis
1273 963 1565 1025 molestia
1610 963 1938 1041 liberavit3

431 1060 532 1122 ita
575 1079 806 1123 eruens
849 1078 990 1123 eam
1034 1079 1071 1121 a
1115 1059 1314 1122 debiti
1358 1061 1624 1133 sarcina,
1668 1068 1736 1121 ut
1780 1059 1940 1121 nihil

433 1166 768 1241 pateretur
805 1158 929 1220 sibi
972 1158 1267 1221 imminui
1303 1159 1380 1219 de
1415 1158 1740 1238 religionis
1783 1158 1944 1238 rigo-

434 1276 511 1320 re
572 1266 831 1340 propter
879 1275 1040 1339 opus
1088 1257 1458 1319 necessariae
1517 1257 1770 1338 pietatis
1830 1256 1944 1317 im-

432 1356 760 1437 plendum.
789 1355 892 1417 Sic
917 1372 1170 1437 quoque
1197 1354 1660 1416 districtionem
1692 1354 1941 1416 solitam

435 1454 812 1527 custodivit,
835 1462 904 1514 ut
933 1470 1094 1535 opus
1128 1453 1380 1535 pietatis
1409 1470 1810 1533 nequaquam
1843 1470 1945 1513 ne-

429 1560 620 1632 garet
663 1552 968 1613 maternis
1008 1552 1382 1613 visceribus.

746 1778 1250 1841 CAPITULUM
1313 1777 1634 1840 XXer.

433 1900 580 1966 Qua
625 1900 1014 1955 simulatione
1059 1898 1378 1969 cujusdam
1423 1900 1585 1953 senis
1629 1898 1943 1969 provisum

513 1990 576 2042 si
580 1994 601 2043 t
629 2004 778 2059 opus
805 2004 1092 2043 mannum
1121 1988 1337 2043 abbati
1353 1988 1626 2043 Simoni
1653 2002 1836 2059 quum
1863 2002 1944 2041 es-

517 2084 608 2133 set
645 2079 892 2133 otiosus.

590 2238 750 2301 UUM
801 2239 1013 2300 Frater
1060 2238 1244 2300 nobis
1302 2239 1539 2319 optime
1598 2258 1802 2312 carUS,
1853 2238 1942 2300 Si-

441 2235 582 2437 Q
611 2355 796 2399 meon
839 2336 1120 2411 nomine,
1163 2337 1361 2400 Graeci
1407 2337 1720 2399 sermonis
1768 2354 1942 2418 pror-

434 2454 554 2497 sus
595 2436 872 2517 ignaruS‚
904 2436 1182 2497 venisset
1216 2436 1296 2497 ab
1331 2435 1530 2508 Italia,
1565 2436 1776 2497 senior
1805 2434 1943 2516 qui-

431 2533 594 2595 dam
637 2534 902 2615 cupiens
944 2532 1004 2595 ei
1043 2540 1346 2614 tanquam
1395 2533 1732 2616 peregrino
1779 2550 1940 2613 opus

431 2632 724 2694 caritatis
773 2631 1142 2714 impendere
1191 2632 1311 2693 sub
1363 2632 1638 2713 quodam
1687 2629 1943 2692 redditi-

431 2730 590 2791 onis
640 2729 869 2803 colore,
919 2729 1214 2811 quaesivit
1259 2728 1339 2791 ab
1393 2747 1469 2791 eo
1529 2748 1644 2791 cur
1700 2728 1940 2791 otiosus

431 2828 696 2889 sederet
744 2828 809 2888 in
859 2828 1018 2889 cella
1060 2846 1074 2890 :
1117 2845 1231 2909 per
1279 2827 1400 2889 hoc
1449 2826 1801 2907 conjiciens
1851 2826 1942 2888 Si-

431 2943 738 2988 meonem
788 2925 898 2987 diu
949 2926 1016 2987 in
1066 2925 1226 2987 cella
1272 2926 1500 2987 durare
1548 2943 1676 2987 non
1733 2942 1936 3006 posse,

2049 766 2321 827 cessaria
2350 766 2564 828 omnia
2603 765 2723 828 sub
2759 766 2973 847 specie
3010 767 3320 829 mercedis
3351 768 3545 830 totius

2049 864 2223 938 anni,
2256 883 2478 926 verum
2526 865 2717 926 etiam
2765 866 3166 927 membranas
3211 874 3271 926 et
3321 864 3551 927 instru-

2052 969 2266 1023 menta
2306 963 2382 1024 ad
2416 962 2827 1025 scribendum
2868 964 3223 1025 necessaria
3262 972 3551 1045 apporta-

2051 1060 2161 1121 vit.
2197 1060 2585 1143 Recepitque
2627 1068 2845 1143 postea
2885 1061 3168 1123 codicem
3214 1062 3549 1143 scriptum,

2053 1157 2140 1218 ibi
2173 1158 2252 1219 ad
2284 1158 2445 1220 nihil
2478 1159 2731 1239 penitus
2766 1159 2988 1221 utilem
3007 1160 3234 1240 (quum
3268 1159 3551 1222 universi

2053 1255 2118 1316 in
2157 1257 2413 1335 regione
2456 1257 2564 1318 illa
2604 1265 2817 1319 essent
2851 1258 3052 1337 ignari
3092 1258 3406 1320 sermonis
3443 1258 3552 1319 La-

2053 1353 2219 1435 tini),
2284 1363 2510 1436 praeter
2566 1354 2707 1428 hoc,
2771 1356 2938 1437 quod
2998 1355 3211 1418 senior
3268 1356 3375 1418 ille
3433 1356 3551 1418 hac

2054 1450 2367 1513 industria
2416 1452 2874 1534 prolixiorique
2924 1462 3183 1534 sumptu
3243 1454 3364 1516 hoc
3413 1472 3551 1536 pra-

2053 1548 2331 1622 cticavit,
2368 1558 2437 1611 ut
2467 1550 2723 1612 Simeon
2759 1550 2866 1613 ille
2895 1552 3135 1633 absque
3165 1552 3550 1614 verecundia

2052 1656 2523 1728 promereretur
2560 1649 2988 1711 necessarium
3028 1649 3150 1711 sibi
3181 1648 3423 1711 victum
3468 1650 3551 1711 la-

2053 1745 2205 1808 bore
2247 1765 2552 1808 manuum
2594 1766 2874 1822 suarum,
2907 1754 2970 1809 et
2999 1748 3213 1810 senior
3248 1747 3548 1830 pietatem

1977 1844 2023 1905 B
2055 1844 2517 1907 munificentiae
2548 1864 2679 1907 suae
2717 1846 2837 1906 sub
2873 1846 3082 1908 colore
3112 1852 3175 1908 et
3203 1846 3418 1928 specie
3448 1847 3551 1909 de-

2053 1942 2202 2005 bitae
2243 1943 2769 2005 remunerationis
2812 1944 3159 2026 compleret
3195 1962 3207 2005 :
3243 1961 3318 2006 eo
3355 1945 3553 2006 abun-

2052 2040 2403 2103 dantiorem
2449 2040 2574 2102 sibi
2619 2042 2979 2103 mercedem
3021 2042 3381 2124 acquirens,
3425 2060 3552 2123 quo

2050 2137 2287 2201 affectu
2313 2140 2532 2220 majori
2560 2140 2822 2201 contulit
2844 2140 3039 2202 Fratri
3067 2140 3403 2222 peregrino
3426 2160 3552 2203 non

2051 2237 2259 2298 solum
2300 2237 2656 2299 necessaria
2685 2238 2914 2311 victuS,
2949 2239 3059 2300 sed
3088 2240 3282 2302 etiam
3317 2240 3551 2302 instru-

2053 2343 2267 2397 menta
2319 2336 2529 2417 operis
2582 2336 2681 2398 sui
2736 2343 2797 2399 et
2848 2337 3248 2400 occasionem
3296 2338 3544 2420 agendi.

2442 2562 2948 2628 CAPITULUM
3010 2566 3156 2628 XL.

2051 2682 2135 2737 De
2169 2682 2383 2753 pueris
2422 2684 2531 2755 qui
2565 2684 2901 2753 portabant
2936 2686 3087 2755 ficus
3123 2685 3207 2739 ad
3247 2691 3551 2755 oeqrotan-

2125 2776 2259 2834 tem,
2292 2776 2348 2825 et
2374 2770 2534 2841 fame
2562 2770 2909 2842 defecerunt
2938 2775 3005 2827 in
3034 2774 3139 2829 via
3166 2773 3399 2843 ficubus
3428 2792 3549 2831 non

2120 2861 2403 2930 ,qustatis

427 3029 576 3082 tam
623 3040 698 3083 ex
747 3021 1083 3084 otiositatis
1139 3022 1570 3096 distractione,
1621 3042 1814 3104 quam
1863 3042 1940 3085 ex
1979 3025 2022 3088 C
2176 3019 2277 3081 ED
2309 3020 2459 3100 quia
2499 3019 2565 3081 in
2606 3020 2744 3083 loco
2785 3021 2906 3083 isto
2947 3022 3058 3083 ubi
3098 3024 3547 3105 proposuimus

425 3120 946 3182 necessariarum
977 3138 1189 3182 rerum
1223 3120 1439 3204 inopia
1451 3138 1469 3199 3
1489 3129 1699 3183 certus
1730 3122 1943 3183 senior

427 3217 556 3279 ille
605 3218 926 3280 neminem
985 3235 1170 3298 posse
1221 3218 1598 3281 tentationes
1658 3220 1942 3282 solitudi-

424 3315 544 3377 nis
587 3316 875 3390 tolerare,
908 3316 1034 3377 nisi
1079 3334 1226 3377 eum
1270 3315 1381 3397 qui
1423 3316 1700 3398 propriis
1746 3318 1944 3380 mani-

427 3412 567 3475 bus
599 3414 953 3495 acquireret
983 3413 1109 3476 sibi
1139 3414 1402 3477 victum.
1429 3415 1616 3477 Porro
1647 3415 1940 3479 Simeone

425 3512 864 3593 respondente
904 3512 1068 3574 nihil
1109 3532 1176 3576 se
1217 3530 1402 3594 posse
1445 3520 1553 3574 aut
1591 3514 1755 3575 scire
1798 3532 1943 3595 ope-

423 3610 568 3671 rari
610 3628 686 3670 ex
725 3610 802 3671 iis
841 3629 984 3692 quae
1015 3611 1105 3672 ibi
1138 3611 1485 3691 agebantur
1521 3630 1558 3671 a
1593 3611 1938 3687 FratribuS,

421 3707 570 3769 nisi
609 3708 776 3789 quod
819 3708 1105 3770 Latinam
1156 3709 1430 3771 litteram
1480 3708 1760 3771 scribere
1803 3727 1943 3790 pos-

422 3813 560 3879 set,
614 3806 668 3868 si
724 3814 937 3869 tamen
991 3807 1225 3889 aliquis
1284 3807 1351 3868 in
1399 3808 1665 3889 AEgypto
1724 3808 1941 3871 codice

423 3904 759 3985 indigeret
799 3904 1055 3984 Latino;
1097 3904 1308 3967 senior
1352 3904 1460 3967 ille
1499 3914 1723 3967 nactus
1766 3923 1943 3967 occa-

421 4003 694 4066 sionem
732 4022 859 4084 qua
897 4010 1108 4084 posset
1137 4003 1563 4065 desideratum
1603 4021 1764 4085 opus
1805 4022 1942 4085 per-

421 4100 644 4163 ficere
680 4099 936 4183 pietatis
979 4100 1098 4163 sub
1140 4100 1348 4163 colore
1391 4101 1766 4163 redditionis
1801 4118 1814 4162 :
1851 4102 1941 4163 Ex

2197 3117 2367 3200 loqui
2418 3120 2496 3180 de
2545 3118 2751 3199 rigore
2793 3118 3191 3200 jejuniorum
3242 3129 3305 3183 et
3354 3124 3550 3185 conti-

2051 3216 2306 3290 nentiae,
2339 3216 2551 3298 aliqua
2589 3216 2722 3297 jam
2768 3217 3049 3279 admixta
3093 3226 3242 3280 sunt
3280 3221 3356 3282 de
3397 3220 3549 3283 affe-

2053 3323 2158 3376 ctu
2217 3322 2407 3396 atque
2463 3315 2766 3397 operibus
2825 3317 3128 3391 caritatiS‚
3192 3336 3409 3380 rursus
3469 3320 3546 3380 ad

2052 3413 2447 3495 propositum
2476 3414 2829 3488 redeunteS,
2846 3414 3187 3478 inseremus
3217 3416 3367 3477 huic
3398 3434 3551 3499 opu-

2053 3511 2233 3574 sculo
2260 3513 2578 3593 quoddam
2609 3530 2769 3593 opus
2810 3530 3153 3594 puerorum
3184 3520 3386 3587 aetate,
3419 3532 3546 3577 non

2052 3629 2266 3684 sensu,
2301 3610 2563 3690 dignum
2606 3610 2931 3672 memoria.
2967 3611 3172 3683 Quum
3204 3612 3377 3673 enim
3408 3612 3546 3693 qui-

2050 3709 2196 3770 dam
2257 3708 2333 3770 de
2390 3707 2678 3789 partibus
2735 3707 2947 3790 Libyae
2995 3709 3327 3772 detulisset
3380 3709 3548 3772 ficus

2050 3806 2265 3869 abbati
2303 3806 2526 3869 Joanni
2572 3806 2991 3887 dispensatori
3037 3806 3103 3868 in
3144 3824 3357 3869 eremo
3400 3809 3547 3891 Scy-

2051 3905 2144 3966 thi
2175 3905 2506 3986 (tanquam
2548 3923 2684 3966 rem
2722 3904 2904 3966 valde
2945 3905 3195 3979 miram,
3227 3913 3289 3967 et
3330 3905 3441 3967 illo
3481 3907 3547 3968 in

2054 4004 2191 4065 loco
2235 4011 2380 4065 ante
2418 4021 2545 4065 non
2585 4003 2837 4083 visam),
2871 4003 2981 4084 qui
3025 4004 3188 4065 rexit
3225 4003 3549 4085 dispensa-

2052 4102 2291 4163 tionem
2322 4102 2607 4164 ecclesiae
2638 4101 2996 4163 constitutae
3029 4101 3093 4161 in
3125 4101 3363 4183 Scythi,
3390 4108 3547 4163 tem-

421 4200 594 4273 Deo,
631 4199 860 4281 inquit,
894 4200 1151 4261 inventa
1189 4206 1283 4261 est
1324 4199 1442 4261 ista
1481 4199 1748 4261 occasio.
1783 4200 1940 4262 Nam
1971 4205 2020 4266 D
2054 4200 2316 4280 poribus
2357 4198 2415 4261 S.
2450 4198 2787 4279 Paphnutii
2832 4196 2955 4259 sibi
2998 4199 3077 4260 ab
3119 4200 3341 4262 eodem
3382 4218 3549 4262 com-

419 4296 600 4360 olim
641 4296 1002 4378 quaerebam
1042 4296 1153 4377 qui
1194 4296 1353 4358 mihi
1385 4297 1757 4379 Apostolum
1797 4297 1943 4358 scri-

425 4397 628 4458 beret
669 4413 860 4455 manu
901 4394 1123 4456 Latina
1164 4411 1178 4455 ε
1221 4394 1426 4457 habeo
1463 4394 1636 4456 enim
1681 4394 1939 4456 fratrem

427 4492 695 4557 militiae
737 4492 984 4554 actibus
1027 4491 1400 4573 obligatum,
1443 4494 1684 4574 optime
1727 4493 1791 4554 in
1835 4493 1944 4554 La-

426 4593 581 4653 tina
628 4590 839 4671 lingua
885 4590 1288 4663 instructum,
1324 4592 1428 4653 cui
1471 4591 1661 4671 cupio
1697 4590 1940 4672 aliquid

427 4690 524 4751 de
577 4688 922 4770 Scripturis
983 4689 1410 4750 transmittere
1469 4689 1546 4750 ad
1602 4689 1940 4769 legendum

427 4805 564 4870 pro
610 4805 723 4848 sua
763 4785 1208 4849 aedificatione.
1243 4786 1420 4848 Tunc
1466 4786 1722 4849 Simeon
1767 4806 1944 4849 occa-

425 4886 692 4949 sionem
733 4892 796 4946 et
835 4885 1150 4947 actionem
1192 4885 1378 4947 istam
1418 4893 1719 4967 tanquam
1749 4904 1786 4946 a
1815 4886 1944 4947 Deo

425 4984 723 5049 oblatam
762 4988 1080 5063 gratanter
1120 4983 1418 5064 suscepit.
1456 4972 1658 5045 Senex
1689 5001 1944 5065 quoque

428 5080 752 5144 libentius
791 5087 887 5142 est
916 5079 1250 5161 amplexus
1291 5081 1462 5142 hunc
1505 5080 1804 5155 colorem,
1837 5100 1944 5142 cu-

425 5180 548 5262 jus
586 5178 958 5261 apparentia
996 5196 1109 5240 seu
1150 5186 1457 5260 praetextu
1499 5186 1710 5261 posset
1746 5179 1944 5241 libere

430 5277 800 5359 adimplere
861 5294 1022 5358 opus
1082 5276 1338 5357 pietatis
1399 5284 1706 5358 optatum.
1770 5277 1944 5339 Unde

2054 4296 2336 4370 missam,
2388 4296 2507 4358 iste
2552 4297 2821 4358 Joannes
2871 4296 3123 4358 easdem
3182 4296 3347 4359 ficus
3399 4317 3547 4361 mox

2054 4395 2230 4455 misit
2276 4395 2528 4456 cuidam
2578 4394 2716 4456 seni
2765 4394 2832 4455 in
2890 4394 3298 4457 interioribus
3347 4398 3545 4458 eremi

2050 4492 2326 4573 graviter
2355 4490 2733 4565 infirmanti,
2759 4510 2873 4574 per
2904 4492 3406 4555 adolescentulos
3437 4494 3549 4555 du-

2052 4608 2140 4652 os.
2194 4590 2311 4662 Qui
2368 4608 2562 4651 senex
2621 4590 2805 4672 longe
2861 4609 2975 4671 per
3024 4591 3244 4653 decem
3295 4599 3357 4653 et
3406 4600 3549 4654 octo

2056 4687 2351 4748 milliaria
2380 4687 2459 4749 ab
2484 4688 2755 4750 ecclesia
2785 4688 3031 4749 mansit.
3048 4689 3381 4771 Quumque
3411 4690 3552 4751 ado-

2054 4786 2362 4847 lescentes
2396 4786 2474 4847 ad
2506 4785 2732 4848 cellam
2774 4794 3109 4867 pergerent
3138 4787 3427 4863 senioriS,
3462 4787 3552 4850 di-

2054 4902 2271 4965 spersa
2308 4891 2565 4965 repente
2607 4884 2985 4947 densissima
3026 4886 3277 4959 nebula,
3312 4893 3548 4948 rectam

2055 4982 2347 5045 semitam
2392 4982 2853 5062 perdiderunt:
2898 4984 3066 5064 quod
3111 4982 3200 5045 ibi
3244 4982 3549 5046 facillime

2055 5080 2216 5142 solet
2243 5079 2435 5141 etiam
2475 5080 2736 5141 senibus
2776 5081 3031 5142 evenire
3070 5099 3146 5142 ex
3187 5080 3549 5143 solitudinis

2054 5178 2365 5240 vastitate.
2401 5178 2735 5259 Quumque
2779 5186 2907 5240 tota
2950 5178 3050 5240 die
3092 5197 3166 5239 ac
3207 5186 3391 5241 nocte
3434 5197 3551 5261 per

2057 5275 2297 5339 inviam
2335 5294 2622 5338 eremum
2662 5276 3110 5351 discurrenteS,
3143 5295 3545 5361 nequaquam
