4359 6267
1035 546 1450 595 COLLATIONUM
1491 547 1580 592 ss·
1613 545 1856 592 PATRUM
1895 543 2070 589 LIBER
2111 543 2172 589 11.
2220 561 2300 571 -
2339 542 2623 589 coLLArlo
2662 543 2751 588 ΧΠ

3318 519 3435 584 291

363 717 438 778 lia
480 734 672 798 opera
714 724 847 791 tua,
889 719 1078 792 Deus,
1121 725 1183 780 et
1225 716 1439 779 anima
1487 734 1628 778 mea
1669 714 1846 777 novit
1871 713 1922 778 A
1952 713 2134 775 sitate
2165 713 2565 776 voluntatum
2603 732 2677 775 ac
2705 712 2939 774 virium
2982 713 3443 788 humanarum3

365 815 561 876 nimis,
608 816 781 879 Istud
829 825 925 878 est
967 825 1117 896 ergo
1166 814 1457 878 mirabile
1499 832 1660 896 opus
1707 813 1842 886 Dei,

364 913 678 976 hominem
743 914 810 976 in
865 903 1066 977 ⁴carne
1127 915 1461 994 degentem
1527 912 1845 994 respuisse

364 1012 634 1074 carnales
672 1011 970 1086 affectuS,
1003 1020 1192 1096 atque
1224 1013 1290 1074 in
1329 1019 1500 1074 tanta
1539 1031 1753 1073 rerum
1785 1018 1847 1072 et

365 1111 788 1175 incursionum
840 1112 1144 1174 varietate
1194 1119 1408 1174 tenere
1461 1111 1846 1173 uniformem

362 1210 546 1272 animi
598 1219 858 1284 statum,
903 1210 1428 1292 immobilemque
1477 1227 1732 1270 manere
1782 1208 1847 1269 in

365 1309 642 1370 omnium
692 1309 1120 1371 accidentium
1180 1309 1666 1390 permutatione.
1719 1306 1850 1380 Qua

364 1408 586 1468 virtute
615 1425 808 1469 senex
837 1407 1097 1488 quidam
1128 1407 1440 1479 firmatuS,
1461 1426 1658 1488 quum
1685 1405 1847 1486 apud

367 1505 796 1568 Alexandriam
857 1505 1126 1568 vallatus
1190 1505 1552 1567 infidelium
1619 1502 1846 1574 turbiS,

368 1603 838 1686 impugnaretur
885 1620 1013 1665 non
1062 1603 1268 1666 solum
1319 1602 1694 1674 maledictis,
1739 1599 1848 1662 sed

365 1702 746 1783 gravissimis
777 1720 1032 1784 quoque
1065 1701 1532 1783 impellentium
1563 1719 1714 1762 eum
1753 1699 1848 1760 in-

363 1801 558 1880 juriis,
592 1801 1037 1882 dicereturque
1075 1801 1135 1862 ei
1173 1819 1212 1861 a
1251 1797 1790 1862 subsannantibus
1827 1817 1840 1860 :

1954 831 2094 893 quae
2144 830 2443 874 mensura
2492 830 2619 874 non
2670 819 2876 893 potest
2922 809 3196 872 faciliter
3243 810 3447 872 deter-

1956 910 2186 972 minari
2250 911 2315 972 in
2381 909 2813 973 materialibus
2876 909 3121 971 artibus
3183 909 3318 970 istis
3376 927 3449 970 ac

1955 1008 2321 1071 visibilibus
2372 1008 2751 1090 disciplinis,
2805 1008 3046 1090 Nempe
3100 1007 3449 1069 secundum

1954 1107 2150 1168 animi
2204 1107 2620 1170 intentionem
2673 1114 2862 1188 atque
2906 1105 3145 1186 ingenii
3189 1105 3453 1186 qualita-

1957 1212 2084 1266 tem
2145 1223 2405 1268 necesse
2454 1213 2548 1266 est
2596 1213 2761 1267 artes
2810 1211 2874 1266 et
2921 1202 3291 1284 disciplinas
3340 1201 3453 1264 has

1956 1304 2349 1385 apprehendi
2380 1303 2459 1365 ab
2492 1320 2877 1385 unoquoque
2908 1303 3147 1364 tardius
3186 1302 3321 1364 sive
3353 1320 3451 1363 ce-

1959 1401 2189 1480 lerius3
2241 1409 2681 1464 verumtamen
2742 1398 3251 1464 constantissime
3310 1416 3452 1480 pos-

1959 1519 2179 1562 sumus
2229 1500 2501 1562 definire
2551 1501 2861 1562 rationem
2912 1499 3338 1570 continentiae‚
3390 1505 3453 1560 et

1958 1599 2264 1679 temporis
2315 1599 2575 1660 modum
2624 1599 2789 1660 intra
2837 1617 3027 1680 quem
3078 1603 3455 1677 agnoscatur

1958 1696 2345 1778 possibilitas
2386 1696 2545 1776 ejuS.
2582 1696 2977 1777 Quicumque
3016 1713 3165 1777 ergo
3201 1714 3238 1756 a
3275 1694 3453 1756 fabu-

1960 1794 2302 1857 lationibus
2341 1794 2559 1857 otiosis
2600 1794 2974 1868 abstractuS,
3008 1802 3070 1856 et
3110 1793 3454 1856 mortifica-

365 1900 514 1972 Quid
552 1899 844 1960 miraculi
884 1899 1038 1960 fecit
1067 1898 1354 1961 Christus
1389 1905 1618 1970 vester,
1651 1915 1842 1978 quem
1881 1896 1928 1959 B
1960 1902 2058 1956 tus
2101 1894 2184 1956 ab
2222 1894 2397 1956 omni
2443 1894 2535 1955 ira
2578 1912 2652 1955 ac
2694 1912 2846 1954 cura
2889 1893 3228 1963 mundana,
3260 1892 3455 1954 fuerit

365 1997 603 2060 colitis?
635 1996 796 2059 dixit
828 2014 842 2058 :
875 1996 1013 2058 Non
1056 1996 1359 2059 movebor
1397 2013 1604 2076 neque
1641 1994 1844 2056 offen-

365 2096 467 2156 dar
502 2094 756 2175 injuriis
795 2094 895 2156 his
933 2112 1142 2177 neque
1183 2092 1554 2173 majoribuS,
1587 2092 1642 2154 si
1686 2091 1844 2153 mihi

364 2192 694 2254 intuleritis
737 2210 860 2254 eas,

728 2443 1235 2508 CAPITULUM
1291 2442 1474 2506 XIV.

366 2594 615 2661 Quaestio
633 2593 709 2648 de
730 2591 1031 2665 qualitate
1049 2597 1106 2647 et
1126 2597 1388 2663 tempore
1409 2590 1803 2646 continentior
1823 2609 1843 2651 ,-

558 2689 615 2738 et
645 2684 716 2737 in
745 2697 861 2754 quo
889 2681 1146 2736 castitas
1167 2680 1389 2752 perfici
1411 2680 1628 2751 possit.

494 2877 852 2941 ERMANUS
886 2895 899 2938 :
935 2876 1241 2950 Quoniam
1287 2875 1620 2937 admiratio
1665 2875 1847 2938 casti-

510 2976 650 3039 tatis
695 2976 890 3056 hujus
935 2993 1062 3037 non
1107 2975 1402 3036 humanae
1447 2981 1510 3036 et
1553 2981 1840 3047 terrenae,

1956 1993 2230 2054 duorum
2260 1992 2762 2074 paximaciorum
2794 2011 2905 2053 esu
2938 1998 3271 2053 cont-entus
3302 2008 3455 2072 quo-

1955 2090 2132 2164 tidie,
2157 2109 2276 2152 nec
2306 2109 2537 2172 aquam
2570 2097 2795 2172 potans
2824 2089 2902 2151 ad
2935 2089 3309 2161 satietatem,
3335 2107 3454 2150 nec

1955 2189 2287 2252 dormierit
2317 2188 2483 2250 ultra
2522 2195 2649 2250 tres
2690 2188 2897 2261 horaS,
2930 2186 3031 2248 vel
3061 2187 3161 2265 (ut
3190 2186 3297 2248 alii
3340 2193 3459 2249 sta-

1954 2287 2172 2367 tuunt)
2202 2293 2494 2368 quatuor,
2540 2304 2657 2348 nec
2702 2285 3042 2348 crediderit
3085 2303 3151 2347 se
3196 2285 3455 2366 adeptu-

1954 2404 2096 2446 rum
2139 2385 2493 2446 castitatem
2536 2383 2709 2444 illam
2751 2382 2977 2446 merito
3017 2382 3243 2445 horum
3286 2381 3455 2445 labo·

1955 2503 2120 2557 rum,
2163 2483 2274 2545 sed
2325 2481 2730 2544 miseratione
2772 2499 2847 2543 ac
2888 2481 3087 2561 gratia
3134 2475 3269 2554 Dei,
3314 2481 3450 2543 sine

1953 2601 2078 2664 qua
2109 2581 2240 2643 fide
2271 2580 2479 2642 inanis
2510 2587 2607 2642 est
2636 2580 2843 2642 omnis
2876 2579 3053 2642 labor
3082 2579 3399 2641 humanus
3434 2596 3447 2641 :

1955 2678 2122 2741 infra
2167 2698 2277 2740 sex
2325 2697 2575 2740 menses
2619 2685 2954 2758 cognoscet
2993 2677 3449 2758 perfectionem

1955 2777 2262 2839 castitatis
2309 2776 2492 2838 istius
2538 2775 2660 2838 sibi
2712 2794 3113 2858 nequaquam
3161 2775 3451 2857 impossi-

1955 2874 2152 2937 bilem
2185 2894 2341 2937 esse.
2380 2874 2652 2936 Evidens
2684 2881 2895 2936 tamen
2928 2873 3181 2954 signum
3212 2881 3309 2934 est
3338 2893 3451 2954 pu-

1955 2973 2158 3034 ritatis
2214 2973 2347 3052 jam
2410 2971 2734 3054 proximae,
2783 2970 3065 3052 incipere
3123 2989 3263 3033 eam
3322 2989 3449 3032 non

362 3075 460 3136 sed
489 3075 671 3156 plane
705 3073 982 3137 coelestis
1022 3081 1212 3155 atque
1243 3071 1566 3152 angelicae,
1601 3072 1689 3133 ita
1719 3078 1846 3132 stu—
1881 3073 1925 3136 C
1955 3090 2209 3153 sperare
2267 3072 2345 3132 de
2406 3070 2647 3152 proprii
2706 3069 2938 3132 laboris
3000 3069 3327 3130 industria.
3383 3068 3447 3131 Si

363 3191 502 3252 pore
542 3173 757 3235 subito
805 3190 922 3235 nos
967 3170 1277 3244 confudit,
1313 3177 1382 3231 ut
1428 3170 1626 3250 magis
1673 3169 1846 3231 incu-

367 3277 510 3332 teret
546 3269 1007 3352 desperationis
1047 3275 1351 3330 terrorem
1393 3285 1582 3349 quam
1627 3267 1704 3329 ad
1746 3267 1845 3328 sui

365 3369 806 3450 appetitionem
852 3373 1223 3449 provocaret
1256 3365 1502 3427 animos
1548 3372 1794 3426 nostros
1829 3381 1842 3425 :

367 3485 716 3546 quaesumus
760 3473 830 3526 ut
867 3465 1155 3527 doctrina
1201 3463 1587 3545 plenissimae
1631 3463 1847 3543 dispu-

366 3564 606 3626 tationis
650 3581 766 3626 nos
811 3563 1086 3625 instruas
1130 3563 1206 3624 de
1248 3561 1653 3624 continentiae
1696 3580 1848 3642 qua-

369 3661 548 3736 litate,
589 3668 651 3724 et
695 3661 1004 3743 temporis
1051 3662 1238 3722 modo
1282 3677 1410 3742 quo
1452 3659 1697 3741 acquiri
1741 3667 1850 3720 aut

368 3759 576 3838 perfici
643 3759 868 3832 valeat,
928 3765 1242 3840 quatenus
1311 3758 1644 3819 credamus
1708 3776 1846 3819 eam

368 3873 534 3935 posse
577 3855 1030 3926 consummari,
1071 3862 1262 3936 atque
1307 3856 1384 3917 ad
1428 3856 1848 3936 expetendam

367 3973 493 4015 eam
534 3955 836 4036 deinceps
885 3953 1246 4015 animemur
1288 3953 1492 4034 spatio
1546 3954 1849 4035 temporis

367 4052 697 4115 constituti.
733 4051 958 4114 Positis
991 4070 1268 4132 namque
1301 4051 1365 4112 in
1396 4070 1584 4113 carne
1611 4051 1851 4132 judica·

371 4169 498 4213 mus
542 4169 682 4213 eam
731 4151 1201 4232 quodammodo
1251 4149 1713 4231 impossibilem
1756 4168 1849 4212 es-

368 4267 446 4321 se,
477 4249 597 4312 nisi
639 4257 812 4312 certa
851 4249 1092 4312 ratione
1127 4247 1312 4311 nobis
1353 4249 1665 4328 pandatur
1694 4249 1848 4311 ordo
1876 4251 1926 4312 D

369 4347 609 4427 quidam
637 4366 712 4410 ac
744 4347 848 4409 via
882 4346 1118 4428 quibus
1153 4346 1231 4408 ad
1268 4346 1441 4407 illam
1471 4345 1677 4408 valeat
1707 4365 1847 4428 per·

369 4462 574 4508 veniri.

741 4690 1244 4754 CAPITULUM
1306 4689 1456 4753 XV.

491 4838 820 4911 Responsio
850 4838 934 4894 ad
961 4838 1352 4910 quoestionem
1382 4838 1708 4894 inductam.

477 5031 864 5095 HAEREMON
893 5051 907 5094 :
942 5031 1373 5094 Temerarium
1408 5031 1560 5094 satis
1595 5040 1691 5094 est
1721 5051 1848 5094 cer-

495 5136 620 5191 tam
665 5149 1028 5192 mensuram
1070 5130 1374 5212 temporis
1414 5130 1684 5194 definire
1726 5131 1845 5193 cir-

370 5242 434 5286 ca
461 5228 1068 5290 consummationem
1101 5229 1406 5292 castitatis
1437 5228 1846 5311 perfectae,de

373 5342 485 5404 qua
534 5325 870 5408 loquimur,
913 5327 1266 5408 praesertim
1316 5327 1382 5389 in
1427 5333 1599 5389 tanta
1639 5327 1845 5390 diver-

1955 3170 2125 3230 enim
2167 3169 2313 3250 quis
2352 3187 2499 3230 vere
2542 3169 2905 3249 conceperit
2934 3167 3061 3229 vim
3107 3167 3280 3229 illius
3310 3186 3447 3230 ver-

1955 3267 2164 3340 siculi,
2197 3267 2329 3329 Nisi
2372 3266 2677 3328 Dominus
2716 3265 3125 3328 {edificaverit
3160 3265 3443 3339 domum,
3474 3284 3740 3335 Passum.

1957 3365 2019 3427 in
2051 3385 2282 3428 vanum
2318 3365 2758 3428 laboraverunt
2791 3364 2899 3446 qui
2932 3364 3251 3426 aedificant
3274 3382 3445 3442 eam3

1957 3482 2351 3545 consequens
2382 3469 2479 3524 est
2508 3469 2578 3524 ut
2609 3462 2687 3524 de
2719 3462 2963 3524 meritis
2994 3482 3124 3524 suae
3155 3462 3449 3543 puritatis

1957 3580 2082 3624 non
2133 3561 2490 3634 extollatur,
2537 3559 2745 3622 sciens
2794 3579 2861 3622 se
2908 3579 3047 3621 eam
3096 3559 3451 3623 obtinuisse

1957 3680 2083 3723 non
2127 3659 2384 3742 propria
2422 3658 2773 3739 diligentia,
2808 3659 2916 3719 sed
2959 3658 3193 3738 pietate
3222 3677 3295 3719 ac
3332 3675 3451 3740 ope

1959 3759 2210 3837 divina3
2252 3777 2369 3820 nec
2412 3765 2630 3820 contra
2672 3756 2831 3818 alios
2876 3764 3206 3818 moveatur
3248 3756 3452 3837 rigore

1957 3857 2213 3930 immiti,
2267 3855 2626 3936 intelligens
2675 3854 2844 3935 quod
2906 3853 3067 3916 nihil
3118 3854 3199 3916 sit
3252 3855 3451 3915 virtus

1956 3957 2257 4028 humana,
2291 3954 2413 4016 nisi
2444 3973 2584 4016 eam
2623 3951 2939 4031 adjuverit
2972 3951 3172 4014 virtus
3212 3952 3445 4015 divina.

2340 4206 2843 4270 CAPITULUM
2886 4205 3068 4268 XVI.

2159 4347 2245 4400 De
2271 4345 2393 4415 fine
2423 4351 2604 4418 atque
2632 4346 2896 4402 remedio
2923 4347 3251 4402 castitatis.

2079 4540 2362 4604 ROINDE
2404 4543 2753 4625 unicuique
2793 4552 3079 4606 nostrum
3118 4543 3266 4607 totis
3300 4544 3449 4606 viri-

2098 4639 2218 4702 bus
2249 4639 2581 4702 dimicanti
2612 4646 2831 4705 co'ntra
2859 4642 3293 4706 fornicationis
3322 4643 3451 4724 spi-

1952 4739 2145 4798 ritum
2193 4739 2537 4820 singularis
2581 4748 2783 4802 exstat
2825 4739 3107 4814 victoria,
3142 4759 3268 4803 non
3314 4760 3452 4822 spe-

1952 4855 2089 4898 rare
2139 4837 2495 4899 remedium
2552 4838 2629 4900 de
2680 4839 2905 4900 merito
2963 4838 3062 4899 sui
3117 4846 3379 4901 conatus
3432 4857 3445 4901 ε

1952 4955 2094 5016 quae
2123 4934 2284 4996 fides
2316 4935 2606 5016 quamvis
2636 4934 2925 4998 omnibus
2954 4936 3242 4998 videatur
3266 4937 3451 5018 plana

1952 5053 2025 5096 ac
2071 5032 2301 5107 facilis,
2336 5039 2549 5094 tamen
2595 5041 2723 5094 tam
2772 5033 3128 5096 difficulter
3168 5035 3248 5096 ab
3296 5035 3452 5097 inci-

1954 5131 2282 5214 pientibus
2322 5131 2683 5212 possidetur
2724 5137 2792 5192 ut
2832 5131 2969 5213 ipsa
3008 5130 3315 5212 perfectio
3348 5151 3448 5194 ca-

1954 5229 2205 5291 stitatiS.
2240 5227 2397 5290 Nam
2443 5247 2643 5310 quum
2682 5228 2774 5290 eis
2814 5228 3098 5290 arriserit
3140 5228 3450 5309 particula

1953 5327 2167 5409 aliqua
2217 5325 2533 5408 puritatiS,
2583 5341 2730 5389 mox
2780 5326 2847 5388 in
2896 5326 3155 5389 secretis
3210 5327 3450 5390 consci-
