<?xml version="1.0" encoding="UTF-8"?>
<!DOCTYPE html PUBLIC "-//W3C//DTD XHTML 1.0 Transitional//EN"
    "http://www.w3.org/TR/xhtml1/DTD/xhtml1-transitional.dtd">
<html xmlns="http://www.w3.org/1999/xhtml" xml:lang="en" lang="en">
 <head>
  <title>
</title>
<meta http-equiv="Content-Type" content="text/html;charset=utf-8" />
  <meta name='ocr-system' content='tesseract 3.04.00' />
  <meta name='ocr-capabilities' content='ocr_page ocr_carea ocr_par ocr_line ocrx_word'/>
</head>
<body>
  <div class='ocr_page' id='page_1' title='image "./doctorisecstati03denigoog_0189.png"; bbox 0 0 4359 6267; ppageno 0'>
   <div class='ocr_carea' id='block_1_1' title="bbox 1044 504 3432 573">
    <p class='ocr_par' dir='ltr' id='par_1_1' title="bbox 1044 504 3432 573">
     <span class='ocr_line' id='line_1_1' title="bbox 1044 504 3432 573; baseline -0.002 -1"><span class='ocrx_word' id='word_1_1' title='bbox 1044 526 1462 573; x_wconf 68' lang='grc' dir='ltr'><strong>(ιοιιΑτιοΝωι</strong></span> <span class='ocrx_word' id='word_1_2' title='bbox 1506 526 1592 571; x_wconf 94' lang='grc'><strong>33.</strong></span> <span class='ocrx_word' id='word_1_3' title='bbox 1626 524 1869 570; x_wconf 58' lang='lat' dir='ltr'><strong>Parnon</strong></span> <span class='ocrx_word' id='word_1_4' title='bbox 1910 524 2085 569; x_wconf 72' lang='lat' dir='ltr'><strong>maan</strong></span> <span class='ocrx_word' id='word_1_5' title='bbox 2126 525 2164 569; x_wconf 93' lang='lat'><strong>1.</strong></span> <span class='ocrx_word' id='word_1_6' title='bbox 2210 542 2292 551; x_wconf 97' lang='lat'><strong>—</strong></span> <span class='ocrx_word' id='word_1_7' title='bbox 2329 523 2617 571; x_wconf 64' lang='lat' dir='ltr'><strong>commo</strong></span> <span class='ocrx_word' id='word_1_8' title='bbox 2659 525 2720 570; x_wconf 89' lang='lat' dir='ltr'><strong>1v</strong></span> <span class='ocrx_word' id='word_1_9' title='bbox 3319 504 3432 568; x_wconf 78' lang='lat'><strong>181</strong></span> 
     </span>
    </p>
   </div>
   <div class='ocr_carea' id='block_1_2' title="bbox 341 692 3436 776">
    <p class='ocr_par' dir='ltr' id='par_1_2' title="bbox 341 692 3436 776">
     <span class='ocr_line' id='line_1_2' title="bbox 341 692 3436 776; baseline 0 -23"><span class='ocrx_word' id='word_1_10' title='bbox 341 692 649 773; x_wconf 79' lang='lat' dir='ltr'><strong>spirituali</strong></span> <span class='ocrx_word' id='word_1_11' title='bbox 708 696 935 758; x_wconf 87' lang='lat' dir='ltr'><strong>ardore</strong></span> <span class='ocrx_word' id='word_1_12' title='bbox 993 714 1365 759; x_wconf 82' lang='lat' dir='ltr'><strong>succensam</strong></span> <span class='ocrx_word' id='word_1_13' title='bbox 1426 695 1745 759; x_wconf 90' lang='lat' dir='ltr'><strong>declinare</strong></span> <span class='ocrx_word' id='word_1_14' title='bbox 1793 712 1831 755; x_wconf 91' lang='lat' dir='ltr'><strong>a</strong></span> <span class='ocrx_word' id='word_1_15' title='bbox 1858 692 1907 755; x_wconf 87' lang='grc' dir='ltr'><strong>Α</strong></span> <span class='ocrx_word' id='word_1_16' title='bbox 1935 694 2179 774; x_wconf 86' lang='lat' dir='ltr'><strong>gilitate</strong></span> <span class='ocrx_word' id='word_1_17' title='bbox 2229 693 2512 775; x_wconf 90' lang='lat' dir='ltr'><strong>corporis</strong></span> <span class='ocrx_word' id='word_1_18' title='bbox 2571 712 2698 757; x_wconf 90' lang='lat' dir='ltr'><strong>non</strong></span> <span class='ocrx_word' id='word_1_19' title='bbox 2746 702 3028 776; x_wconf 90' lang='lat' dir='ltr'><strong>pensata,</strong></span> <span class='ocrx_word' id='word_1_20' title='bbox 3079 693 3436 755; x_wconf 82' lang='lat' dir='ltr'><strong>retrahatur</strong></span> 
     </span>
    </p>
   </div>
   <div class='ocr_carea' id='block_1_3' title="bbox 339 789 1829 1855">
    <p class='ocr_par' dir='ltr' id='par_1_3' title="bbox 339 789 1829 1855">
     <span class='ocr_line' id='line_1_3' title="bbox 341 789 1829 873; baseline 0.005 -25"><span class='ocrx_word' id='word_1_21' title='bbox 341 789 592 865; x_wconf 83' lang='lat' dir='ltr'><strong>dextriS‚</strong></span> <span class='ocrx_word' id='word_1_22' title='bbox 626 810 743 854; x_wconf 91' lang='lat' dir='ltr'><strong>nec</strong></span> <span class='ocrx_word' id='word_1_23' title='bbox 785 811 1041 856; x_wconf 88' lang='lat' dir='ltr'><strong>carnem</strong></span> <span class='ocrx_word' id='word_1_24' title='bbox 1083 794 1321 856; x_wconf 81' lang='lat' dir='ltr'><strong>aculeis</strong></span> <span class='ocrx_word' id='word_1_25' title='bbox 1353 794 1653 856; x_wconf 88' lang='lat' dir='ltr'><strong>vitiorum</strong></span> <span class='ocrx_word' id='word_1_26' title='bbox 1693 811 1829 873; x_wconf 88' lang='lat' dir='ltr'><strong>gra-</strong></span> 
     </span>
     <span class='ocr_line' id='line_1_4' title="bbox 340 891 1827 973; baseline 0.003 -26"><span class='ocrx_word' id='word_1_27' title='bbox 340 896 564 961; x_wconf 83' lang='lat' dir='ltr'><strong>vatam,</strong></span> <span class='ocrx_word' id='word_1_28' title='bbox 620 908 657 951; x_wconf 89' lang='lat' dir='ltr'><strong>a</strong></span> <span class='ocrx_word' id='word_1_29' title='bbox 710 891 1007 954; x_wconf 88' lang='lat' dir='ltr'><strong>sinistris.</strong></span> <span class='ocrx_word' id='word_1_30' title='bbox 1073 894 1363 973; x_wconf 82' lang='lat' dir='ltr'><strong>Dumque</strong></span> <span class='ocrx_word' id='word_1_31' title='bbox 1420 893 1556 954; x_wconf 85' lang='lat' dir='ltr'><strong>haec</strong></span> <span class='ocrx_word' id='word_1_32' title='bbox 1615 910 1827 972; x_wconf 88' lang='lat' dir='ltr'><strong>pugna</strong></span> 
     </span>
     <span class='ocr_line' id='line_1_5' title="bbox 341 986 1826 1069; baseline 0.001 -23"><span class='ocrx_word' id='word_1_33' title='bbox 341 986 616 1066; x_wconf 88' lang='lat' dir='ltr'><strong>quotidie</strong></span> <span class='ocrx_word' id='word_1_34' title='bbox 654 988 930 1069; x_wconf 82' lang='lat' dir='ltr'><strong>agitatur</strong></span> <span class='ocrx_word' id='word_1_35' title='bbox 968 990 1033 1052; x_wconf 88' lang='lat' dir='ltr'><strong>in</strong></span> <span class='ocrx_word' id='word_1_36' title='bbox 1076 989 1259 1052; x_wconf 93' lang='lat' dir='ltr'><strong>nobis</strong></span> <span class='ocrx_word' id='word_1_37' title='bbox 1301 989 1562 1062; x_wconf 81' lang='lat' dir='ltr'><strong>utiliter,</strong></span> <span class='ocrx_word' id='word_1_38' title='bbox 1606 989 1826 1050; x_wconf 88' lang='lat' dir='ltr'><strong>venire</strong></span> 
     </span>
     <span class='ocr_line' id='line_1_6' title="bbox 342 1084 1824 1170; baseline 0.002 -24"><span class='ocrx_word' id='word_1_39' title='bbox 342 1084 782 1166; x_wconf 82' lang='lat' dir='ltr'><strong>compellimur</strong></span> <span class='ocrx_word' id='word_1_40' title='bbox 824 1089 1164 1151; x_wconf 83' lang='lat' dir='ltr'><strong>salubriter</strong></span> <span class='ocrx_word' id='word_1_41' title='bbox 1204 1089 1281 1151; x_wconf 84' lang='lat' dir='ltr'><strong>ad</strong></span> <span class='ocrx_word' id='word_1_42' title='bbox 1326 1096 1621 1170; x_wconf 85' lang='lat' dir='ltr'><strong>quartum</strong></span> <span class='ocrx_word' id='word_1_43' title='bbox 1668 1087 1824 1150; x_wconf 92' lang='lat' dir='ltr'><strong>illud</strong></span> 
     </span>
     <span class='ocr_line' id='line_1_7' title="bbox 340 1184 1826 1269; baseline 0.002 -26"><span class='ocrx_word' id='word_1_44' title='bbox 340 1184 500 1264; x_wconf 87' lang='lat' dir='ltr'><strong>quod</strong></span> <span class='ocrx_word' id='word_1_45' title='bbox 531 1185 856 1261; x_wconf 83' lang='lat' dir='ltr'><strong>nolumuS,</strong></span> <span class='ocrx_word' id='word_1_46' title='bbox 892 1196 959 1249; x_wconf 87' lang='lat' dir='ltr'><strong>ut</strong></span> <span class='ocrx_word' id='word_1_47' title='bbox 1000 1188 1206 1250; x_wconf 89' lang='lat' dir='ltr'><strong>cordis</strong></span> <span class='ocrx_word' id='word_1_48' title='bbox 1238 1187 1579 1269; x_wconf 89' lang='lat' dir='ltr'><strong>puritatem</strong></span> <span class='ocrx_word' id='word_1_49' title='bbox 1610 1186 1826 1268; x_wconf 90' lang='lat' dir='ltr'><strong>acqui-</strong></span> 
     </span>
     <span class='ocr_line' id='line_1_8' title="bbox 339 1284 1827 1365; baseline 0.003 -24"><span class='ocrx_word' id='word_1_50' title='bbox 339 1300 547 1344; x_wconf 87' lang='lat' dir='ltr'><strong>ramus</strong></span> <span class='ocrx_word' id='word_1_51' title='bbox 576 1301 705 1346; x_wconf 91' lang='lat' dir='ltr'><strong>non</strong></span> <span class='ocrx_word' id='word_1_52' title='bbox 736 1285 1075 1347; x_wconf 76' lang='lat' dir='ltr'><strong>securitate</strong></span> <span class='ocrx_word' id='word_1_53' title='bbox 1107 1293 1217 1347; x_wconf 86' lang='lat' dir='ltr'><strong>aut</strong></span> <span class='ocrx_word' id='word_1_54' title='bbox 1246 1285 1395 1357; x_wconf 93' lang='lat' dir='ltr'><strong>otio,</strong></span> <span class='ocrx_word' id='word_1_55' title='bbox 1420 1286 1529 1347; x_wconf 88' lang='lat' dir='ltr'><strong>sed</strong></span> <span class='ocrx_word' id='word_1_56' title='bbox 1558 1284 1694 1365; x_wconf 86' lang='lat' dir='ltr'><strong>jugi</strong></span> <span class='ocrx_word' id='word_1_57' title='bbox 1726 1304 1827 1346; x_wconf 92' lang='lat' dir='ltr'><strong>su-</strong></span> 
     </span>
     <span class='ocr_line' id='line_1_9' title="bbox 341 1380 1823 1463; baseline 0.002 -23"><span class='ocrx_word' id='word_1_58' title='bbox 341 1380 483 1441; x_wconf 88' lang='lat' dir='ltr'><strong>dore</strong></span> <span class='ocrx_word' id='word_1_59' title='bbox 522 1388 587 1443; x_wconf 90' lang='lat' dir='ltr'><strong>et</strong></span> <span class='ocrx_word' id='word_1_60' title='bbox 636 1382 845 1444; x_wconf 80' lang='lat' dir='ltr'><strong>cordis</strong></span> <span class='ocrx_word' id='word_1_61' title='bbox 898 1384 1299 1457; x_wconf 86' lang='lat' dir='ltr'><strong>contritione,</strong></span> <span class='ocrx_word' id='word_1_62' title='bbox 1343 1384 1823 1463; x_wconf 87' lang='lat' dir='ltr'><strong>castitatemque</strong></span> 
     </span>
     <span class='ocr_line' id='line_1_10' title="bbox 340 1477 1825 1543; baseline 0.003 -6"><span class='ocrx_word' id='word_1_63' title='bbox 340 1477 539 1539; x_wconf 86' lang='lat' dir='ltr'><strong>carnis</strong></span> <span class='ocrx_word' id='word_1_64' title='bbox 588 1479 1025 1542; x_wconf 88' lang='lat' dir='ltr'><strong>custodiamus</strong></span> <span class='ocrx_word' id='word_1_65' title='bbox 1068 1499 1141 1542; x_wconf 88' lang='lat' dir='ltr'><strong>ac</strong></span> <span class='ocrx_word' id='word_1_66' title='bbox 1180 1498 1579 1543; x_wconf 91' lang='lat' dir='ltr'><strong>reservemus</strong></span> <span class='ocrx_word' id='word_1_67' title='bbox 1618 1479 1825 1542; x_wconf 89' lang='lat' dir='ltr'><strong>distri-</strong></span> 
     </span>
     <span class='ocr_line' id='line_1_11' title="bbox 340 1575 1827 1658; baseline 0.004 -25"><span class='ocrx_word' id='word_1_68' title='bbox 340 1576 452 1635; x_wconf 88' lang='lat' dir='ltr'><strong>ctis</strong></span> <span class='ocrx_word' id='word_1_69' title='bbox 479 1575 769 1656; x_wconf 83' lang='lat' dir='ltr'><strong>jejuniiS,</strong></span> <span class='ocrx_word' id='word_1_70' title='bbox 793 1577 1141 1658; x_wconf 87' lang='lat' dir='ltr'><strong>vigilantia,</strong></span> <span class='ocrx_word' id='word_1_71' title='bbox 1178 1577 1345 1641; x_wconf 90' lang='lat' dir='ltr'><strong>fame</strong></span> <span class='ocrx_word' id='word_1_72' title='bbox 1377 1597 1450 1640; x_wconf 92' lang='lat' dir='ltr'><strong>ac</strong></span> <span class='ocrx_word' id='word_1_73' title='bbox 1481 1578 1621 1656; x_wconf 82' lang='lat' dir='ltr'><strong>siti3</strong></span> <span class='ocrx_word' id='word_1_74' title='bbox 1654 1596 1827 1640; x_wconf 91' lang='lat' dir='ltr'><strong>men-</strong></span> 
     </span>
     <span class='ocr_line' id='line_1_12' title="bbox 340 1673 1825 1759; baseline 0.004 -26"><span class='ocrx_word' id='word_1_75' title='bbox 340 1673 415 1733; x_wconf 83' lang='lat' dir='ltr'><strong>tis</strong></span> <span class='ocrx_word' id='word_1_76' title='bbox 466 1693 721 1757; x_wconf 90' lang='lat' dir='ltr'><strong>quoque</strong></span> <span class='ocrx_word' id='word_1_77' title='bbox 776 1676 1194 1739; x_wconf 89' lang='lat' dir='ltr'><strong>directionem</strong></span> <span class='ocrx_word' id='word_1_78' title='bbox 1234 1678 1314 1739; x_wconf 89' lang='lat' dir='ltr'><strong>ad</strong></span> <span class='ocrx_word' id='word_1_79' title='bbox 1363 1678 1564 1739; x_wconf 91' lang='lat' dir='ltr'><strong>Deum</strong></span> <span class='ocrx_word' id='word_1_80' title='bbox 1618 1677 1825 1759; x_wconf 89' lang='lat' dir='ltr'><strong>capia-</strong></span> 
     </span>
     <span class='ocr_line' id='line_1_13' title="bbox 342 1772 1821 1855; baseline 0.004 -24"><span class='ocrx_word' id='word_1_81' title='bbox 342 1789 475 1833; x_wconf 91' lang='lat' dir='ltr'><strong>mus</strong></span> <span class='ocrx_word' id='word_1_82' title='bbox 520 1772 813 1847; x_wconf 89' lang='lat' dir='ltr'><strong>lectione‚</strong></span> <span class='ocrx_word' id='word_1_83' title='bbox 862 1774 1122 1855; x_wconf 80' lang='lat' dir='ltr'><strong>vigiliiS,</strong></span> <span class='ocrx_word' id='word_1_84' title='bbox 1164 1775 1449 1838; x_wconf 85' lang='lat' dir='ltr'><strong>oratione</strong></span> <span class='ocrx_word' id='word_1_85' title='bbox 1499 1776 1821 1849; x_wconf 89' lang='lat' dir='ltr'><strong>continua,</strong></span> 
     </span>
    </p>
   </div>
   <div class='ocr_carea' id='block_1_4' title="bbox 1934 788 3434 1361">
    <p class='ocr_par' dir='ltr' id='par_1_4' title="bbox 1934 788 3434 1361">
     <span class='ocr_line' id='line_1_14' title="bbox 1934 788 3434 873; baseline -0.001 -20"><span class='ocrx_word' id='word_1_86' title='bbox 1934 788 2011 853; x_wconf 90' lang='lat' dir='ltr'><strong>ad</strong></span> <span class='ocrx_word' id='word_1_87' title='bbox 2040 791 2286 872; x_wconf 87' lang='lat' dir='ltr'><strong>justum</strong></span> <span class='ocrx_word' id='word_1_88' title='bbox 2326 810 2614 865; x_wconf 87' lang='lat' dir='ltr'><strong>examen,</strong></span> <span class='ocrx_word' id='word_1_89' title='bbox 2648 800 2838 873; x_wconf 88' lang='lat' dir='ltr'><strong>atque</strong></span> <span class='ocrx_word' id='word_1_90' title='bbox 2865 791 3317 854; x_wconf 89' lang='lat' dir='ltr'><strong>transcendens</strong></span> <span class='ocrx_word' id='word_1_91' title='bbox 3346 798 3434 852; x_wconf 89' lang='lat' dir='ltr'><strong>te-</strong></span> 
     </span>
     <span class='ocr_line' id='line_1_15' title="bbox 1935 889 3434 970; baseline 0.001 -20"><span class='ocrx_word' id='word_1_92' title='bbox 1935 889 2344 970; x_wconf 89' lang='lat' dir='ltr'><strong>pidissimum</strong></span> <span class='ocrx_word' id='word_1_93' title='bbox 2374 898 2600 952; x_wconf 82' lang='lat' dir='ltr'><strong>nostrae</strong></span> <span class='ocrx_word' id='word_1_94' title='bbox 2629 889 2968 951; x_wconf 87' lang='lat' dir='ltr'><strong>voluntatis</strong></span> <span class='ocrx_word' id='word_1_95' title='bbox 2999 890 3434 961; x_wconf 88' lang='lat' dir='ltr'><strong>statum,ince-</strong></span> 
     </span>
     <span class='ocr_line' id='line_1_16' title="bbox 1936 985 3430 1069; baseline 0.001 -22"><span class='ocrx_word' id='word_1_96' title='bbox 1936 987 2041 1048; x_wconf 91' lang='lat' dir='ltr'><strong>dat</strong></span> <span class='ocrx_word' id='word_1_97' title='bbox 2078 987 2245 1049; x_wconf 90' lang='lat' dir='ltr'><strong>viam</strong></span> <span class='ocrx_word' id='word_1_98' title='bbox 2290 986 2701 1069; x_wconf 90' lang='lat' dir='ltr'><strong>perfectionis</strong></span> <span class='ocrx_word' id='word_1_99' title='bbox 2743 986 3084 1049; x_wconf 89' lang='lat' dir='ltr'><strong>utilissima</strong></span> <span class='ocrx_word' id='word_1_100' title='bbox 3123 985 3430 1068; x_wconf 87' lang='lat' dir='ltr'><strong>temperie</strong></span> 
     </span>
     <span class='ocr_line' id='line_1_17' title="bbox 1939 1084 3424 1167; baseline 0 -21"><span class='ocrx_word' id='word_1_101' title='bbox 1939 1084 2253 1167; x_wconf 90' lang='lat' dir='ltr'><strong>planoque</strong></span> <span class='ocrx_word' id='word_1_102' title='bbox 2301 1085 2553 1147; x_wconf 87' lang='lat' dir='ltr'><strong>tramite</strong></span> <span class='ocrx_word' id='word_1_103' title='bbox 2602 1103 2748 1147; x_wconf 91' lang='lat' dir='ltr'><strong>cum</strong></span> <span class='ocrx_word' id='word_1_104' title='bbox 2799 1085 3028 1147; x_wconf 90' lang='lat' dir='ltr'><strong>sudore</strong></span> <span class='ocrx_word' id='word_1_105' title='bbox 3077 1085 3424 1147; x_wconf 81' lang='lat' dir='ltr'><strong>industriae.</strong></span> 
     </span>
     <span class='ocr_line' id='line_1_18' title="bbox 1935 1182 3428 1263; baseline -0.001 -19"><span class='ocrx_word' id='word_1_106' title='bbox 1935 1182 2224 1263; x_wconf 87' lang='lat' dir='ltr'><strong>Denique</strong></span> <span class='ocrx_word' id='word_1_107' title='bbox 2261 1183 2412 1244; x_wconf 90' lang='lat' dir='ltr'><strong>huic</strong></span> <span class='ocrx_word' id='word_1_108' title='bbox 2452 1182 2662 1244; x_wconf 89' lang='lat' dir='ltr'><strong>simile</strong></span> <span class='ocrx_word' id='word_1_109' title='bbox 2699 1182 2946 1263; x_wconf 81' lang='lat' dir='ltr'><strong>aliquid</strong></span> <span class='ocrx_word' id='word_1_110' title='bbox 2989 1182 3260 1263; x_wconf 89' lang='lat' dir='ltr'><strong>legimus</strong></span> <span class='ocrx_word' id='word_1_111' title='bbox 3303 1182 3428 1244; x_wconf 92' lang='lat' dir='ltr'><strong>dis-</strong></span> 
     </span>
     <span class='ocr_line' id='line_1_19' title="bbox 1936 1279 3430 1361; baseline 0.001 -20"><span class='ocrx_word' id='word_1_112' title='bbox 1936 1290 2271 1361; x_wconf 89' lang='lat' dir='ltr'><strong>pensatum</strong></span> <span class='ocrx_word' id='word_1_113' title='bbox 2312 1288 2374 1341; x_wconf 92' lang='lat' dir='ltr'><strong>et</strong></span> <span class='ocrx_word' id='word_1_114' title='bbox 2416 1279 2652 1341; x_wconf 89' lang='lat' dir='ltr'><strong>factum</strong></span> <span class='ocrx_word' id='word_1_115' title='bbox 2685 1300 2722 1342; x_wconf 91' lang='lat' dir='ltr'><strong>a</strong></span> <span class='ocrx_word' id='word_1_116' title='bbox 2752 1280 3022 1343; x_wconf 90' lang='lat' dir='ltr'><strong>Domino</strong></span> <span class='ocrx_word' id='word_1_117' title='bbox 3059 1282 3125 1343; x_wconf 91' lang='lat' dir='ltr'><strong>in</strong></span> <span class='ocrx_word' id='word_1_118' title='bbox 3158 1281 3430 1344; x_wconf 81' lang='lat' dir='ltr'><strong>aedifica-</strong></span> 
     </span>
    </p>
   </div>
   <div class='ocr_carea' id='block_1_5' title="bbox 1936 1378 3720 1461">
    <p class='ocr_par' dir='ltr' id='par_1_5' title="bbox 1936 1378 3720 1461">
     <span class='ocr_line' id='line_1_20' title="bbox 1936 1378 3720 1461; baseline 0.004 -22"><span class='ocrx_word' id='word_1_119' title='bbox 1936 1378 2107 1440; x_wconf 91' lang='lat' dir='ltr'><strong>tione</strong></span> <span class='ocrx_word' id='word_1_120' title='bbox 2154 1378 2348 1440; x_wconf 90' lang='lat' dir='ltr'><strong>turris</strong></span> <span class='ocrx_word' id='word_1_121' title='bbox 2392 1378 2604 1451; x_wconf 89' lang='lat' dir='ltr'><strong>Babel,</strong></span> <span class='ocrx_word' id='word_1_122' title='bbox 2647 1378 2757 1440; x_wconf 90' lang='lat' dir='ltr'><strong>ubi</strong></span> <span class='ocrx_word' id='word_1_123' title='bbox 2802 1385 3020 1441; x_wconf 87' lang='lat' dir='ltr'><strong>exorta</strong></span> <span class='ocrx_word' id='word_1_124' title='bbox 3068 1379 3427 1461; x_wconf 89' lang='lat' dir='ltr'><strong>linguarum</strong></span> <span class='ocrx_word' id='word_1_125' title='bbox 3472 1401 3720 1453; x_wconf 54' lang='lat' dir='ltr'><strong>omnm.</strong></span> 
     </span>
    </p>
   </div>
   <div class='ocr_carea' id='block_1_6' title="bbox 1935 1475 3430 1853">
    <p class='ocr_par' dir='ltr' id='par_1_6' title="bbox 1935 1475 3430 1853">
     <span class='ocr_line' id='line_1_21' title="bbox 1938 1475 3428 1557; baseline 0.001 -21"><span class='ocrx_word' id='word_1_126' title='bbox 1938 1475 2229 1537; x_wconf 89' lang='lat' dir='ltr'><strong>confusio</strong></span> <span class='ocrx_word' id='word_1_127' title='bbox 2272 1484 2531 1557; x_wconf 88' lang='lat' dir='ltr'><strong>repente</strong></span> <span class='ocrx_word' id='word_1_128' title='bbox 2572 1477 2966 1557; x_wconf 85' lang='lat' dir='ltr'><strong>compescuit</strong></span> <span class='ocrx_word' id='word_1_129' title='bbox 2994 1496 3186 1539; x_wconf 90' lang='lat' dir='ltr'><strong>ausus</strong></span> <span class='ocrx_word' id='word_1_130' title='bbox 3225 1476 3428 1538; x_wconf 92' lang='lat' dir='ltr'><strong>homi-</strong></span> 
     </span>
     <span class='ocr_line' id='line_1_22' title="bbox 1938 1574 3430 1655; baseline 0.001 -21"><span class='ocrx_word' id='word_1_131' title='bbox 1938 1592 2089 1635; x_wconf 92' lang='lat' dir='ltr'><strong>num</strong></span> <span class='ocrx_word' id='word_1_132' title='bbox 2132 1574 2469 1655; x_wconf 87' lang='lat' dir='ltr'><strong>sacrilegos</strong></span> <span class='ocrx_word' id='word_1_133' title='bbox 2509 1594 2582 1636; x_wconf 91' lang='lat' dir='ltr'><strong>ac</strong></span> <span class='ocrx_word' id='word_1_134' title='bbox 2618 1574 2943 1638; x_wconf 61' lang='lat' dir='ltr'><strong>nefandos</strong></span> <span class='ocrx_word' id='word_1_135' title='bbox 2976 1574 3430 1637; x_wconf 89' lang='lat' dir='ltr'><strong>Permansisset</strong></span> 
     </span>
     <span class='ocr_line' id='line_1_23' title="bbox 1936 1671 3429 1755; baseline 0.001 -23"><span class='ocrx_word' id='word_1_136' title='bbox 1936 1672 2173 1733; x_wconf 88' lang='lat' dir='ltr'><strong>etenim</strong></span> <span class='ocrx_word' id='word_1_137' title='bbox 2227 1671 2313 1733; x_wconf 89' lang='lat' dir='ltr'><strong>ibi</strong></span> <span class='ocrx_word' id='word_1_138' title='bbox 2375 1691 2606 1752; x_wconf 89' lang='lat' dir='ltr'><strong>pravus</strong></span> <span class='ocrx_word' id='word_1_139' title='bbox 2657 1689 3003 1735; x_wconf 89' lang='lat' dir='ltr'><strong>consensus</strong></span> <span class='ocrx_word' id='word_1_140' title='bbox 3061 1673 3429 1755; x_wconf 89' lang='lat' dir='ltr'><strong>iniquorum</strong></span> 
     </span>
     <span class='ocr_line' id='line_1_24' title="bbox 1935 1770 3429 1853; baseline 0 -22"><span class='ocrx_word' id='word_1_141' title='bbox 1935 1770 2239 1831; x_wconf 89' lang='lat' dir='ltr'><strong>adversus</strong></span> <span class='ocrx_word' id='word_1_142' title='bbox 2297 1770 2520 1843; x_wconf 89' lang='lat' dir='ltr'><strong>Deum,</strong></span> <span class='ocrx_word' id='word_1_143' title='bbox 2573 1770 2702 1832; x_wconf 89' lang='lat' dir='ltr'><strong>imo</strong></span> <span class='ocrx_word' id='word_1_144' title='bbox 2757 1778 2820 1833; x_wconf 89' lang='lat' dir='ltr'><strong>et</strong></span> <span class='ocrx_word' id='word_1_145' title='bbox 2879 1778 3098 1833; x_wconf 88' lang='lat' dir='ltr'><strong>contra</strong></span> <span class='ocrx_word' id='word_1_146' title='bbox 3151 1788 3260 1833; x_wconf 89' lang='lat' dir='ltr'><strong>eos</strong></span> <span class='ocrx_word' id='word_1_147' title='bbox 3317 1770 3429 1853; x_wconf 89' lang='lat' dir='ltr'><strong>qui</strong></span> 
     </span>
    </p>
   </div>
   <div class='ocr_carea' id='block_1_7' title="bbox 338 1868 3428 1954">
    <p class='ocr_par' dir='ltr' id='par_1_7' title="bbox 338 1868 3428 1954">
     <span class='ocr_line' id='line_1_25' title="bbox 338 1868 3428 1954; baseline 0 -25"><span class='ocrx_word' id='word_1_148' title='bbox 338 1868 822 1952; x_wconf 88' lang='lat' dir='ltr'><strong>solitudinisque</strong></span> <span class='ocrx_word' id='word_1_149' title='bbox 854 1878 1128 1951; x_wconf 88' lang='lat' dir='ltr'><strong>secreto;</strong></span> <span class='ocrx_word' id='word_1_150' title='bbox 1162 1872 1530 1954; x_wconf 85' lang='lat' dir='ltr'><strong>patientiam</strong></span> <span class='ocrx_word' id='word_1_151' title='bbox 1565 1872 1826 1954; x_wconf 90' lang='lat' dir='ltr'><strong>insuper</strong></span> <span class='ocrx_word' id='word_1_152' title='bbox 1861 1872 1910 1936; x_wconf 90' lang='lat' dir='ltr'>B</span> <span class='ocrx_word' id='word_1_153' title='bbox 1937 1873 2244 1929; x_wconf 74' lang='lat' dir='ltr'><strong>attentare</strong></span> <span class='ocrx_word' id='word_1_154' title='bbox 2301 1874 2624 1948; x_wconf 83' lang='lat' dir='ltr'><strong>eoeperant</strong></span> <span class='ocrx_word' id='word_1_155' title='bbox 2678 1868 3072 1949; x_wconf 86' lang='lat' dir='ltr'><strong>majestatem</strong></span> <span class='ocrx_word' id='word_1_156' title='bbox 3123 1868 3428 1944; x_wconf 89' lang='lat' dir='ltr'><strong>divinam,</strong></span> 
     </span>
    </p>
   </div>
   <div class='ocr_carea' id='block_1_8' title="bbox 336 1969 1831 3022">
    <p class='ocr_par' dir='ltr' id='par_1_8' title="bbox 336 1969 1831 3022">
     <span class='ocr_line' id='line_1_26' title="bbox 340 1969 1821 2050; baseline 0.003 -24"><span class='ocrx_word' id='word_1_157' title='bbox 340 1983 783 2029; x_wconf 87' lang='lat' dir='ltr'><strong>conservemus</strong></span> <span class='ocrx_word' id='word_1_158' title='bbox 820 1987 934 2050; x_wconf 86' lang='lat' dir='ltr'><strong>per</strong></span> <span class='ocrx_word' id='word_1_159' title='bbox 972 1970 1274 2031; x_wconf 86' lang='lat' dir='ltr'><strong>exercitia</strong></span> <span class='ocrx_word' id='word_1_160' title='bbox 1312 1969 1821 2044; x_wconf 83' lang='lat' dir='ltr'><strong>tribulationum,</strong></span> 
     </span>
     <span class='ocr_line' id='line_1_27' title="bbox 339 2064 1825 2149; baseline 0.004 -26"><span class='ocrx_word' id='word_1_161' title='bbox 339 2064 552 2145; x_wconf 88' lang='lat' dir='ltr'><strong>sicque</strong></span> <span class='ocrx_word' id='word_1_162' title='bbox 587 2074 803 2129; x_wconf 91' lang='lat' dir='ltr'><strong>nostro</strong></span> <span class='ocrx_word' id='word_1_163' title='bbox 833 2067 1187 2129; x_wconf 79' lang='lat' dir='ltr'><strong>serviamus</strong></span> <span class='ocrx_word' id='word_1_164' title='bbox 1218 2068 1474 2130; x_wconf 84' lang='lat' dir='ltr'><strong>Auctori</strong></span> <span class='ocrx_word' id='word_1_165' title='bbox 1508 2087 1653 2129; x_wconf 91' lang='lat' dir='ltr'><strong>cum</strong></span> <span class='ocrx_word' id='word_1_166' title='bbox 1688 2087 1825 2149; x_wconf 93' lang='lat' dir='ltr'><strong>per-</strong></span> 
     </span>
     <span class='ocr_line' id='line_1_28' title="bbox 340 2162 1828 2247; baseline 0.004 -25"><span class='ocrx_word' id='word_1_167' title='bbox 340 2162 626 2241; x_wconf 84' lang='lat' dir='ltr'><strong>pessione</strong></span> <span class='ocrx_word' id='word_1_168' title='bbox 668 2162 1209 2245; x_wconf 90' lang='lat' dir='ltr'><strong>blasphemiarum</strong></span> <span class='ocrx_word' id='word_1_169' title='bbox 1250 2173 1314 2227; x_wconf 92' lang='lat' dir='ltr'><strong>et</strong></span> <span class='ocrx_word' id='word_1_170' title='bbox 1352 2166 1677 2228; x_wconf 84' lang='lat' dir='ltr'><strong>saturitate</strong></span> <span class='ocrx_word' id='word_1_171' title='bbox 1718 2184 1828 2247; x_wconf 92' lang='lat' dir='ltr'><strong>op-</strong></span> 
     </span>
     <span class='ocr_line' id='line_1_29' title="bbox 338 2258 1829 2345; baseline 0.005 -27"><span class='ocrx_word' id='word_1_172' title='bbox 338 2258 738 2339; x_wconf 89' lang='lat' dir='ltr'><strong>probriorum</strong></span> <span class='ocrx_word' id='word_1_173' title='bbox 783 2279 799 2338; x_wconf 83' lang='lat'><em>3</em></span> <span class='ocrx_word' id='word_1_174' title='bbox 863 2262 1194 2325; x_wconf 91' lang='lat' dir='ltr'><strong>veritatem</strong></span> <span class='ocrx_word' id='word_1_175' title='bbox 1264 2270 1455 2345; x_wconf 91' lang='lat' dir='ltr'><strong>atque</strong></span> <span class='ocrx_word' id='word_1_176' title='bbox 1520 2264 1829 2344; x_wconf 86' lang='lat' dir='ltr'><strong>justitiam</strong></span> 
     </span>
     <span class='ocr_line' id='line_1_30' title="bbox 339 2353 1827 2455; baseline 0.005 -41"><span class='ocrx_word' id='word_1_177' title='bbox 339 2353 732 2434; x_wconf 89' lang='lat' dir='ltr'><strong>proferamus</strong></span> <span class='ocrx_word' id='word_1_178' title='bbox 770 2364 833 2419; x_wconf 92' lang='lat' dir='ltr'><strong>et</strong></span> <span class='ocrx_word' id='word_1_179' title='bbox 874 2376 1299 2439; x_wconf 83' lang='lat' dir='ltr'><strong>exsequamur</strong></span> <span class='ocrx_word' id='word_1_180' title='bbox 1326 2359 1540 2432; x_wconf 89' lang='lat' dir='ltr'><strong>etiam,</strong></span> <span class='ocrx_word' id='word_1_181' title='bbox 1574 2359 1629 2421; x_wconf 90' lang='lat' dir='ltr'><strong>si</strong></span> <span class='ocrx_word' id='word_1_182' title='bbox 1666 2377 1827 2455; x_wconf 85' lang='lat' dir='ltr'><strong>opus</strong></span> 
     </span>
     <span class='ocr_line' id='line_1_31' title="bbox 337 2452 1828 2535; baseline 0.004 -23"><span class='ocrx_word' id='word_1_183' title='bbox 337 2452 547 2526; x_wconf 90' lang='lat' dir='ltr'><strong>fuerit,</strong></span> <span class='ocrx_word' id='word_1_184' title='bbox 580 2473 729 2516; x_wconf 91' lang='lat' dir='ltr'><strong>cum</strong></span> <span class='ocrx_word' id='word_1_185' title='bbox 772 2456 917 2518; x_wconf 91' lang='lat' dir='ltr'><strong>odio</strong></span> <span class='ocrx_word' id='word_1_186' title='bbox 954 2463 1017 2517; x_wconf 89' lang='lat' dir='ltr'><strong>et</strong></span> <span class='ocrx_word' id='word_1_187' title='bbox 1060 2456 1417 2519; x_wconf 90' lang='lat' dir='ltr'><strong>inimicitiis</strong></span> <span class='ocrx_word' id='word_1_188' title='bbox 1460 2457 1726 2535; x_wconf 90' lang='lat' dir='ltr'><strong>mundi;</strong></span> <span class='ocrx_word' id='word_1_189' title='bbox 1764 2465 1828 2518; x_wconf 91' lang='lat' dir='ltr'><strong>et</strong></span> 
     </span>
     <span class='ocr_line' id='line_1_32' title="bbox 339 2550 1831 2633; baseline 0.003 -22"><span class='ocrx_word' id='word_1_190' title='bbox 339 2550 419 2612; x_wconf 92' lang='lat' dir='ltr'><strong>ita</strong></span> <span class='ocrx_word' id='word_1_191' title='bbox 448 2570 562 2633; x_wconf 86' lang='lat' dir='ltr'><strong>per</strong></span> <span class='ocrx_word' id='word_1_192' title='bbox 588 2553 781 2614; x_wconf 87' lang='lat' dir='ltr'><strong>talem</strong></span> <span class='ocrx_word' id='word_1_193' title='bbox 812 2553 1327 2617; x_wconf 90' lang='lat' dir='ltr'><strong>colluctationem</strong></span> <span class='ocrx_word' id='word_1_194' title='bbox 1356 2556 1419 2617; x_wconf 90' lang='lat' dir='ltr'><strong>in</strong></span> <span class='ocrx_word' id='word_1_195' title='bbox 1450 2564 1666 2618; x_wconf 90' lang='lat' dir='ltr'><strong>nostro</strong></span> <span class='ocrx_word' id='word_1_196' title='bbox 1696 2574 1831 2619; x_wconf 87' lang='lat' dir='ltr'><strong>cor-</strong></span> 
     </span>
     <span class='ocr_line' id='line_1_33' title="bbox 336 2649 1828 2733; baseline 0.004 -24"><span class='ocrx_word' id='word_1_197' title='bbox 336 2666 483 2729; x_wconf 88' lang='lat' dir='ltr'><strong>pore</strong></span> <span class='ocrx_word' id='word_1_198' title='bbox 524 2649 906 2713; x_wconf 88' lang='lat' dir='ltr'><strong>militantem</strong></span> <span class='ocrx_word' id='word_1_199' title='bbox 948 2653 1249 2733; x_wconf 88' lang='lat' dir='ltr'><strong>protracti</strong></span> <span class='ocrx_word' id='word_1_200' title='bbox 1279 2673 1314 2715; x_wconf 90' lang='lat' dir='ltr'><strong>a</strong></span> <span class='ocrx_word' id='word_1_201' title='bbox 1344 2654 1679 2716; x_wconf 84' lang='lat' dir='ltr'><strong>securitate</strong></span> <span class='ocrx_word' id='word_1_202' title='bbox 1720 2654 1828 2716; x_wconf 91' lang='lat' dir='ltr'><strong>illa</strong></span> 
     </span>
     <span class='ocr_line' id='line_1_34' title="bbox 338 2745 1829 2829; baseline 0.005 -24"><span class='ocrx_word' id='word_1_203' title='bbox 338 2745 556 2825; x_wconf 88' lang='lat' dir='ltr'><strong>ignava</strong></span> <span class='ocrx_word' id='word_1_204' title='bbox 592 2755 659 2809; x_wconf 88' lang='lat' dir='ltr'><strong>et</strong></span> <span class='ocrx_word' id='word_1_205' title='bbox 688 2749 1012 2829; x_wconf 90' lang='lat' dir='ltr'><strong>provocati</strong></span> <span class='ocrx_word' id='word_1_206' title='bbox 1042 2751 1122 2812; x_wconf 88' lang='lat' dir='ltr'><strong>ad</strong></span> <span class='ocrx_word' id='word_1_207' title='bbox 1155 2750 1348 2812; x_wconf 88' lang='lat' dir='ltr'><strong>istum</strong></span> <span class='ocrx_word' id='word_1_208' title='bbox 1382 2750 1663 2813; x_wconf 89' lang='lat' dir='ltr'><strong>laborem</strong></span> <span class='ocrx_word' id='word_1_209' title='bbox 1700 2759 1829 2813; x_wconf 90' lang='lat' dir='ltr'><strong>stu-</strong></span> 
     </span>
     <span class='ocr_line' id='line_1_35' title="bbox 337 2843 1826 2931; baseline 0.006 -28"><span class='ocrx_word' id='word_1_210' title='bbox 337 2843 639 2926; x_wconf 89' lang='lat' dir='ltr'><strong>diumque</strong></span> <span class='ocrx_word' id='word_1_211' title='bbox 668 2844 1003 2920; x_wconf 89' lang='lat' dir='ltr'><strong>virtutum,</strong></span> <span class='ocrx_word' id='word_1_212' title='bbox 1039 2848 1429 2911; x_wconf 89' lang='lat' dir='ltr'><strong>retineamus</strong></span> <span class='ocrx_word' id='word_1_213' title='bbox 1462 2850 1826 2931; x_wconf 83' lang='lat' dir='ltr'><strong>aequitatem</strong></span> 
     </span>
     <span class='ocr_line' id='line_1_36' title="bbox 338 2941 1401 3022; baseline 0.007 -21"><span class='ocrx_word' id='word_1_214' title='bbox 338 2941 574 3022; x_wconf 89' lang='lat' dir='ltr'><strong>optime</strong></span> <span class='ocrx_word' id='word_1_215' title='bbox 620 2944 897 3005; x_wconf 91' lang='lat' dir='ltr'><strong>mediam</strong></span> <span class='ocrx_word' id='word_1_216' title='bbox 939 2953 999 3007; x_wconf 89' lang='lat' dir='ltr'><strong>et</strong></span> <span class='ocrx_word' id='word_1_217' title='bbox 1043 2946 1401 3008; x_wconf 89' lang='lat' dir='ltr'><strong>discretam.</strong></span> 
     </span>
    </p>
   </div>
   <div class='ocr_carea' id='block_1_9' title="bbox 410 3038 1899 3125">
    <p class='ocr_par' dir='ltr' id='par_1_9' title="bbox 410 3038 1899 3125">
     <span class='ocr_line' id='line_1_37' title="bbox 410 3038 1899 3125; baseline 0.003 -25"><span class='ocrx_word' id='word_1_218' title='bbox 410 3038 515 3101; x_wconf 90' lang='lat' dir='ltr'><strong>Sic</strong></span> <span class='ocrx_word' id='word_1_219' title='bbox 566 3040 784 3123; x_wconf 86' lang='lat' dir='ltr'><strong>itaque</strong></span> <span class='ocrx_word' id='word_1_220' title='bbox 832 3042 980 3104; x_wconf 92' lang='lat' dir='ltr'><strong>hinc</strong></span> <span class='ocrx_word' id='word_1_221' title='bbox 1038 3041 1252 3105; x_wconf 91' lang='lat' dir='ltr'><strong>fervor</strong></span> <span class='ocrx_word' id='word_1_222' title='bbox 1310 3043 1594 3125; x_wconf 90' lang='lat' dir='ltr'><strong>spiritus,</strong></span> <span class='ocrx_word' id='word_1_223' title='bbox 1647 3043 1826 3105; x_wconf 91' lang='lat' dir='ltr'><strong>illinc</strong></span> <span class='ocrx_word' id='word_1_224' title='bbox 1857 3052 1899 3116; x_wconf 82' lang='lat' dir='ltr'>C</span> 
     </span>
    </p>
   </div>
   <div class='ocr_carea' id='block_1_10' title="bbox 326 3136 1829 4204">
    <p class='ocr_par' dir='ltr' id='par_1_10' title="bbox 326 3136 1829 4204">
     <span class='ocr_line' id='line_1_38' title="bbox 330 3136 1829 3224; baseline 0.005 -27"><span class='ocrx_word' id='word_1_225' title='bbox 330 3136 762 3217; x_wconf 86' lang='lat' dir='ltr'><strong>gelidissimus</strong></span> <span class='ocrx_word' id='word_1_226' title='bbox 792 3140 962 3220; x_wconf 85' lang='lat' dir='ltr'><strong>rigor</strong></span> <span class='ocrx_word' id='word_1_227' title='bbox 990 3142 1199 3203; x_wconf 90' lang='lat' dir='ltr'><strong>carnis</strong></span> <span class='ocrx_word' id='word_1_228' title='bbox 1230 3149 1709 3224; x_wconf 87' lang='lat' dir='ltr'><strong>contemperent</strong></span> <span class='ocrx_word' id='word_1_229' title='bbox 1735 3161 1829 3204; x_wconf 89' lang='lat' dir='ltr'><strong>ca-</strong></span> 
     </span>
     <span class='ocr_line' id='line_1_39' title="bbox 334 3234 1827 3319; baseline 0.005 -25"><span class='ocrx_word' id='word_1_230' title='bbox 334 3234 459 3297; x_wconf 88' lang='lat' dir='ltr'><strong>lore</strong></span> <span class='ocrx_word' id='word_1_231' title='bbox 490 3236 999 3299; x_wconf 90' lang='lat' dir='ltr'><strong>moderatissimo</strong></span> <span class='ocrx_word' id='word_1_232' title='bbox 1029 3239 1317 3319; x_wconf 88' lang='lat' dir='ltr'><strong>tepidum</strong></span> <span class='ocrx_word' id='word_1_233' title='bbox 1349 3247 1579 3302; x_wconf 85' lang='lat' dir='ltr'><strong>nostrae</strong></span> <span class='ocrx_word' id='word_1_234' title='bbox 1612 3240 1827 3302; x_wconf 92' lang='lat' dir='ltr'><strong>volun-</strong></span> 
     </span>
     <span class='ocr_line' id='line_1_40' title="bbox 332 3332 1824 3419; baseline 0.004 -25"><span class='ocrx_word' id='word_1_235' title='bbox 332 3332 471 3395; x_wconf 86' lang='lat' dir='ltr'><strong>tatis</strong></span> <span class='ocrx_word' id='word_1_236' title='bbox 510 3334 871 3408; x_wconf 89' lang='lat' dir='ltr'><strong>arbitrium,</strong></span> <span class='ocrx_word' id='word_1_237' title='bbox 906 3343 975 3397; x_wconf 90' lang='lat' dir='ltr'><strong>ut</strong></span> <span class='ocrx_word' id='word_1_238' title='bbox 1004 3337 1523 3419; x_wconf 89' lang='lat' dir='ltr'><strong>concupiscentia</strong></span> <span class='ocrx_word' id='word_1_239' title='bbox 1560 3337 1824 3419; x_wconf 89' lang='lat' dir='ltr'><strong>spiritus</strong></span> 
     </span>
     <span class='ocr_line' id='line_1_41' title="bbox 327 3432 1827 3514; baseline 0.005 -24"><span class='ocrx_word' id='word_1_240' title='bbox 327 3448 451 3493; x_wconf 90' lang='lat' dir='ltr'><strong>non</strong></span> <span class='ocrx_word' id='word_1_241' title='bbox 496 3432 823 3513; x_wconf 87' lang='lat' dir='ltr'><strong>permittat</strong></span> <span class='ocrx_word' id='word_1_242' title='bbox 866 3434 1145 3514; x_wconf 89' lang='lat' dir='ltr'><strong>pertrahi</strong></span> <span class='ocrx_word' id='word_1_243' title='bbox 1196 3442 1474 3497; x_wconf 89' lang='lat' dir='ltr'><strong>mentem</strong></span> <span class='ocrx_word' id='word_1_244' title='bbox 1516 3436 1595 3497; x_wconf 88' lang='lat' dir='ltr'><strong>ad</strong></span> <span class='ocrx_word' id='word_1_245' title='bbox 1638 3435 1827 3498; x_wconf 85' lang='lat' dir='ltr'><strong>effre-</strong></span> 
     </span>
     <span class='ocr_line' id='line_1_42' title="bbox 328 3532 1824 3616; baseline 0.005 -27"><span class='ocrx_word' id='word_1_246' title='bbox 328 3537 471 3590; x_wconf 88' lang='lat' dir='ltr'><strong>nata</strong></span> <span class='ocrx_word' id='word_1_247' title='bbox 518 3537 798 3611; x_wconf 87' lang='lat' dir='ltr'><strong>peccata,</strong></span> <span class='ocrx_word' id='word_1_248' title='bbox 853 3549 971 3593; x_wconf 92' lang='lat' dir='ltr'><strong>nec</strong></span> <span class='ocrx_word' id='word_1_249' title='bbox 1020 3532 1229 3595; x_wconf 89' lang='lat' dir='ltr'><strong>carnis</strong></span> <span class='ocrx_word' id='word_1_250' title='bbox 1279 3533 1589 3615; x_wconf 80' lang='lat' dir='ltr'><strong>fragilitas</strong></span> <span class='ocrx_word' id='word_1_251' title='bbox 1640 3534 1824 3616; x_wconf 92' lang='lat' dir='ltr'><strong>spiri-</strong></span> 
     </span>
     <span class='ocr_line' id='line_1_43' title="bbox 328 3627 1823 3709; baseline 0.004 -22"><span class='ocrx_word' id='word_1_252' title='bbox 328 3632 461 3688; x_wconf 92' lang='lat' dir='ltr'><strong>tum</strong></span> <span class='ocrx_word' id='word_1_253' title='bbox 498 3627 779 3709; x_wconf 90' lang='lat' dir='ltr'><strong>patiatur</strong></span> <span class='ocrx_word' id='word_1_254' title='bbox 807 3629 1022 3691; x_wconf 86' lang='lat' dir='ltr'><strong>extolli</strong></span> <span class='ocrx_word' id='word_1_255' title='bbox 1063 3638 1172 3691; x_wconf 89' lang='lat' dir='ltr'><strong>aut</strong></span> <span class='ocrx_word' id='word_1_256' title='bbox 1212 3629 1362 3692; x_wconf 88' lang='lat' dir='ltr'><strong>ferri</strong></span> <span class='ocrx_word' id='word_1_257' title='bbox 1403 3632 1481 3693; x_wconf 92' lang='lat' dir='ltr'><strong>ad</strong></span> <span class='ocrx_word' id='word_1_258' title='bbox 1512 3632 1823 3694; x_wconf 86' lang='lat' dir='ltr'><strong>virtutum</strong></span> 
     </span>
     <span class='ocr_line' id='line_1_44' title="bbox 328 3726 1823 3812; baseline 0.005 -27"><span class='ocrx_word' id='word_1_259' title='bbox 328 3726 792 3789; x_wconf 88' lang='lat' dir='ltr'><strong>irrationabiles</strong></span> <span class='ocrx_word' id='word_1_260' title='bbox 832 3728 1335 3811; x_wconf 88' lang='lat' dir='ltr'><strong>indiscretosque</strong></span> <span class='ocrx_word' id='word_1_261' title='bbox 1366 3730 1709 3812; x_wconf 89' lang='lat' dir='ltr'><strong>appetitus,</strong></span> <span class='ocrx_word' id='word_1_262' title='bbox 1742 3750 1823 3793; x_wconf 90' lang='lat' dir='ltr'><strong>ne</strong></span> 
     </span>
     <span class='ocr_line' id='line_1_45' title="bbox 326 3825 1823 3911; baseline 0.003 -26"><span class='ocrx_word' id='word_1_263' title='bbox 326 3832 431 3886; x_wconf 84' lang='lat' dir='ltr'><strong>aut</strong></span> <span class='ocrx_word' id='word_1_264' title='bbox 478 3843 561 3886; x_wconf 87' lang='lat' dir='ltr'><strong>ex</strong></span> <span class='ocrx_word' id='word_1_265' title='bbox 608 3825 1025 3888; x_wconf 90' lang='lat' dir='ltr'><strong>immoderato</strong></span> <span class='ocrx_word' id='word_1_266' title='bbox 1075 3828 1338 3908; x_wconf 89' lang='lat' dir='ltr'><strong>spiritus</strong></span> <span class='ocrx_word' id='word_1_267' title='bbox 1387 3827 1636 3892; x_wconf 88' lang='lat' dir='ltr'><strong>fervore</strong></span> <span class='ocrx_word' id='word_1_268' title='bbox 1686 3829 1823 3911; x_wconf 92' lang='lat' dir='ltr'><strong>pul-</strong></span> 
     </span>
     <span class='ocr_line' id='line_1_46' title="bbox 328 3920 1820 3999; baseline 0.007 -19"><span class='ocrx_word' id='word_1_269' title='bbox 328 3920 528 3985; x_wconf 88' lang='lat' dir='ltr'><strong>lulent</strong></span> <span class='ocrx_word' id='word_1_270' title='bbox 574 3923 865 3985; x_wconf 90' lang='lat' dir='ltr'><strong>omnium</strong></span> <span class='ocrx_word' id='word_1_271' title='bbox 912 3924 1170 3987; x_wconf 89' lang='lat' dir='ltr'><strong>fomites</strong></span> <span class='ocrx_word' id='word_1_272' title='bbox 1218 3926 1543 3999; x_wconf 90' lang='lat' dir='ltr'><strong>vitiorum,</strong></span> <span class='ocrx_word' id='word_1_273' title='bbox 1586 3935 1695 3989; x_wconf 89' lang='lat' dir='ltr'><strong>aut</strong></span> <span class='ocrx_word' id='word_1_274' title='bbox 1742 3946 1820 3990; x_wconf 90' lang='lat' dir='ltr'><strong>ex</strong></span> 
     </span>
     <span class='ocr_line' id='line_1_47' title="bbox 328 4017 1822 4107; baseline 0.006 -29"><span class='ocrx_word' id='word_1_275' title='bbox 328 4017 745 4083; x_wconf 89' lang='lat' dir='ltr'><strong>irrationabili</strong></span> <span class='ocrx_word' id='word_1_276' title='bbox 806 4022 1096 4103; x_wconf 88' lang='lat' dir='ltr'><strong>appetitu</strong></span> <span class='ocrx_word' id='word_1_277' title='bbox 1157 4022 1467 4085; x_wconf 90' lang='lat' dir='ltr'><strong>virtutum</strong></span> <span class='ocrx_word' id='word_1_278' title='bbox 1530 4033 1822 4107; x_wconf 88' lang='lat' dir='ltr'><strong>erumpat</strong></span> 
     </span>
     <span class='ocr_line' id='line_1_48' title="bbox 328 4116 1822 4204; baseline 0.005 -26"><span class='ocrx_word' id='word_1_279' title='bbox 328 4116 535 4191; x_wconf 88' lang='lat' dir='ltr'><strong>elatio,</strong></span> <span class='ocrx_word' id='word_1_280' title='bbox 566 4118 855 4199; x_wconf 88' lang='lat' dir='ltr'><strong>graviore</strong></span> <span class='ocrx_word' id='word_1_281' title='bbox 893 4119 1021 4181; x_wconf 90' lang='lat' dir='ltr'><strong>telo</strong></span> <span class='ocrx_word' id='word_1_282' title='bbox 1063 4119 1466 4201; x_wconf 87' lang='lat' dir='ltr'><strong>confodiens;</strong></span> <span class='ocrx_word' id='word_1_283' title='bbox 1498 4123 1608 4184; x_wconf 89' lang='lat' dir='ltr'><strong>sed</strong></span> <span class='ocrx_word' id='word_1_284' title='bbox 1651 4122 1822 4204; x_wconf 84' lang='lat' dir='ltr'><strong>justa</strong></span> 
     </span>
    </p>
   </div>
   <div class='ocr_carea' id='block_1_11' title="bbox 1935 1964 3434 2912">
    <p class='ocr_par' dir='ltr' id='par_1_11' title="bbox 1935 1964 3434 2912">
     <span class='ocr_line' id='line_1_49' title="bbox 1938 1964 3430 2048; baseline 0.003 -23"><span class='ocrx_word' id='word_1_285' title='bbox 1938 1964 2061 2026; x_wconf 91' lang='lat' dir='ltr'><strong>nisi</strong></span> <span class='ocrx_word' id='word_1_286' title='bbox 2103 1965 2437 2027; x_wconf 89' lang='lat' dir='ltr'><strong>diversitas</strong></span> <span class='ocrx_word' id='word_1_287' title='bbox 2484 1966 2713 2046; x_wconf 86' lang='lat' dir='ltr'><strong>linguae</strong></span> <span class='ocrx_word' id='word_1_288' title='bbox 2755 1966 2920 2027; x_wconf 90' lang='lat' dir='ltr'><strong>inter</strong></span> <span class='ocrx_word' id='word_1_289' title='bbox 2961 1984 3028 2028; x_wconf 91' lang='lat' dir='ltr'><strong>se</strong></span> <span class='ocrx_word' id='word_1_290' title='bbox 3072 1984 3430 2048; x_wconf 83' lang='lat' dir='ltr'><strong>repugnans</strong></span> 
     </span>
     <span class='ocr_line' id='line_1_50' title="bbox 1938 2062 3431 2144; baseline 0.002 -21"><span class='ocrx_word' id='word_1_291' title='bbox 1938 2062 2355 2144; x_wconf 87' lang='lat' dir='ltr'><strong>compulisset</strong></span> <span class='ocrx_word' id='word_1_292' title='bbox 2400 2063 2542 2125; x_wconf 93' lang='lat' dir='ltr'><strong>illos</strong></span> <span class='ocrx_word' id='word_1_293' title='bbox 2589 2062 3061 2144; x_wconf 90' lang='lat' dir='ltr'><strong>dispensatione</strong></span> <span class='ocrx_word' id='word_1_294' title='bbox 3103 2065 3319 2126; x_wconf 89' lang='lat' dir='ltr'><strong>divina</strong></span> <span class='ocrx_word' id='word_1_295' title='bbox 3367 2065 3431 2126; x_wconf 91' lang='lat' dir='ltr'><strong>in</strong></span> 
     </span>
     <span class='ocr_line' id='line_1_51' title="bbox 1940 2159 3434 2243; baseline 0.001 -22"><span class='ocrx_word' id='word_1_296' title='bbox 1940 2159 2270 2222; x_wconf 89' lang='lat' dir='ltr'><strong>meliorem</strong></span> <span class='ocrx_word' id='word_1_297' title='bbox 2302 2160 2616 2242; x_wconf 88' lang='lat' dir='ltr'><strong>proficere</strong></span> <span class='ocrx_word' id='word_1_298' title='bbox 2647 2168 2880 2223; x_wconf 86' lang='lat' dir='ltr'><strong>statum</strong></span> <span class='ocrx_word' id='word_1_299' title='bbox 2914 2179 3026 2243; x_wconf 94' lang='lat' dir='ltr'><strong>per</strong></span> <span class='ocrx_word' id='word_1_300' title='bbox 3055 2162 3434 2224; x_wconf 89' lang='lat' dir='ltr'><strong>dissonanti-</strong></span> 
     </span>
     <span class='ocr_line' id='line_1_52' title="bbox 1936 2259 3434 2340; baseline 0.002 -21"><span class='ocrx_word' id='word_1_301' title='bbox 1936 2277 2040 2319; x_wconf 88' lang='lat' dir='ltr'><strong>am</strong></span> <span class='ocrx_word' id='word_1_302' title='bbox 2070 2275 2325 2331; x_wconf 91' lang='lat' dir='ltr'><strong>vocum,</strong></span> <span class='ocrx_word' id='word_1_303' title='bbox 2359 2265 2420 2321; x_wconf 88' lang='lat' dir='ltr'><strong>et</strong></span> <span class='ocrx_word' id='word_1_304' title='bbox 2451 2276 2609 2340; x_wconf 91' lang='lat' dir='ltr'><strong>quos</strong></span> <span class='ocrx_word' id='word_1_305' title='bbox 2651 2259 3048 2340; x_wconf 91' lang='lat' dir='ltr'><strong>perniciosus</strong></span> <span class='ocrx_word' id='word_1_306' title='bbox 3089 2278 3434 2323; x_wconf 89' lang='lat' dir='ltr'><strong>consensus</strong></span> 
     </span>
     <span class='ocr_line' id='line_1_53' title="bbox 1936 2357 3434 2421; baseline 0.002 -3"><span class='ocrx_word' id='word_1_307' title='bbox 1936 2357 2328 2419; x_wconf 86' lang='lat' dir='ltr'><strong>animaverat</strong></span> <span class='ocrx_word' id='word_1_308' title='bbox 2385 2358 2464 2419; x_wconf 89' lang='lat' dir='ltr'><strong>ad</strong></span> <span class='ocrx_word' id='word_1_309' title='bbox 2522 2358 2843 2419; x_wconf 85' lang='lat' dir='ltr'><strong>excidium</strong></span> <span class='ocrx_word' id='word_1_310' title='bbox 2909 2359 3043 2421; x_wconf 91' lang='lat' dir='ltr'><strong>sive</strong></span> <span class='ocrx_word' id='word_1_311' title='bbox 3104 2359 3434 2421; x_wconf 89' lang='lat' dir='ltr'><strong>interitum</strong></span> 
     </span>
     <span class='ocr_line' id='line_1_54' title="bbox 1938 2456 3433 2539; baseline 0.003 -22"><span class='ocrx_word' id='word_1_312' title='bbox 1938 2456 2059 2530; x_wconf 91' lang='lat' dir='ltr'><strong>sui,</strong></span> <span class='ocrx_word' id='word_1_313' title='bbox 2095 2464 2450 2519; x_wconf 87' lang='lat' dir='ltr'><strong>revocasset</strong></span> <span class='ocrx_word' id='word_1_314' title='bbox 2480 2457 2647 2519; x_wconf 90' lang='lat' dir='ltr'><strong>bona</strong></span> <span class='ocrx_word' id='word_1_315' title='bbox 2677 2458 2981 2539; x_wconf 91' lang='lat' dir='ltr'><strong>utilisque</strong></span> <span class='ocrx_word' id='word_1_316' title='bbox 3011 2458 3328 2521; x_wconf 89' lang='lat' dir='ltr'><strong>discordia</strong></span> <span class='ocrx_word' id='word_1_317' title='bbox 3355 2461 3433 2522; x_wconf 89' lang='lat' dir='ltr'><strong>ad</strong></span> 
     </span>
     <span class='ocr_line' id='line_1_55' title="bbox 1938 2555 3434 2629; baseline 0.001 -13"><span class='ocrx_word' id='word_1_318' title='bbox 1938 2555 2230 2629; x_wconf 89' lang='lat' dir='ltr'><strong>salutem,</strong></span> <span class='ocrx_word' id='word_1_319' title='bbox 2265 2556 2418 2617; x_wconf 93' lang='lat' dir='ltr'><strong>dum</strong></span> <span class='ocrx_word' id='word_1_320' title='bbox 2462 2555 2922 2617; x_wconf 89' lang='lat' dir='ltr'><strong>interveniente</strong></span> <span class='ocrx_word' id='word_1_321' title='bbox 2965 2556 3276 2619; x_wconf 88' lang='lat' dir='ltr'><strong>divisione</strong></span> <span class='ocrx_word' id='word_1_322' title='bbox 3318 2558 3434 2619; x_wconf 91' lang='lat' dir='ltr'><strong>lin-</strong></span> 
     </span>
     <span class='ocr_line' id='line_1_56' title="bbox 1936 2652 3430 2735; baseline 0.003 -22"><span class='ocrx_word' id='word_1_323' title='bbox 1936 2671 2229 2733; x_wconf 88' lang='lat' dir='ltr'><strong>guarum,</strong></span> <span class='ocrx_word' id='word_1_324' title='bbox 2264 2659 2595 2734; x_wconf 90' lang='lat' dir='ltr'><strong>coeperunt</strong></span> <span class='ocrx_word' id='word_1_325' title='bbox 2635 2653 2982 2715; x_wconf 89' lang='lat' dir='ltr'><strong>humanam</strong></span> <span class='ocrx_word' id='word_1_326' title='bbox 3022 2652 3430 2735; x_wconf 86' lang='lat' dir='ltr'><strong>fragilitatem</strong></span> 
     </span>
     <span class='ocr_line' id='line_1_57' title="bbox 1938 2751 3432 2833; baseline 0.002 -21"><span class='ocrx_word' id='word_1_327' title='bbox 1938 2752 2196 2825; x_wconf 88' lang='lat' dir='ltr'><strong>sentire,</strong></span> <span class='ocrx_word' id='word_1_328' title='bbox 2232 2770 2422 2832; x_wconf 90' lang='lat' dir='ltr'><strong>quam</strong></span> <span class='ocrx_word' id='word_1_329' title='bbox 2464 2751 2663 2833; x_wconf 89' lang='lat' dir='ltr'><strong>impia</strong></span> <span class='ocrx_word' id='word_1_330' title='bbox 2703 2751 3118 2833; x_wconf 90' lang='lat' dir='ltr'><strong>inspiratione</strong></span> <span class='ocrx_word' id='word_1_331' title='bbox 3145 2753 3293 2815; x_wconf 89' lang='lat' dir='ltr'><strong>elati</strong></span> <span class='ocrx_word' id='word_1_332' title='bbox 3322 2772 3432 2815; x_wconf 88' lang='lat' dir='ltr'><strong>an-</strong></span> 
     </span>
     <span class='ocr_line' id='line_1_58' title="bbox 1935 2848 2466 2912; baseline 0 -2"><span class='ocrx_word' id='word_1_333' title='bbox 1935 2855 2037 2911; x_wconf 89' lang='lat' dir='ltr'><strong>tea</strong></span> <span class='ocrx_word' id='word_1_334' title='bbox 2079 2848 2466 2912; x_wconf 89' lang='lat' dir='ltr'><strong>nesciebant.</strong></span> 
     </span>
    </p>
   </div>
   <div class='ocr_carea' id='block_1_12' title="bbox 2304 3103 3064 3168">
    <p class='ocr_par' dir='ltr' id='par_1_12' title="bbox 2304 3103 3064 3168">
     <span class='ocr_line' id='line_1_59' title="bbox 2304 3103 3064 3168; baseline -0.001 0"><span class='ocrx_word' id='word_1_335' title='bbox 2304 3103 2810 3168; x_wconf 87' lang='lat' dir='ltr'><strong>CAPITULUM</strong></span> <span class='ocrx_word' id='word_1_336' title='bbox 2875 3105 3064 3168; x_wconf 89' lang='lat' dir='ltr'><strong>XIII.</strong></span> 
     </span>
    </p>
   </div>
   <div class='ocr_carea' id='block_1_13' title="bbox 1937 3252 3429 3415">
    <p class='ocr_par' dir='ltr' id='par_1_13' title="bbox 1937 3252 3429 3415">
     <span class='ocr_line' id='line_1_60' title="bbox 2019 3252 3351 3327; baseline 0.003 -20"><span class='ocrx_word' id='word_1_337' title='bbox 2019 3252 2105 3307; x_wconf 86' lang='lat' dir='ltr'><strong>De</strong></span> <span class='ocrx_word' id='word_1_338' title='bbox 2133 3252 2408 3308; x_wconf 76' lang='lat' dir='ltr'><strong>utilitate</strong></span> <span class='ocrx_word' id='word_1_339' title='bbox 2435 3252 2842 3307; x_wconf 80' lang='lat' dir='ltr'><strong>cunctationis</strong></span> <span class='ocrx_word' id='word_1_340' title='bbox 2871 3268 2976 3308; x_wconf 81' lang='lat' dir='ltr'><strong>seu</strong></span> <span class='ocrx_word' id='word_1_341' title='bbox 3003 3268 3187 3309; x_wconf 84' lang='lat' dir='ltr'><strong>morae</strong></span> <span class='ocrx_word' id='word_1_342' title='bbox 3215 3270 3351 3327; x_wconf 82' lang='lat' dir='ltr'><strong>quae</strong></span> 
     </span>
     <span class='ocr_line' id='line_1_61' title="bbox 1937 3335 3429 3415; baseline 0.002 -20"><span class='ocrx_word' id='word_1_343' title='bbox 1937 3342 2141 3396; x_wconf 84' lang='lat' dir='ltr'><strong>oritur</strong></span> <span class='ocrx_word' id='word_1_344' title='bbox 2187 3356 2268 3395; x_wconf 76' lang='lat' dir='ltr'><strong>ex</strong></span> <span class='ocrx_word' id='word_1_345' title='bbox 2314 3335 2740 3396; x_wconf 75' lang='lat' dir='ltr'><strong>colluctatione</strong></span> <span class='ocrx_word' id='word_1_346' title='bbox 2789 3342 3000 3397; x_wconf 79' lang='lat' dir='ltr'><strong>carnia</strong></span> <span class='ocrx_word' id='word_1_347' title='bbox 3045 3347 3102 3398; x_wconf 87' lang='lat' dir='ltr'><strong>et</strong></span> <span class='ocrx_word' id='word_1_348' title='bbox 3148 3344 3429 3415; x_wconf 79' lang='lat' dir='ltr'><strong>spiritus.</strong></span> 
     </span>
    </p>
   </div>
   <div class='ocr_carea' id='block_1_14' title="bbox 1934 3535 3430 4203">
    <p class='ocr_par' dir='ltr' id='par_1_14' title="bbox 2059 3535 3429 3599">
     <span class='ocr_line' id='line_1_62' title="bbox 2059 3535 3429 3599; baseline -0.001 -1"><span class='ocrx_word' id='word_1_349' title='bbox 2059 3535 2439 3599; x_wconf 84' lang='lat' dir='ltr'><strong>UNCTATIO</strong></span> <span class='ocrx_word' id='word_1_350' title='bbox 2477 3543 2690 3598; x_wconf 88' lang='lat' dir='ltr'><strong>autem</strong></span> <span class='ocrx_word' id='word_1_351' title='bbox 2723 3544 2849 3598; x_wconf 89' lang='lat' dir='ltr'><strong>tam</strong></span> <span class='ocrx_word' id='word_1_352' title='bbox 2884 3535 3058 3598; x_wconf 88' lang='lat' dir='ltr'><strong>utilis</strong></span> <span class='ocrx_word' id='word_1_353' title='bbox 3092 3535 3278 3597; x_wconf 90' lang='lat' dir='ltr'><strong>nobis</strong></span> <span class='ocrx_word' id='word_1_354' title='bbox 3307 3536 3429 3599; x_wconf 92' lang='lat' dir='ltr'><strong>ori-</strong></span> 
     </span>
    </p>

    <p class='ocr_par' dir='ltr' id='par_1_15' title="bbox 1934 3633 3430 4203">
     <span class='ocr_line' id='line_1_63' title="bbox 2085 3633 3424 3716; baseline 0 -20"><span class='ocrx_word' id='word_1_355' title='bbox 2085 3642 2190 3696; x_wconf 90' lang='lat' dir='ltr'><strong>tur</strong></span> <span class='ocrx_word' id='word_1_356' title='bbox 2238 3653 2314 3695; x_wconf 89' lang='lat' dir='ltr'><strong>ex</strong></span> <span class='ocrx_word' id='word_1_357' title='bbox 2373 3633 2738 3696; x_wconf 89' lang='lat' dir='ltr'><strong>diversitate</strong></span> <span class='ocrx_word' id='word_1_358' title='bbox 2799 3652 3027 3715; x_wconf 81' lang='lat' dir='ltr'><strong>pugnae</strong></span> <span class='ocrx_word' id='word_1_359' title='bbox 3087 3634 3424 3716; x_wconf 79' lang='lat' dir='ltr'><strong>praedictae,</strong></span> 
     </span>
     <span class='ocr_line' id='line_1_64' title="bbox 1936 3731 3427 3813; baseline 0.001 -20"><span class='ocrx_word' id='word_1_360' title='bbox 1936 3739 2192 3813; x_wconf 88' lang='lat' dir='ltr'><strong>tamque</strong></span> <span class='ocrx_word' id='word_1_361' title='bbox 2239 3731 2531 3793; x_wconf 90' lang='lat' dir='ltr'><strong>salutaris</strong></span> <span class='ocrx_word' id='word_1_362' title='bbox 2578 3731 2798 3794; x_wconf 89' lang='lat' dir='ltr'><strong>dilatio</strong></span> <span class='ocrx_word' id='word_1_363' title='bbox 2838 3750 2916 3793; x_wconf 88' lang='lat' dir='ltr'><strong>ex</strong></span> <span class='ocrx_word' id='word_1_364' title='bbox 2961 3732 3427 3794; x_wconf 89' lang='lat' dir='ltr'><strong>concertatione</strong></span> 
     </span>
     <span class='ocr_line' id='line_1_65' title="bbox 1934 3829 3428 3910; baseline -0.001 -19"><span class='ocrx_word' id='word_1_365' title='bbox 1934 3830 2328 3910; x_wconf 89' lang='lat' dir='ltr'><strong>hujusmodi,</strong></span> <span class='ocrx_word' id='word_1_366' title='bbox 2363 3838 2433 3890; x_wconf 94' lang='lat' dir='ltr'><strong>ut</strong></span> <span class='ocrx_word' id='word_1_367' title='bbox 2463 3830 2616 3891; x_wconf 91' lang='lat' dir='ltr'><strong>dum</strong></span> <span class='ocrx_word' id='word_1_368' title='bbox 2648 3829 3030 3891; x_wconf 88' lang='lat' dir='ltr'><strong>retrahimur</strong></span> <span class='ocrx_word' id='word_1_369' title='bbox 3059 3829 3139 3891; x_wconf 90' lang='lat' dir='ltr'><strong>ab</strong></span> <span class='ocrx_word' id='word_1_370' title='bbox 3169 3848 3428 3891; x_wconf 85' lang='lat' dir='ltr'><strong>exsecu-</strong></span> 
     </span>
     <span class='ocr_line' id='line_1_66' title="bbox 1936 3927 3429 4009; baseline 0 -21"><span class='ocrx_word' id='word_1_371' title='bbox 1936 3928 2106 3989; x_wconf 88' lang='lat' dir='ltr'><strong>tione</strong></span> <span class='ocrx_word' id='word_1_372' title='bbox 2136 3935 2201 3990; x_wconf 91' lang='lat' dir='ltr'><strong>et</strong></span> <span class='ocrx_word' id='word_1_373' title='bbox 2229 3945 2420 4009; x_wconf 92' lang='lat' dir='ltr'><strong>opere</strong></span> <span class='ocrx_word' id='word_1_374' title='bbox 2462 3944 2682 3989; x_wconf 92' lang='lat' dir='ltr'><strong>eorum</strong></span> <span class='ocrx_word' id='word_1_375' title='bbox 2715 3946 2858 4008; x_wconf 85' lang='lat' dir='ltr'><strong>quae</strong></span> <span class='ocrx_word' id='word_1_376' title='bbox 2887 3927 3114 3989; x_wconf 90' lang='lat' dir='ltr'><strong>vitiose</strong></span> <span class='ocrx_word' id='word_1_377' title='bbox 3153 3927 3429 4008; x_wconf 91' lang='lat' dir='ltr'><strong>concipi-</strong></span> 
     </span>
     <span class='ocr_line' id='line_1_67' title="bbox 1937 4025 3430 4106; baseline -0.002 -18"><span class='ocrx_word' id='word_1_378' title='bbox 1937 4045 2101 4099; x_wconf 81' lang='lat' dir='ltr'><strong>muS,</strong></span> <span class='ocrx_word' id='word_1_379' title='bbox 2135 4026 2468 4088; x_wconf 87' lang='lat' dir='ltr'><strong>resistente</strong></span> <span class='ocrx_word' id='word_1_380' title='bbox 2513 4025 2796 4106; x_wconf 92' lang='lat' dir='ltr'><strong>corporis</strong></span> <span class='ocrx_word' id='word_1_381' title='bbox 2838 4025 3024 4098; x_wconf 90' lang='lat' dir='ltr'><strong>mole,</strong></span> <span class='ocrx_word' id='word_1_382' title='bbox 3057 4042 3430 4087; x_wconf 88' lang='lat' dir='ltr'><strong>revocemur</strong></span> 
     </span>
     <span class='ocr_line' id='line_1_68' title="bbox 1935 4121 3428 4203; baseline -0.001 -19"><span class='ocrx_word' id='word_1_383' title='bbox 1935 4124 2255 4184; x_wconf 90' lang='lat' dir='ltr'><strong>interdum</strong></span> <span class='ocrx_word' id='word_1_384' title='bbox 2287 4121 2352 4182; x_wconf 92' lang='lat' dir='ltr'><strong>in</strong></span> <span class='ocrx_word' id='word_1_385' title='bbox 2384 4128 2618 4183; x_wconf 91' lang='lat' dir='ltr'><strong>statum</strong></span> <span class='ocrx_word' id='word_1_386' title='bbox 2661 4121 2988 4184; x_wconf 91' lang='lat' dir='ltr'><strong>meliorem</strong></span> <span class='ocrx_word' id='word_1_387' title='bbox 3032 4121 3428 4203; x_wconf 89' lang='lat' dir='ltr'><strong>poenitudine</strong></span> 
     </span>
    </p>
   </div>
   <div class='ocr_carea' id='block_1_15' title="bbox 326 4216 3430 4302">
    <p class='ocr_par' dir='ltr' id='par_1_16' title="bbox 326 4216 3430 4302">
     <span class='ocr_line' id='line_1_69' title="bbox 326 4216 3430 4302; baseline 0.001 -25"><span class='ocrx_word' id='word_1_388' title='bbox 326 4216 752 4297; x_wconf 86' lang='lat' dir='ltr'><strong>aequilibratio</strong></span> <span class='ocrx_word' id='word_1_389' title='bbox 801 4217 1265 4281; x_wconf 89' lang='lat' dir='ltr'><strong>colluctationis</strong></span> <span class='ocrx_word' id='word_1_390' title='bbox 1323 4219 1553 4281; x_wconf 90' lang='lat' dir='ltr'><strong>horum</strong></span> <span class='ocrx_word' id='word_1_391' title='bbox 1610 4239 1823 4283; x_wconf 89' lang='lat' dir='ltr'><strong>succe·</strong></span> <span class='ocrx_word' id='word_1_392' title='bbox 1852 4231 1901 4292; x_wconf 89' lang='lat' dir='ltr'>D</span> <span class='ocrx_word' id='word_1_393' title='bbox 1934 4221 2384 4302; x_wconf 87' lang='lat' dir='ltr'><strong>subsequente,</strong></span> <span class='ocrx_word' id='word_1_394' title='bbox 2435 4228 2544 4281; x_wconf 88' lang='lat' dir='ltr'><strong>aut</strong></span> <span class='ocrx_word' id='word_1_395' title='bbox 2592 4220 3031 4281; x_wconf 88' lang='lat' dir='ltr'><strong>emendatione</strong></span> <span class='ocrx_word' id='word_1_396' title='bbox 3081 4238 3222 4300; x_wconf 81' lang='lat' dir='ltr'><strong>quae</strong></span> <span class='ocrx_word' id='word_1_397' title='bbox 3268 4217 3430 4281; x_wconf 86' lang='lat' dir='ltr'><strong>solet</strong></span> 
     </span>
    </p>
   </div>
   <div class='ocr_carea' id='block_1_16' title="bbox 327 4313 1831 5380">
    <p class='ocr_par' dir='ltr' id='par_1_17' title="bbox 327 4313 1831 5380">
     <span class='ocr_line' id='line_1_70' title="bbox 327 4313 1821 4399; baseline 0.003 -24"><span class='ocrx_word' id='word_1_398' title='bbox 327 4313 501 4387; x_wconf 91' lang='lat' dir='ltr'><strong>dens,</strong></span> <span class='ocrx_word' id='word_1_399' title='bbox 554 4323 763 4377; x_wconf 85' lang='lat' dir='ltr'><strong>servet</strong></span> <span class='ocrx_word' id='word_1_400' title='bbox 810 4334 1029 4378; x_wconf 89' lang='lat' dir='ltr'><strong>sanam</strong></span> <span class='ocrx_word' id='word_1_401' title='bbox 1089 4318 1603 4399; x_wconf 89' lang='lat' dir='ltr'><strong>moderatamque</strong></span> <span class='ocrx_word' id='word_1_402' title='bbox 1650 4319 1821 4380; x_wconf 90' lang='lat' dir='ltr'><strong>viam</strong></span> 
     </span>
     <span class='ocr_line' id='line_1_71' title="bbox 328 4411 1823 4495; baseline 0.005 -23"><span class='ocrx_word' id='word_1_403' title='bbox 328 4411 491 4474; x_wconf 87' lang='lat' dir='ltr'><strong>inter</strong></span> <span class='ocrx_word' id='word_1_404' title='bbox 528 4421 795 4495; x_wconf 89' lang='lat' dir='ltr'><strong>utraque</strong></span> <span class='ocrx_word' id='word_1_405' title='bbox 838 4414 966 4487; x_wconf 90' lang='lat' dir='ltr'><strong>illa,</strong></span> <span class='ocrx_word' id='word_1_406' title='bbox 1003 4415 1235 4477; x_wconf 90' lang='lat' dir='ltr'><strong>docens</strong></span> <span class='ocrx_word' id='word_1_407' title='bbox 1278 4415 1548 4477; x_wconf 90' lang='lat' dir='ltr'><strong>militem</strong></span> <span class='ocrx_word' id='word_1_408' title='bbox 1591 4416 1823 4479; x_wconf 88' lang='lat' dir='ltr'><strong>Christi</strong></span> 
     </span>
     <span class='ocr_line' id='line_1_72' title="bbox 330 4512 1819 4595; baseline 0.004 -24"><span class='ocrx_word' id='word_1_409' title='bbox 330 4528 579 4592; x_wconf 88' lang='lat' dir='ltr'><strong>semper</strong></span> <span class='ocrx_word' id='word_1_410' title='bbox 606 4512 903 4574; x_wconf 86' lang='lat' dir='ltr'><strong>incedere</strong></span> <span class='ocrx_word' id='word_1_411' title='bbox 934 4512 1127 4593; x_wconf 86' lang='lat' dir='ltr'><strong>regali</strong></span> <span class='ocrx_word' id='word_1_412' title='bbox 1161 4513 1405 4575; x_wconf 88' lang='lat' dir='ltr'><strong>itinere.</strong></span> <span class='ocrx_word' id='word_1_413' title='bbox 1424 4514 1654 4595; x_wconf 90' lang='lat' dir='ltr'><strong>Sicque</strong></span> <span class='ocrx_word' id='word_1_414' title='bbox 1684 4513 1819 4589; x_wconf 88' lang='lat' dir='ltr'><strong>fiet,</strong></span> 
     </span>
     <span class='ocr_line' id='line_1_73' title="bbox 330 4608 1821 4692; baseline 0.005 -25"><span class='ocrx_word' id='word_1_415' title='bbox 330 4608 479 4669; x_wconf 91' lang='lat' dir='ltr'><strong>dum</strong></span> <span class='ocrx_word' id='word_1_416' title='bbox 518 4627 595 4670; x_wconf 89' lang='lat' dir='ltr'><strong>ex</strong></span> <span class='ocrx_word' id='word_1_417' title='bbox 627 4616 846 4691; x_wconf 89' lang='lat' dir='ltr'><strong>tepore</strong></span> <span class='ocrx_word' id='word_1_418' title='bbox 885 4610 1201 4691; x_wconf 81' lang='lat' dir='ltr'><strong>praedictae</strong></span> <span class='ocrx_word' id='word_1_419' title='bbox 1243 4612 1668 4692; x_wconf 81' lang='lat' dir='ltr'><strong>ignavissimae</strong></span> <span class='ocrx_word' id='word_1_420' title='bbox 1709 4632 1821 4675; x_wconf 90' lang='lat' dir='ltr'><strong>seu</strong></span> 
     </span>
     <span class='ocr_line' id='line_1_74' title="bbox 332 4706 1825 4787; baseline 0.005 -21"><span class='ocrx_word' id='word_1_421' title='bbox 332 4706 743 4787; x_wconf 83' lang='lat' dir='ltr'><strong>tepidissimae</strong></span> <span class='ocrx_word' id='word_1_422' title='bbox 773 4708 1116 4771; x_wconf 89' lang='lat' dir='ltr'><strong>voluntatis</strong></span> <span class='ocrx_word' id='word_1_423' title='bbox 1158 4728 1336 4771; x_wconf 87' lang='lat' dir='ltr'><strong>mens</strong></span> <span class='ocrx_word' id='word_1_424' title='bbox 1377 4709 1573 4772; x_wconf 90' lang='lat' dir='ltr'><strong>fuerit</strong></span> <span class='ocrx_word' id='word_1_425' title='bbox 1613 4730 1825 4774; x_wconf 89' lang='lat' dir='ltr'><strong>exces-</strong></span> 
     </span>
     <span class='ocr_line' id='line_1_75' title="bbox 332 4803 1823 4883; baseline 0.005 -20"><span class='ocrx_word' id='word_1_426' title='bbox 332 4803 461 4866; x_wconf 90' lang='lat' dir='ltr'><strong>sive</strong></span> <span class='ocrx_word' id='word_1_427' title='bbox 518 4804 817 4868; x_wconf 88' lang='lat' dir='ltr'><strong>devoluta</strong></span> <span class='ocrx_word' id='word_1_428' title='bbox 871 4806 949 4867; x_wconf 91' lang='lat' dir='ltr'><strong>ad</strong></span> <span class='ocrx_word' id='word_1_429' title='bbox 1011 4806 1325 4869; x_wconf 88' lang='lat' dir='ltr'><strong>desideria</strong></span> <span class='ocrx_word' id='word_1_430' title='bbox 1380 4809 1613 4883; x_wconf 82' lang='lat' dir='ltr'><strong>carniS‚</strong></span> <span class='ocrx_word' id='word_1_431' title='bbox 1677 4826 1823 4871; x_wconf 92' lang='lat' dir='ltr'><strong>mox</strong></span> 
     </span>
     <span class='ocr_line' id='line_1_76' title="bbox 334 4902 1823 4989; baseline 0.004 -26"><span class='ocrx_word' id='word_1_432' title='bbox 334 4902 681 4965; x_wconf 85' lang='lat' dir='ltr'><strong>refrenetur</strong></span> <span class='ocrx_word' id='word_1_433' title='bbox 725 4922 839 4986; x_wconf 91' lang='lat' dir='ltr'><strong>per</strong></span> <span class='ocrx_word' id='word_1_434' title='bbox 880 4903 1194 4967; x_wconf 90' lang='lat' dir='ltr'><strong>sinceram</strong></span> <span class='ocrx_word' id='word_1_435' title='bbox 1240 4907 1823 4989; x_wconf 89' lang='lat' dir='ltr'><strong>concupiscentiam</strong></span> 
     </span>
     <span class='ocr_line' id='line_1_77' title="bbox 334 5002 1829 5087; baseline 0.003 -24"><span class='ocrx_word' id='word_1_436' title='bbox 334 5002 611 5082; x_wconf 86' lang='lat' dir='ltr'><strong>spiritus,</strong></span> <span class='ocrx_word' id='word_1_437' title='bbox 661 5004 805 5085; x_wconf 91' lang='lat' dir='ltr'><strong>ipso</strong></span> <span class='ocrx_word' id='word_1_438' title='bbox 849 5003 1078 5085; x_wconf 87' lang='lat' dir='ltr'><strong>spiritu</strong></span> <span class='ocrx_word' id='word_1_439' title='bbox 1131 5022 1531 5086; x_wconf 88' lang='lat' dir='ltr'><strong>nequaquam</strong></span> <span class='ocrx_word' id='word_1_440' title='bbox 1578 5006 1829 5087; x_wconf 90' lang='lat' dir='ltr'><strong>acquie-</strong></span> 
     </span>
     <span class='ocr_line' id='line_1_78' title="bbox 334 5100 1827 5185; baseline 0.004 -26"><span class='ocrx_word' id='word_1_441' title='bbox 334 5108 545 5161; x_wconf 89' lang='lat' dir='ltr'><strong>scente</strong></span> <span class='ocrx_word' id='word_1_442' title='bbox 583 5100 757 5163; x_wconf 90' lang='lat' dir='ltr'><strong>vitiis</strong></span> <span class='ocrx_word' id='word_1_443' title='bbox 803 5102 1050 5181; x_wconf 82' lang='lat' dir='ltr'><strong>carnis3</strong></span> <span class='ocrx_word' id='word_1_444' title='bbox 1091 5110 1154 5165; x_wconf 94' lang='lat' dir='ltr'><strong>et</strong></span> <span class='ocrx_word' id='word_1_445' title='bbox 1191 5122 1432 5177; x_wconf 90' lang='lat' dir='ltr'><strong>rursus,</strong></span> <span class='ocrx_word' id='word_1_446' title='bbox 1467 5103 1521 5164; x_wconf 94' lang='lat' dir='ltr'><strong>si</strong></span> <span class='ocrx_word' id='word_1_447' title='bbox 1564 5102 1827 5185; x_wconf 91' lang='lat' dir='ltr'><strong>spiritus</strong></span> 
     </span>
     <span class='ocr_line' id='line_1_79' title="bbox 338 5199 1827 5263; baseline 0.003 -5"><span class='ocrx_word' id='word_1_448' title='bbox 338 5204 546 5260; x_wconf 89' lang='lat' dir='ltr'><strong>noster</strong></span> <span class='ocrx_word' id='word_1_449' title='bbox 594 5199 1016 5263; x_wconf 90' lang='lat' dir='ltr'><strong>immoderato</strong></span> <span class='ocrx_word' id='word_1_450' title='bbox 1062 5200 1311 5263; x_wconf 88' lang='lat' dir='ltr'><strong>fervore</strong></span> <span class='ocrx_word' id='word_1_451' title='bbox 1359 5200 1711 5263; x_wconf 89' lang='lat' dir='ltr'><strong>extenderit</strong></span> <span class='ocrx_word' id='word_1_452' title='bbox 1761 5218 1827 5262; x_wconf 90' lang='lat' dir='ltr'><strong>se</strong></span> 
     </span>
     <span class='ocr_line' id='line_1_80' title="bbox 337 5295 1831 5380; baseline 0.003 -23"><span class='ocrx_word' id='word_1_453' title='bbox 337 5295 411 5357; x_wconf 90' lang='lat' dir='ltr'><strong>ad</strong></span> <span class='ocrx_word' id='word_1_454' title='bbox 452 5296 878 5379; x_wconf 89' lang='lat' dir='ltr'><strong>impossibilia</strong></span> <span class='ocrx_word' id='word_1_455' title='bbox 922 5317 1036 5380; x_wconf 90' lang='lat' dir='ltr'><strong>per</strong></span> <span class='ocrx_word' id='word_1_456' title='bbox 1075 5299 1283 5361; x_wconf 91' lang='lat' dir='ltr'><strong>cordis</strong></span> <span class='ocrx_word' id='word_1_457' title='bbox 1324 5317 1677 5372; x_wconf 86' lang='lat' dir='ltr'><strong>excessum,</strong></span> <span class='ocrx_word' id='word_1_458' title='bbox 1711 5297 1831 5361; x_wconf 90' lang='lat' dir='ltr'><strong>fra-</strong></span> 
     </span>
    </p>
   </div>
   <div class='ocr_carea' id='block_1_17' title="bbox 1932 4316 3428 5378">
    <p class='ocr_par' dir='ltr' id='par_1_18' title="bbox 1932 4316 3428 5378">
     <span class='ocr_line' id='line_1_81' title="bbox 1932 4316 3425 4398; baseline -0.002 -18"><span class='ocrx_word' id='word_1_459' title='bbox 1932 4318 2315 4381; x_wconf 90' lang='lat' dir='ltr'><strong>descendere</strong></span> <span class='ocrx_word' id='word_1_460' title='bbox 2345 4336 2421 4378; x_wconf 89' lang='lat' dir='ltr'><strong>ex</strong></span> <span class='ocrx_word' id='word_1_461' title='bbox 2452 4317 2663 4398; x_wconf 89' lang='lat' dir='ltr'><strong>operis</strong></span> <span class='ocrx_word' id='word_1_462' title='bbox 2696 4316 3278 4397; x_wconf 89' lang='lat' dir='ltr'><strong>procrastinatione,</strong></span> <span class='ocrx_word' id='word_1_463' title='bbox 3312 4336 3425 4379; x_wconf 90' lang='lat' dir='ltr'><strong>seu</strong></span> 
     </span>
     <span class='ocr_line' id='line_1_82' title="bbox 1933 4414 3424 4497; baseline 0 -20"><span class='ocrx_word' id='word_1_464' title='bbox 1933 4415 2363 4496; x_wconf 83' lang='lat' dir='ltr'><strong>recognitione</strong></span> <span class='ocrx_word' id='word_1_465' title='bbox 2394 4414 2595 4497; x_wconf 89' lang='lat' dir='ltr'><strong>ipsius</strong></span> <span class='ocrx_word' id='word_1_466' title='bbox 2627 4414 3104 4477; x_wconf 86' lang='lat' dir='ltr'><strong>interveniente.</strong></span> <span class='ocrx_word' id='word_1_467' title='bbox 3139 4414 3424 4496; x_wconf 91' lang='lat' dir='ltr'><strong>Denique</strong></span> 
     </span>
     <span class='ocr_line' id='line_1_83' title="bbox 1932 4512 3424 4595; baseline -0.003 -18"><span class='ocrx_word' id='word_1_468' title='bbox 1932 4515 2250 4578; x_wconf 80' lang='lat' dir='ltr'><strong>daemones</strong></span> <span class='ocrx_word' id='word_1_469' title='bbox 2284 4520 2347 4576; x_wconf 91' lang='lat' dir='ltr'><strong>et</strong></span> <span class='ocrx_word' id='word_1_470' title='bbox 2377 4512 2741 4595; x_wconf 85' lang='lat' dir='ltr'><strong>spirituales</strong></span> <span class='ocrx_word' id='word_1_471' title='bbox 2781 4512 3104 4594; x_wconf 86' lang='lat' dir='ltr'><strong>nequitiae,</strong></span> <span class='ocrx_word' id='word_1_472' title='bbox 3138 4513 3248 4594; x_wconf 92' lang='lat' dir='ltr'><strong>qui</strong></span> <span class='ocrx_word' id='word_1_473' title='bbox 3286 4513 3424 4575; x_wconf 92' lang='lat' dir='ltr'><strong>nul-</strong></span> 
     </span>
     <span class='ocr_line' id='line_1_84' title="bbox 1935 4610 3424 4674; baseline 0.001 -2"><span class='ocrx_word' id='word_1_474' title='bbox 1935 4612 1994 4674; x_wconf 94' lang='lat' dir='ltr'><strong>lo</strong></span> <span class='ocrx_word' id='word_1_475' title='bbox 2044 4612 2252 4673; x_wconf 88' lang='lat' dir='ltr'><strong>carnis</strong></span> <span class='ocrx_word' id='word_1_476' title='bbox 2299 4610 2628 4673; x_wconf 90' lang='lat' dir='ltr'><strong>obstaculo</strong></span> <span class='ocrx_word' id='word_1_477' title='bbox 2680 4611 3078 4673; x_wconf 89' lang='lat' dir='ltr'><strong>retardantur</strong></span> <span class='ocrx_word' id='word_1_478' title='bbox 3123 4610 3203 4672; x_wconf 90' lang='lat' dir='ltr'><strong>ab</strong></span> <span class='ocrx_word' id='word_1_479' title='bbox 3251 4629 3424 4673; x_wconf 89' lang='lat' dir='ltr'><strong>exse-</strong></span> 
     </span>
     <span class='ocr_line' id='line_1_85' title="bbox 1934 4709 3426 4792; baseline 0 -21"><span class='ocrx_word' id='word_1_480' title='bbox 1934 4710 2188 4772; x_wconf 90' lang='lat' dir='ltr'><strong>cutione</strong></span> <span class='ocrx_word' id='word_1_481' title='bbox 2227 4709 2685 4771; x_wconf 88' lang='lat' dir='ltr'><strong>desideriorum</strong></span> <span class='ocrx_word' id='word_1_482' title='bbox 2731 4727 3012 4783; x_wconf 90' lang='lat' dir='ltr'><strong>suorum,</strong></span> <span class='ocrx_word' id='word_1_483' title='bbox 3054 4729 3254 4792; x_wconf 89' lang='lat' dir='ltr'><strong>quum</strong></span> <span class='ocrx_word' id='word_1_484' title='bbox 3297 4710 3426 4772; x_wconf 91' lang='lat' dir='ltr'><strong>sint</strong></span> 
     </span>
     <span class='ocr_line' id='line_1_86' title="bbox 1934 4806 3424 4889; baseline -0.001 -19"><span class='ocrx_word' id='word_1_485' title='bbox 1934 4810 2011 4870; x_wconf 90' lang='lat' dir='ltr'><strong>de</strong></span> <span class='ocrx_word' id='word_1_486' title='bbox 2058 4806 2478 4869; x_wconf 89' lang='lat' dir='ltr'><strong>eminentiore</strong></span> <span class='ocrx_word' id='word_1_487' title='bbox 2534 4806 2903 4886; x_wconf 89' lang='lat' dir='ltr'><strong>angelorum</strong></span> <span class='ocrx_word' id='word_1_488' title='bbox 2961 4807 3182 4869; x_wconf 89' lang='lat' dir='ltr'><strong>ordine</strong></span> <span class='ocrx_word' id='word_1_489' title='bbox 3241 4808 3424 4889; x_wconf 86' lang='lat' dir='ltr'><strong>lapsi,</strong></span> 
     </span>
     <span class='ocr_line' id='line_1_87' title="bbox 1935 4902 3426 4985; baseline -0.001 -17"><span class='ocrx_word' id='word_1_490' title='bbox 1935 4902 2298 4968; x_wconf 83' lang='lat' dir='ltr'><strong>deteriores&#39;</strong></span> <span class='ocrx_word' id='word_1_491' title='bbox 2336 4910 2584 4966; x_wconf 89' lang='lat' dir='ltr'><strong>exstant</strong></span> <span class='ocrx_word' id='word_1_492' title='bbox 2639 4902 3008 4965; x_wconf 90' lang='lat' dir='ltr'><strong>hominibus</strong></span> <span class='ocrx_word' id='word_1_493' title='bbox 3061 4923 3076 4967; x_wconf 86' lang='lat'><strong>:</strong></span> <span class='ocrx_word' id='word_1_494' title='bbox 3126 4922 3202 4967; x_wconf 88' lang='lat' dir='ltr'><strong>eo</strong></span> <span class='ocrx_word' id='word_1_495' title='bbox 3257 4905 3426 4985; x_wconf 88' lang='lat' dir='ltr'><strong>quod</strong></span> 
     </span>
     <span class='ocr_line' id='line_1_88' title="bbox 1937 5000 3424 5085; baseline -0.001 -20"><span class='ocrx_word' id='word_1_496' title='bbox 1937 5002 2358 5085; x_wconf 89' lang='lat' dir='ltr'><strong>possibilitate</strong></span> <span class='ocrx_word' id='word_1_497' title='bbox 2417 5019 2638 5063; x_wconf 89' lang='lat' dir='ltr'><strong>eorum</strong></span> <span class='ocrx_word' id='word_1_498' title='bbox 2689 5000 3018 5063; x_wconf 88' lang='lat' dir='ltr'><strong>desideriis</strong></span> <span class='ocrx_word' id='word_1_499' title='bbox 3075 5002 3424 5080; x_wconf 88' lang='lat' dir='ltr'><strong>adjacente,</strong></span> 
     </span>
     <span class='ocr_line' id='line_1_89' title="bbox 1936 5097 3426 5181; baseline -0.001 -19"><span class='ocrx_word' id='word_1_500' title='bbox 1936 5118 2064 5163; x_wconf 92' lang='lat' dir='ltr'><strong>non</strong></span> <span class='ocrx_word' id='word_1_501' title='bbox 2124 5106 2463 5162; x_wconf 88' lang='lat' dir='ltr'><strong>vereantur</strong></span> <span class='ocrx_word' id='word_1_502' title='bbox 2520 5097 2862 5160; x_wconf 86' lang='lat' dir='ltr'><strong>inflexibili</strong></span> <span class='ocrx_word' id='word_1_503' title='bbox 2922 5098 3232 5180; x_wconf 89' lang='lat' dir='ltr'><strong>pravitate</strong></span> <span class='ocrx_word' id='word_1_504' title='bbox 3289 5116 3426 5181; x_wconf 91' lang='lat' dir='ltr'><strong>per-</strong></span> 
     </span>
     <span class='ocr_line' id='line_1_90' title="bbox 1938 5195 3425 5278; baseline -0.001 -18"><span class='ocrx_word' id='word_1_505' title='bbox 1938 5198 2136 5260; x_wconf 90' lang='lat' dir='ltr'><strong>ficere</strong></span> <span class='ocrx_word' id='word_1_506' title='bbox 2187 5197 2250 5259; x_wconf 91' lang='lat' dir='ltr'><strong>id</strong></span> <span class='ocrx_word' id='word_1_507' title='bbox 2300 5197 2469 5278; x_wconf 93' lang='lat' dir='ltr'><strong>quod</strong></span> <span class='ocrx_word' id='word_1_508' title='bbox 2527 5196 2721 5258; x_wconf 90' lang='lat' dir='ltr'><strong>semel</strong></span> <span class='ocrx_word' id='word_1_509' title='bbox 2781 5195 3074 5278; x_wconf 90' lang='lat' dir='ltr'><strong>nequiter</strong></span> <span class='ocrx_word' id='word_1_510' title='bbox 3121 5212 3425 5277; x_wconf 89' lang='lat' dir='ltr'><strong>concepe-</strong></span> 
     </span>
     <span class='ocr_line' id='line_1_91' title="bbox 1940 5292 3428 5378; baseline 0 -20"><span class='ocrx_word' id='word_1_511' title='bbox 1940 5296 2109 5375; x_wconf 89' lang='lat' dir='ltr'><strong>rint;</strong></span> <span class='ocrx_word' id='word_1_512' title='bbox 2163 5294 2466 5378; x_wconf 90' lang='lat' dir='ltr'><strong>quoniam</strong></span> <span class='ocrx_word' id='word_1_513' title='bbox 2527 5292 2693 5355; x_wconf 88' lang='lat' dir='ltr'><strong>sicut</strong></span> <span class='ocrx_word' id='word_1_514' title='bbox 2741 5294 2994 5357; x_wconf 89' lang='lat' dir='ltr'><strong>animus</strong></span> <span class='ocrx_word' id='word_1_515' title='bbox 3053 5311 3272 5357; x_wconf 89' lang='lat' dir='ltr'><strong>eorum</strong></span> <span class='ocrx_word' id='word_1_516' title='bbox 3331 5301 3428 5359; x_wconf 88' lang='lat' dir='ltr'><strong>est</strong></span> 
     </span>
    </p>
   </div>
  </div>
 </body>
</html>
