4359 6267
850 480 968 544 182

1555 498 1972 546 COLLATIONUM
2012 500 2098 544 SS.
2133 497 2377 542 PATRUM
2419 495 2594 541 mmm
2635 497 2672 541 1.
2719 514 2800 523 —
2840 495 3126 543 COLLATIO
3167 496 3228 541 lv

844 668 1029 729 velox
1089 669 1167 730 ad
1216 668 1725 747 excogitandum,
1778 668 1863 728 ita
1910 684 2132 730 eorum
2193 666 2338 728 sub-
2366 664 2418 727 A
2449 666 2891 747 inquietandos
2924 684 3040 727 nec
3069 666 3204 746 ipsa
3233 664 3512 746 simplici
3544 662 3748 725 carnis
3776 680 3968 724 com·

843 767 1073 827 stantia
1120 775 1216 827 est
1265 767 1533 847 pervigil
1582 774 1645 828 et
1693 765 1983 828 absoluta
2038 765 2116 827 ad
2165 784 2338 827 exse-

841 865 1223 945 quendum3
1288 865 1569 946 dumque
1634 864 1918 945 suppetit
1980 864 2073 925 eis
2143 882 2337 944 prava

839 961 1107 1025 facultas
1155 964 1381 1043 agendi
1432 983 1573 1044 quae
1624 962 1913 1045 cupiunt,
1961 963 2137 1024 nulla
2185 962 2336 1024 deli-

838 1060 1081 1123 beratio
1112 1060 1404 1122 salutaris
1438 1060 1866 1123 interveniens
1906 1061 2202 1122 emendat
2232 1078 2333 1122 eo-

837 1179 979 1221 rum
1026 1160 1265 1221 malum
1309 1168 1710 1241 conceptum.

1207 1414 1711 1477 CAPITULUM
1775 1414 1959 1476 XIV.

944 1562 1029 1616 De
1058 1560 1496 1617 inemendabili
1524 1560 1768 1615 malitia
1798 1560 2228 1631 spiritualium

1368 1651 1806 1721 nequitiarum.

2449 765 2748 837 motione,
2781 771 2969 845 atque
3003 782 3117 845 per
3155 764 3274 825 hoc
3302 762 3687 845 coeperimus
3725 778 3968 842 super-

2446 861 2583 923 bire
2644 862 2708 923 in
2768 862 3027 923 secretis
3085 862 3490 923 conscientiae
3547 868 3778 922 nostrae
3836 866 3966 919 aut

2448 959 2721 1021 inaniter
2768 959 3047 1039 gloriari,
3099 959 3281 1040 quasi
3334 978 3590 1020 carnem
3648 956 3962 1037 fragilem

2445 1076 2574 1120 non
2617 1065 2937 1138 gestemus
2973 1075 2987 1118 z
3024 1075 3234 1139 pugna
3271 1076 3384 1119 seu
3424 1054 3966 1137 concupiscentia

2448 1155 2555 1216 illa
2585 1172 2698 1217 nos
2731 1156 2857 1216 cito
2887 1154 3180 1216 humiliat
3210 1173 3284 1215 ac
3313 1154 3608 1227 retundit,
3623 1152 3964 1215 visitando

2447 1271 2560 1314 nos
2600 1272 2716 1315 suo
2754 1252 2959 1325 fluxu,
2994 1253 3287 1334 quamvis
3325 1252 3605 1333 simplici
3635 1259 3702 1313 et
3729 1250 3960 1313 occul-

2446 1358 2531 1424 to,
2564 1350 2823 1433 suisque
2855 1350 3132 1412 stimulis
3171 1352 3468 1413 admonet
3501 1367 3618 1411 nos
3645 1348 3960 1411 homines

2446 1467 2602 1510 esse.
2647 1449 2852 1522 Quum
2901 1447 3075 1509 enim
3119 1456 3326 1510 cetera
3367 1447 3524 1510 vitia
3565 1447 3757 1509 etiam
3803 1464 3960 1526 gra-

2445 1548 2622 1609 viora
2658 1566 2731 1609 ac
2771 1547 3094 1609 nociviora
3135 1547 3452 1609 soleamus
3497 1545 3962 1608 indifferenter

2447 1645 2792 1718 incurrere,
2826 1663 2944 1707 nec
2983 1652 3196 1706 tamen
3239 1664 3315 1706 ex
3354 1661 3575 1705 eorum
3619 1652 3957 1725 perpetra-

2447 1742 2619 1804 tione
2659 1751 2788 1804 tam
2827 1742 3015 1804 facile
3056 1760 3562 1823 compungamur
3589 1748 3650 1802 et
3682 1741 3960 1802 bumili-

960 1847 1379 1910 PIRITUALIS
1423 1864 1699 1927 namque
1742 1844 2115 1915 substantia,
2158 1841 2334 1903 nulla
2372 1842 2418 1903 B
2449 1859 2652 1913 emur,
2695 1849 2908 1902 tamen
2953 1840 3019 1902 in
3063 1840 3183 1902 isto
3228 1840 3634 1921 peculiariter
3682 1839 3958 1900 humili-

990 1946 1196 2007 carnis
1247 1945 1411 2006 mole
1457 1944 1667 2024 ligata,
1713 1944 1879 2005 sicut
1928 1960 2054 2003 non
2105 1940 2334 2021 recipit

837 2046 1309 2106 excusationem
1362 2062 1569 2124 pravae
1614 2040 1956 2103 voluntatis
2008 2040 2073 2101 in
2120 2058 2188 2100 se
2231 2057 2336 2100 ex-

836 2150 1010 2217 ortae,
1058 2143 1143 2203 ita
1183 2141 1464 2204 excludit
1506 2140 1795 2202 velamen
1839 2158 1969 2201 suae
2016 2137 2273 2200 malitiae
2315 2156 2329 2199 :

837 2260 1039 2323 quum
1097 2258 1223 2302 non
1282 2240 1364 2301 sit
1420 2238 1817 2300 extrinsecus
1878 2236 2168 2298 lacessita
2226 2242 2334 2296 aut

838 2347 1008 2401 mota
1049 2338 1525 2419 impugnatione
1564 2336 1773 2397 carnis
1816 2336 2029 2416 aliqua
2068 2334 2145 2395 ad
2191 2352 2333 2414 pec-

838 2438 1111 2499 candum
1156 2435 1693 2516 quemadmodum
1739 2452 1873 2507 1103,
1916 2434 2026 2495 sed
2069 2450 2336 2494 accensa

838 2535 995 2595 vitio
1043 2553 1173 2595 suae
1214 2533 1557 2594 voluntatis
1608 2532 1845 2610 solius;
1890 2531 2158 2611 ideoque
2208 2546 2334 2591 non

838 2631 1029 2694 habet
1075 2632 1448 2693 remedium.
1494 2629 1650 2691 Nam
1695 2629 1861 2691 sicut
1904 2628 2337 2708 corrumpitur

837 2748 965 2792 non
1006 2729 1387 2791 sollicitante
1426 2746 1565 2789 eam
1606 2727 1821 2808 aliqua
1854 2734 2101 2788 terrena
2140 2732 2333 2786 mate-

838 2828 953 2900 ria,
988 2827 1073 2888 ita
1116 2826 1403 2889 obtinere
1448 2843 1575 2887 non
1622 2831 1828 2905 potest
1871 2822 2332 2903 indulgentiam

836 2933 947 2986 aut
990 2924 1379 3006 poenitentiae
1424 2923 1654 2985 locum.
1700 2922 1790 2983 Ex
1834 2920 2069 3003 quibus
2115 2928 2332 3002 aperte

2448 1946 2589 1999 atur
2618 1939 3008 2000 conscientia
3047 1946 3280 2010 nostra,
3313 1957 3454 2019 quae
3481 1936 3602 1999 hac
3644 1937 3957 1999 illusione

2449 2037 2774 2098 mordetur
2806 2036 3238 2099 recordatione
3269 2036 3640 2118 passionum
3678 2054 3954 2096 suarum

2447 2134 2638 2195 etiam
2697 2134 3148 2214 neglectarum,
3203 2133 3562 2213 intelligens
3610 2132 3956 2195 evidenter

2448 2232 2846 2294 immundam
2893 2251 2960 2293 se
3002 2231 3235 2294 factam
3281 2230 3674 2293 naturalibus
3724 2230 3955 2292 incen-

2447 2330 2619 2403 tivis,
2668 2350 2810 2412 quae
2858 2349 3059 2411 quum
3108 2329 3498 2391 immundior
3543 2337 3710 2391 esset
3757 2329 3959 2408 spiri-

2447 2427 2726 2489 tualibus
2763 2428 2960 2501 vitiis,
2993 2428 3114 2490 boc
3160 2428 3432 2489 nescivit
3469 2446 3483 2489 :
3529 2427 3747 2508 sicque
3797 2444 3956 2509 pro-

2449 2526 2618 2587 tinus
2663 2544 2994 2588 recurrens
3039 2526 3115 2587 ad
3159 2525 3669 2587 emendationem
3711 2524 3956 2605 prioris

2449 2624 2735 2704 ignaviae,
2787 2623 3126 2685 salubriter
3182 2624 3559 2685 admonetur
3616 2641 3695 2684 ne
3745 2622 3958 2684 confi-

2447 2723 2551 2783 dat
2582 2741 2774 2804 super
2813 2721 3214 2784 successibus
3255 2721 3587 2803 praeteritae
3619 2721 3952 2802 puritatiS,

2446 2839 2639 2901 quam
2699 2838 2764 2881 se
2825 2820 3252 2882 declinantem
3305 2839 3342 2880 a
3390 2821 3519 2881 Deo
3575 2819 3954 2901 permodice

2447 2918 2758 2999 conspicit
2790 2918 3163 3000 perdidisse,
3196 2926 3260 2979 et
3297 2918 3454 2979 sciat
3488 2936 3555 2979 se
3590 2936 3714 2979 non
3756 2934 3956 2997 posse

837 3022 1178 3103 colligitur,
1212 3023 1381 3103 quod
1427 3020 1811 3083 concertatio
1854 3020 1971 3081 ista
2011 3038 2151 3100 quae
2197 3038 2331 3079 sus·
2371 3017 2413 3081 C
2445 3017 2684 3079 donum
2724 3016 2917 3097 hujus
2958 3016 3250 3097 puritatis
3291 3016 3613 3097 possidere
3651 3016 3772 3077 nisi
3805 3024 3956 3077 tan-

837 3120 1067 3180 citatur
1098 3120 1165 3179 in
1206 3118 1390 3181 nobis
1432 3118 1597 3179 inter
1628 3135 1884 3179 carnem
1915 3123 1977 3177 et
2008 3115 2328 3196 spiritum,

836 3234 963 3279 non
999 3216 1209 3279 solum
1240 3216 1541 3279 consistat
1572 3215 1851 3287 innoxia,
1884 3231 2109 3275 verum
2139 3213 2333 3276 etiam

836 3334 1131 3397 magnam
1174 3315 1356 3377 nobis
1402 3313 1742 3375 utilitatem
1786 3312 2062 3373 inducat.

1226 3566 1732 3631 CAPITULUM
1793 3565 1942 3628 XV.

918 3717 1082 3785 Quid
1107 3716 1283 3773 nobis
1306 3716 1509 3788 prosit
1536 3715 2026 3786 concupiscentia
2052 3714 2262 3769 carnis

1272 3806 1564 3861 adversus
1592 3805 1902 3875 spiritum.

963 4003 1259 4067 RODEST
1306 4003 1627 4084 (inquam)
1680 4002 1744 4064 in
1807 4000 2055 4083 primiS‚
2108 4000 2334 4081 quoni-

978 4123 1081 4166 am
1122 4101 1434 4164 desidiam
1471 4108 1533 4163 et
1562 4100 2012 4181 negligentiam
2052 4106 2335 4159 nostram

2445 3121 2581 3176 tum
2632 3134 2745 3196 per
2792 3114 3060 3195 gratiam
3110 3115 3243 3188 Dei,
3285 3115 3364 3176 de
3409 3132 3535 3195 quo
3583 3132 3696 3195 per
3737 3114 3960 3195 quoti-

2445 3214 2632 3274 diana
2673 3213 2875 3295 ipsius
2916 3213 3003 3273 rei
3045 3213 3478 3295 experimenta
3513 3213 3838 3283 docemur,
3877 3222 3960 3274 ut

2446 3311 2500 3373 si
2539 3310 2971 3372 desideramus
3018 3318 3391 3393 perpetuam
3435 3310 3642 3372 cordis
3687 3310 3960 3391 integri-

2445 3417 2640 3470 tatem
2688 3409 2922 3481 sortiri,
2968 3410 3336 3471 studeamus
3383 3408 3764 3470 humilitatis
3811 3409 3955 3469 vir-

2447 3515 2648 3569 tutem
2688 3507 2927 3588 jugiter
2968 3507 3259 3568 retinere.

2822 3762 3324 3825 CAPITULUM
3383 3762 3568 3825 XVI.

2483 3914 2568 3968 De
2595 3912 2921 3967 incentivis
2947 3911 3176 3974 earnis,
3210 3909 3432 3984 quibus
3462 3911 3592 3965 nisi
3618 3909 3916 3966 humilia-

2734 4016 2937 4056 remur
2961 4000 3216 4071 qravius
3237 4015 3641 4071 peccaremus.

836 4221 983 4264 mox
1038 4201 1269 4282 arguit,
1322 4208 1385 4262 et
1441 4207 1743 4280 tanquam
1804 4197 2334 4279 diligentissimus
2368 4206 2417 4266 D
2588 4196 2900 4269 ENlQUE
2959 4195 3320 4277 spirituales
3379 4194 3768 4265 substantiae,
3825 4214 3952 4257 seu

834 4301 1233 4382 paedagogus,
1267 4316 1395 4361 non
1431 4298 1721 4359 concedit
1755 4314 1868 4358 nos
1908 4315 2192 4378 unquam
2233 4296 2335 4356 de-

834 4398 1007 4459 viare
1064 4417 1101 4459 a
1159 4398 1327 4459 linea
1384 4414 1497 4457 seu
1554 4394 1935 4455 rectitudine
1997 4394 2336 4456 districtio-

836 4495 935 4557 nis
973 4514 1047 4557 ac
1090 4494 1447 4576 disciplinae
1481 4512 1494 4555 :
1532 4492 1659 4553 imo
1690 4492 1742 4552 si
1775 4500 1989 4553 nostra
2028 4493 2332 4553 securitas

835 4594 1170 4676 paululum
1229 4590 1571 4653 excesserit
1630 4606 1924 4669 congruae
1979 4588 2334 4650 severitatis

838 4709 1224 4762 mensuram,
1260 4688 1597 4751 confestim
1638 4704 1750 4749 nos
1794 4686 2079 4748 stimulat
2116 4686 2332 4766 flagel-

838 4790 915 4851 lis
955 4788 1423 4851 incentivorum
1462 4794 1524 4848 et
1556 4786 1862 4866 increpat,
1897 4792 2333 4865 competenter

840 4906 1095 4969 quoque
1144 4892 1397 4948 revocat
1442 4884 1520 4946 ad
1571 4882 1963 4965 parcitatem.
2018 4883 2330 4957 Secund0‚

842 4986 1145 5069 quoniam
1179 4986 1333 5046 dum
1368 4984 1445 5045 de
1477 4982 1678 5063 gratia
1710 4981 1822 5044 Dei
1861 4976 1922 5042 et
1961 4982 2187 5043 merito
2223 5001 2334 5062 pu-

844 5086 1048 5146 ritatis
1094 5102 1168 5146 ac
1219 5082 1546 5153 castitatiS,
1581 5079 1929 5142 viderimus
1981 5098 2094 5141 nos
2146 5080 2334 5160 longo

843 5192 1129 5265 tempore
1178 5182 1265 5243 ita
1312 5180 1631 5242 immunes
1681 5198 1719 5239 a
1766 5177 2029 5258 genitali
2078 5178 2331 5259 polluti-

845 5299 965 5343 one
1015 5288 1085 5342 ut
1134 5280 1465 5343 credamus
1514 5294 1629 5339 nos
1677 5275 1957 5357 amplius
2014 5293 2144 5337 non
2193 5295 2333 5340 esse

2614 4294 2821 4374 angeli
2863 4293 3036 4367 mali,
3076 4311 3191 4355 suo
3230 4312 3380 4354 casu
3422 4300 3731 4354 testantur
3767 4294 3949 4373 quod

2445 4392 2634 4455 elatio
2691 4412 2768 4454 ex
2828 4392 3101 4474 puritate
3166 4398 3462 4471 praetacta
3522 4391 3947 4465 descendenS‚

2445 4490 2986 4572 perniciosissima
3021 4488 3204 4551 nobis
3239 4496 3406 4550 esset
3434 4496 3498 4550 et
3527 4488 3774 4550 cunctis
3807 4508 3952 4551 see—

2447 4589 2685 4652 leribus
2728 4589 2872 4671 plus
2911 4588 3182 4660 obesset,
3217 4606 3337 4649 nec
3367 4587 3609 4669 aliquid
3651 4587 3951 4649 utilitatis

2445 4706 2560 4750 nos
2604 4706 2742 4749 esse
2792 4693 3242 4748 consecuturos
3292 4704 3407 4767 pro
3452 4685 3738 4747 castitate
3787 4704 3950 4766 qua-

2447 4803 2723 4866 cumque
2777 4803 2791 4846 :
2843 4784 3143 4866 quoniam
3191 4783 3397 4863 angeli
3447 4802 3648 4864 quum
3698 4781 3950 4845 nullam

2447 4884 2800 4945 sustineant
2858 4883 3066 4943 carnis
3123 4881 3574 4955 titillationem,
3635 4890 3950 4962 perpetue

2447 4990 2596 5043 sunt
2632 4981 2860 5062 dejecti
2894 5000 2930 5041 a
2961 4979 3220 5041 sublimi
3263 4980 3632 5060 coelestique
3671 4978 3949 5041 statione

2447 5080 2528 5144 ob
2559 5080 2757 5141 solam
2790 5078 2997 5140 cordis
3027 5078 3385 5141 elationem.
3404 5079 3618 5158 Itaque
3649 5077 3774 5138 nisi
3805 5077 3948 5140 haec

2444 5178 2725 5241 titillatio
2773 5178 2980 5239 carnis
3033 5176 3400 5238 humiliaret
3449 5193 3562 5238 nos
3611 5184 3800 5257 atque
3849 5196 3949 5238 re·

2444 5277 2760 5350 tunderet,
2811 5283 2874 5337 et
2921 5276 3090 5337 circa
3146 5275 3580 5357 spiritualium
3637 5275 3948 5339 vitiorum
