4359 6267
1059 498 1474 547 COLLATIONUM
1518 496 1604 541 SS.
1639 494 1882 540 PA'rntm
1925 493 2098 540 LIBER
2141 495 2180 540 t.
2228 513 2309 522 -
2350 494 2635 542 coLLArlo
2676 498 2760 542 vn

3335 479 3456 544 219

377 671 552 751 pisse,
605 671 658 732 si
711 671 990 734 viderint
1045 691 1194 733 eum
1254 686 1516 750 corpore
1576 665 1858 727 stimula·
1886 662 1939 726 A
1970 665 2373 746 procedente,
2407 676 2743 748 pensantes
2785 668 2938 751 quid
2982 669 3064 730 sit
3100 668 3164 730 in
3204 668 3457 730 interio-

373 773 520 838 tum,
552 775 658 828 aut
688 775 860 830 certe
899 785 1027 829 non
1069 767 1443 848 suspirasse,
1478 764 1644 826 sicut
1677 780 1859 844 opor-

373 865 504 938 tuit,
537 874 755 927 contra
798 865 1211 947 cogitationes
1263 863 1624 925 immundas
1667 868 1856 942 atque

372 961 718 1044 lasciviam;
752 964 974 1045 sicque
1004 963 1370 1044 intelligunt
1394 961 1680 1042 jaculum
1714 958 1855 1021 libi-

371 1061 528 1124 dinis
570 1062 769 1125 fuisse
809 1063 1094 1126 defixum
1141 1062 1207 1124 in
1251 1059 1684 1144 penetralibus
1727 1058 1857 1120 ani-

371 1179 498 1222 mae.
551 1160 978 1224 conformiter
1033 1160 1088 1222 si
1136 1159 1520 1222 tentaverint
1576 1158 1856 1238 aliquem

370 1257 440 1320 de
480 1258 755 1332 tristitia,
801 1259 912 1333 ira,
947 1258 1184 1332 furore,
1225 1266 1334 1320 aut
1377 1256 1573 1319 simili
1618 1255 1855 1338 passio-

369 1376 463 1428 ne,
502 1365 852 1438 agnoscunt
891 1364 1072 1439 gestu
1125 1356 1434 1439 corporali
1485 1364 1674 1437 atque
1717 1373 1856 1416 sen-

369 1453 533 1516 sibili
591 1455 868 1518 motione
917 1475 999 1517 an
1047 1455 1428 1517 tentationes
1487 1453 1854 1535 hujusmodi

369 1561 767 1635 acceptentur
795 1574 810 1618 ε
845 1563 913 1616 ut
945 1574 1146 1637 quum
1176 1554 1452 1617 viderint
1483 1572 1632 1615 eum
1663 1572 1855 1634 quem

371 1658 622 1725 tentant,
656 1652 920 1715 silenter
961 1652 1390 1725 infremuisse,
1425 1659 1533 1713 aut
1574 1671 1720 1714 cum
1767 1651 1857 1712 in-

370 1749 719 1830 dignatione
759 1752 1133 1834 suspirasse,
1166 1759 1276 1814 aut
1313 1752 1494 1813 vultu
1537 1759 1851 1813 mutatum

1968 763 2144 825 ribus
2190 765 2423 827 mentis
2466 773 2695 829 nostrae
2739 766 3156 829 reconditum.

2320 993 2824 1057 CAPITULUM
2887 994 3102 1057 XVII.

2088 1116 2259 1183 Quod
2286 1132 2408 1172 non
2436 1116 2671 1188 sinyuli
2699 1117 2993 1173 doemones
3018 1117 3338 1172 universas

2395 1206 2672 1278 inferant
2692 1207 3031 1278 passiones.

2116 1357 2211 1420 OC
2262 1365 2473 1420 tamen
2524 1357 2687 1420 scire
2735 1358 3063 1432 debemuS‚
3113 1358 3281 1440 quod
3330 1375 3457 1420 non

2144 1473 2365 1518 omnes
2424 1457 2740 1519 daemones
2800 1456 3117 1538 quaslibet
3175 1456 3459 1518 inferunt

1967 1554 2343 1616 tentationes
2386 1562 2495 1616 aut
2539 1555 2885 1636 passioneS,
2920 1555 3029 1616 sed
3071 1555 3225 1616 certi
3270 1554 3459 1616 certis

1965 1651 2138 1713 vitiis
2184 1652 2471 1714 serviunt
2508 1660 2573 1714 et
2614 1652 2971 1715 intendunt.
3006 1652 3163 1714 Nam
3206 1651 3315 1715 alii
3357 1652 3462 1713 de-

1968 1750 2281 1812 lectantur
2321 1750 2745 1812 immunditiis
2789 1750 3209 1833 sordibusque
3254 1750 3463 1813 libidi-

371 1867 476 1929 per
511 1849 788 1912 colorem
829 1851 965 1912 sive
1008 1850 1345 1929 ruborem3
1387 1849 1608 1944 sicque
1657 1849 1855 1911 subti-
1890 1850 1938 1913 B
1967 1868 2145 1922 num,
2208 1856 2271 1911 et
2330 1849 2477 1918 inde
2533 1849 2825 1911 homines
2885 1855 3165 1927 tentant3
3215 1848 3323 1910 alii
3382 1849 3461 1910 de

371 1945 505 2009 liter
541 1948 1027 2030 deprehendunt
1070 1949 1171 2010 cui
1213 1949 1370 2011 vitio
1413 1949 1854 2030 unusquisque

368 2044 446 2105 sit
489 2046 757 2109 deditus
813 2047 994 2110 Certa
1041 2047 1280 2110 etenim
1337 2047 1581 2109 ratione
1632 2063 1856 2128 cogno-

369 2153 564 2217 scunt,
585 2165 1108 2229 unumquemque
1131 2153 1421 2208 nostrum
1446 2145 1746 2208 delectari
1771 2145 1859 2208 vi-

367 2242 450 2304 tio
499 2242 610 2305 illo
661 2245 743 2306 ad
796 2243 982 2326 cujus
1043 2245 1511 2326 suggestionem
1573 2243 1853 2306 viderint

370 2339 444 2401 ab
477 2359 555 2402 eo
593 2359 740 2404 mox
780 2343 1126 2424 praestitam
1165 2361 1303 2405 esse
1344 2342 1855 2404 convenientiam

370 2457 475 2500 seu
504 2457 886 2503 consensum
917 2442 1192 2523 quodam
1233 2449 1408 2504 motu
1451 2447 1692 2503 nutuve
1722 2458 1857 2502 cor-

373 2537 554 2617 poriS.
587 2537 713 2600 Nec
759 2540 996 2601 mirum
1040 2540 1209 2623 quod
1259 2539 1524 2622 spiritus
1577 2538 1671 2600 illi
1722 2538 1856 2601 haec

371 2636 573 2699 taliter
600 2638 1096 2720 deprehendant,
1117 2657 1316 2720 quum
1347 2645 1410 2700 et
1434 2638 1556 2700 viri
1588 2637 1859 2719 pruden-

370 2741 457 2795 tes
486 2735 574 2797 ita
601 2736 680 2798 de
711 2736 1121 2799 interioribus
1157 2737 1386 2800 animae
1417 2742 1671 2798 sumant
1701 2735 1860 2798 noti-

369 2833 536 2908 tiam,
583 2835 676 2896 sic
717 2835 888 2916 quod
929 2843 1165 2898 statum
1207 2835 1486 2899 hominis
1534 2834 1855 2897 interioris

369 2940 750 3014 cognoscunt
779 2953 894 3016 per
923 2934 1197 3015 figuram
1228 2942 1291 2996 et
1320 2935 1570 2997 vultum
1599 2953 1674 2996 ac
1705 2951 1856 3015 qua-

368 3029 604 3093 litatem
650 3033 1049 3095 exteriorem.
1094 3033 1340 3107 Quanto
1384 3033 1576 3114 igitur
1619 3032 1855 3094 certius
1895 3032 1940 3097 C

367 3138 629 3210 possunt
653 3132 787 3194 haec
815 3150 852 3193 a
881 3131 1216 3213 spiritibus
1249 3131 1375 3194 illis
1408 3131 1726 3213 cognosci,
1746 3131 1857 3212 qui

366 3246 563 3309 quum
603 3229 730 3291 sint
768 3229 1118 3312 spiritualis
1161 3237 1423 3304 naturae,
1459 3231 1660 3292 multo
1708 3228 1857 3291 sub-

365 3325 603 3388 tiliores
645 3334 708 3389 et
749 3327 1101 3408 sagaciores
1143 3335 1392 3390 exstant
1436 3327 1856 3390 hominibus?

736 3556 1242 3620 CAPITULUM
1305 3556 1487 3620 XVI.

383 3677 736 3734 Similitudo
763 3693 887 3751 qua
913 3679 1176 3750 spiritus
1203 3679 1500 3734 immundi
1527 3679 1844 3750 0091·ταίἰο-

627 3784 730 3824 nes
758 3768 1064 3824 hominum
1091 3768 1248 3824 scire
1276 3769 1588 3825 docentur.

372 3917 1045 4119 QUEMADMODUM
1073 3921 1247 3983 enim
1284 3921 1544 4003 quidam
1586 3921 1856 3984 latrones

535 4026 598 4081 et
629 4018 822 4091 fureS,
866 4019 932 4079 in
968 4019 1266 4081 domibus
1306 4038 1464 4101 quas
1503 4019 1725 4081 furtim
1767 4019 1858 4082 in-

1967 1947 2384 2030 blasphemia‚
2418 1948 2494 2009 de
2536 1948 2629 2010 ira
2666 1954 2776 2009 aut
2815 1947 3050 2021 furore,
3083 1947 3190 2008 alii
3235 1947 3313 2010 de
3357 1947 3464 2009 tri-

1965 2047 2157 2121 stitia,
2219 2046 2297 2109 de
2354 2066 2517 2108 vana
2574 2046 2795 2127 gloria,
2855 2045 2963 2108 alii
3023 2046 3101 2109 de
3158 2045 3460 2127 superbia

1964 2151 2245 2224 tentant3
2286 2152 2351 2206 et
2389 2145 2829 2226 unusquisque
2869 2151 3134 2207 conatur
3174 2143 3332 2206 illud
3371 2144 3461 2206 vi-

1965 2244 2128 2305 tium
2177 2244 2455 2306 inserere
2507 2243 2691 2307 nobis
2741 2261 2869 2324 quo
2918 2243 3055 2325 ipse
3106 2243 3249 2324 plus
3298 2242 3465 2305 dele-

1967 2350 2191 2404 ctatur.
2224 2342 2351 2404 Nec
2390 2359 2612 2404 omnes
2656 2342 2952 2423 ingerunt
2996 2360 3141 2403 suas
3191 2340 3463 2404 malitias

1967 2440 2182 2514 simul,
2226 2441 2335 2504 sed
2378 2441 2665 2504 vicissim
2708 2448 2817 2502 aut
2861 2440 3242 2514 successive,
3276 2447 3466 2521 prout

1969 2539 2409 2621 opportunitas
2462 2538 2605 2612 loci,
2651 2546 2761 2600 aut
2807 2539 3135 2619 temporis,
3178 2538 3280 2600 vel
3329 2557 3466 2620 per-

1969 2655 2138 2700 sonae
2187 2637 2523 2712 tentandae,
2568 2637 2932 2719 permiserit
2979 2635 3113 2699 sive
3161 2635 3459 2716 exegerit.

2307 2874 2811 2938 CAPITULUM
2873 2874 3123 2937 XVIII.

1969 2995 2403 3068 Interroyatio,
2434 3012 2517 3052 an
2545 2997 2708 3051 inter
2734 2996 3028 3052 doemones
3058 2999 3330 3050 servetur
3367 3009 3464 3049 or-

2040 3086 2116 3142 do
2163 3086 2671 3158 impuynationis,
2711 3091 2819 3142 aut
2874 3084 3328 3140 vicissitudinis
3374 3084 3467 3139 di-

2039 3175 2327 3248 sciplina.

2111 3326 2472 3392 ERMANUS
2506 3348 2520 3392 ε
2554 3329 2717 3410 Ergo
2754 3327 3141 3390 credendum
3168 3333 3266 3388 est
3294 3326 3464 3407 quod

2131 3427 2296 3489 inter
2334 3429 2653 3490 daemones
2696 3426 2779 3490 sit
2820 3427 3127 3500 ordinata,
3159 3432 3349 3507 atque
3392 3431 3464 3486 ut

1971 3524 2058 3586 ita
2099 3525 2392 3600 dixerim,
2426 3526 2828 3608 disciplinata
2871 3524 3175 3607 nequitia,
3218 3531 3290 3586 ut
3329 3522 3467 3605 qui-

1970 3625 2113 3685 dam
2165 3623 2635 3687 vicissitudinis
2681 3625 2835 3687 ordo
2883 3630 3170 3686 servetur
3216 3621 3297 3684 ab
3347 3621 3461 3696 eiS,

1967 3730 2032 3784 et
2061 3721 2501 3784 rationabilem
2544 3723 2831 3802 ingerant
2866 3721 3411 3803 impugnationem
3446 3738 3460 3783 ε

1968 3840 2170 3903 quum
2230 3828 2474 3883 constet
2533 3821 2793 3884 modum
2851 3827 2914 3882 et
2968 3820 3276 3882 rationem
3335 3835 3463 3880 non

1969 3937 2153 4000 posse
2203 3918 2327 3981 sibi
2378 3919 2722 3982 consistere
2770 3918 2895 3981 nisi
2944 3918 3111 3980 inter
3160 3917 3358 3979 bonos
3400 3922 3463 3978 et

1965 4017 2286 4092 honestoS,
2345 4017 2526 4096 juxta
2583 4018 2759 4080 illam
2818 4015 3158 4097 Scripturae
3214 4022 3463 4077 senten-

365 4117 757 4196 grediuntur,
817 4117 1147 4198 explorant
1206 4117 1460 4180 divitias
1520 4118 1854 4180 hominum
1966 4119 2119 4179 tiam
2156 4137 2169 4181 :
2206 4118 2455 4191 Quaeres
2498 4116 2876 4198 sapientiam
2919 4114 3088 4197 apud
3132 4114 3354 4189 malos,
3396 4120 3458 4176 et
3486 4132 3751 4182 Proetum.

367 4232 518 4295 quas
561 4232 689 4277 non
727 4215 966 4291 vident,
999 4224 1366 4299 spargentes
1415 4236 1605 4279 manu
1649 4217 1857 4279 minu-
1884 4219 1936 4283 D
1966 4235 2093 4280 non
2127 4216 2451 4296 invenies;
2483 4223 2567 4290 et,
2601 4214 2851 4276 Inimici
2883 4213 3082 4277 nostri
3117 4211 3457 4294 insensati3

368 4318 454 4374 tas
501 4332 726 4376 arenas
779 4313 846 4376 in
888 4316 1092 4378 noctis
1143 4315 1434 4395 caligine,
1480 4323 1550 4377 ut
1592 4332 1744 4397 opes
1789 4315 1856 4378 in
1968 4317 2269 4398 itemque,
2301 4315 2437 4378 Non
2478 4321 2576 4377 est
2617 4311 2951 4394 sapientia,
2984 4329 3112 4374 non
3153 4320 3249 4374 est
3283 4310 3458 4375 forti·
3490 4323 3555 4364 ³¹·
3594 4321 3719 4375 juxt·

367 4410 555 4475 domo
595 4413 903 4496 repositas
948 4413 1184 4475 tinnitu
1227 4414 1306 4475 ad
1351 4413 1600 4496 lapsum
1643 4433 1858 4476 arena-

369 4528 508 4572 rum
546 4511 926 4594 percipiant,
961 4512 1179 4594 sicque
1211 4513 1593 4594 perveniunt
1622 4514 1699 4577 ad
1731 4531 1860 4575 cer-

369 4607 676 4671 tissimam
733 4610 1025 4672 notitiam
1088 4608 1178 4671 rei
1235 4618 1344 4672 aut
1393 4609 1858 4693 cujuscumque

369 4707 619 4782 metalli,
639 4707 1056 4790 productione
1087 4709 1225 4771 soni
1255 4708 1486 4788 eliciti3
1513 4709 1606 4772 sic
1637 4711 1862 4772 daemo-

369 4823 474 4867 nes
513 4813 820 4889 spargunt
852 4807 915 4869 in
949 4807 1246 4870 cordibus
1287 4808 1518 4870 nostris
1559 4808 1862 4889 suggesti-

367 4921 516 4966 ones
546 4905 812 4987 iniquas,
831 4914 1135 4988 tanquam
1167 4925 1501 4969 arenarum
1537 4906 1857 4981 minutias,

369 5010 436 5062 ut
459 5003 790 5085 explorent
812 5004 1021 5066 cordis
1052 5005 1252 5067 nostri
1282 5005 1659 5078 thesaurum,
1672 5025 1864 5088 quum

365 5099 542 5180 juxta
597 5102 972 5185 qualitatem
1040 5104 1518 5184 suggestionum
1583 5104 1860 5166 viderint

369 5217 700 5282 exsurgere
729 5198 1038 5263 affectum
1073 5218 1477 5283 corporeum,
1501 5202 1675 5264 velut
1707 5221 1860 5285 quo-

370 5297 512 5360 dam
541 5299 778 5362 tinnitu
807 5300 886 5362 de
917 5299 1161 5363 intimis
1191 5300 1421 5365 animae
1451 5300 1860 5365 conclavibus

1967 4416 2120 4479 tudo
2162 4433 2369 4497 neque
2410 4413 2752 4477 consilium
2793 4412 2962 4495 apud
3006 4411 3257 4493 impios,

2337 4639 2839 4704 CAPITULUM
2900 4639 3088 4703 XIX.

1969 4773 2319 4846 Responsio,
2350 4787 2467 4842 per
2503 4785 2675 4843 quem
2710 4770 2947 4826 modum
2992 4768 3285 4826 subsistat
3327 4784 3462 4825 con-

2038 4862 2238 4918 sensio
2274 4861 2608 4916 doemonum
2643 4859 2810 4914 circa
2846 4858 3333 4914 vicissitudinem
3359 4857 3466 4913 im-

2035 4950 2461 5024 puynationis.

2094 5101 2396 5166 ERENUS
2429 5118 2443 5163 ε
2478 5099 2659 5164 Certa
2691 5099 2978 5164 doctrina
3015 5107 3131 5174 est,
3166 5099 3335 5182 quod
3368 5098 3461 5161 in-

2113 5209 2210 5263 ter
2242 5199 2439 5262 malos
2469 5216 2593 5262 non
2626 5200 2709 5262 sit
2737 5205 3083 5280 perpetuus
3115 5215 3462 5261 consensus

1974 5301 2042 5363 in
2071 5298 2395 5374 omnibuS,
2427 5316 2545 5361 nec
2576 5297 2776 5380 possit
2807 5295 3093 5380 perfecta
3126 5296 3466 5360 concordia

3483 4196 3607 4250 juxta
3624 4193 3745 4240 LXX.

3486 4258 3752 4306 Deutmuu,

3489 4380 3605 4424 Lxx.

3516 4445 3653 4487 Prov.
3665 4455 3752 4496 xxi,

3490 4509 3557 4557 30,
3596 4507 3720 4561 Juxta

3489 4567 3607 4612 Lxx.
