<?xml version="1.0" encoding="UTF-8"?>
<!DOCTYPE html PUBLIC "-//W3C//DTD XHTML 1.0 Transitional//EN"
    "http://www.w3.org/TR/xhtml1/DTD/xhtml1-transitional.dtd">
<html xmlns="http://www.w3.org/1999/xhtml" xml:lang="en" lang="en">
 <head>
  <title>
</title>
<meta http-equiv="Content-Type" content="text/html;charset=utf-8" />
  <meta name='ocr-system' content='tesseract 3.04.00' />
  <meta name='ocr-capabilities' content='ocr_page ocr_carea ocr_par ocr_line ocrx_word'/>
</head>
<body>
  <div class='ocr_page' id='page_1' title='image "./doctorisecstati03denigoog_0165.png"; bbox 0 0 4359 6267; ppageno 0'>
   <div class='ocr_carea' id='block_1_1' title="bbox 108 1981 427 2033">
    <p class='ocr_par' dir='ltr' id='par_1_1' title="bbox 108 1981 427 2033">
     <span class='ocr_line' id='line_1_1' title="bbox 108 1981 427 2033; baseline -0.003 -9"><span class='ocrx_word' id='word_1_1' title='bbox 108 1981 285 2024; x_wconf 68' lang='lat' dir='ltr'>Eceh’-</span> <span class='ocrx_word' id='word_1_2' title='bbox 294 1995 427 2033; x_wconf 78' lang='lat' dir='ltr'>xxv,</span> 
     </span>
    </p>
   </div>
   <div class='ocr_carea' id='block_1_2' title="bbox 94 2106 423 2163">
    <p class='ocr_par' dir='ltr' id='par_1_2' title="bbox 94 2106 423 2163">
     <span class='ocr_line' id='line_1_2' title="bbox 94 2106 423 2163; baseline 0 -14"><span class='ocrx_word' id='word_1_3' title='bbox 94 2106 225 2163; x_wconf 62' lang='lat' dir='ltr'>Sep.</span> <span class='ocrx_word' id='word_1_4' title='bbox 236 2110 423 2159; x_wconf 72' lang='lat' dir='ltr'>rv‚8,9.</span> 
     </span>
    </p>
   </div>
   <div class='ocr_carea' id='block_1_3' title="bbox 1208 527 2874 577">
    <p class='ocr_par' dir='ltr' id='par_1_3' title="bbox 1208 527 2874 577">
     <span class='ocr_line' id='line_1_3' title="bbox 1208 527 2874 577; baseline 0.001 -2"><span class='ocrx_word' id='word_1_5' title='bbox 1208 527 1625 576; x_wconf 67' lang='lat' dir='ltr'>commonuit</span> <span class='ocrx_word' id='word_1_6' title='bbox 1666 530 1751 575; x_wconf 86' lang='lat' dir='ltr'>SS.</span> <span class='ocrx_word' id='word_1_7' title='bbox 1786 530 2029 577; x_wconf 75' lang='lat' dir='ltr'>PA&#39;mmt</span> <span class='ocrx_word' id='word_1_8' title='bbox 2072 529 2248 576; x_wconf 70' lang='lat' dir='ltr'>met</span> <span class='ocrx_word' id='word_1_9' title='bbox 2289 532 2329 577; x_wconf 87' lang='lat'>1.</span> <span class='ocrx_word' id='word_1_10' title='bbox 2373 550 2455 559; x_wconf 93' lang='lat'>—</span> <span class='ocrx_word' id='word_1_11' title='bbox 2497 530 2787 577; x_wconf 85' lang='lat' dir='ltr'>COLLATIO</span> <span class='ocrx_word' id='word_1_12' title='bbox 2828 532 2874 577; x_wconf 89' lang='lat'>11</span> 
     </span>
    </p>
   </div>
   <div class='ocr_carea' id='block_1_4' title="bbox 859 744 1611 810">
    <p class='ocr_par' dir='ltr' id='par_1_4' title="bbox 859 744 1611 810">
     <span class='ocr_line' id='line_1_4' title="bbox 859 744 1611 810; baseline 0 -1"><span class='ocrx_word' id='word_1_13' title='bbox 859 744 1362 809; x_wconf 87' lang='lat' dir='ltr'>CAPITULUM</span> <span class='ocrx_word' id='word_1_14' title='bbox 1422 747 1611 810; x_wconf 91' lang='lat' dir='ltr'>XIII.</span> 
     </span>
    </p>
   </div>
   <div class='ocr_carea' id='block_1_5' title="bbox 470 891 1984 1039">
    <p class='ocr_par' dir='ltr' id='par_1_5' title="bbox 470 891 1984 1039">
     <span class='ocr_line' id='line_1_5' title="bbox 470 891 1984 967; baseline 0.003 -20"><span class='ocrx_word' id='word_1_15' title='bbox 470 892 567 947; x_wconf 85' lang='lat' dir='ltr'>De</span> <span class='ocrx_word' id='word_1_16' title='bbox 602 891 963 963; x_wconf 76' lang='lat' dir='ltr'>confusione</span> <span class='ocrx_word' id='word_1_17' title='bbox 1000 894 1123 949; x_wconf 77' lang='lat' dir='ltr'>ista</span> <span class='ocrx_word' id='word_1_18' title='bbox 1160 894 1473 960; x_wconf 80' lang='lat' dir='ltr'>calcanda,</span> <span class='ocrx_word' id='word_1_19' title='bbox 1510 900 1567 950; x_wconf 80' lang='lat' dir='ltr'>et</span> <span class='ocrx_word' id='word_1_20' title='bbox 1603 896 1677 951; x_wconf 88' lang='lat' dir='ltr'>de</span> <span class='ocrx_word' id='word_1_21' title='bbox 1706 898 1984 967; x_wconf 74' lang='lat' dir='ltr'>pem&#39;culo</span> 
     </span>
     <span class='ocr_line' id='line_1_6' title="bbox 976 983 1500 1039; baseline 0.004 -3"><span class='ocrx_word' id='word_1_22' title='bbox 976 998 1099 1037; x_wconf 84' lang='lat' dir='ltr'>non</span> <span class='ocrx_word' id='word_1_23' title='bbox 1126 983 1500 1039; x_wconf 80' lang='lat' dir='ltr'>condolendi.</span> 
     </span>
    </p>
   </div>
   <div class='ocr_carea' id='block_1_6' title="bbox 468 1185 1983 1853">
    <p class='ocr_par' dir='ltr' id='par_1_6' title="bbox 626 1185 1982 1269">
     <span class='ocr_line' id='line_1_7' title="bbox 626 1185 1982 1269; baseline 0.004 -24"><span class='ocrx_word' id='word_1_24' title='bbox 626 1185 675 1246; x_wconf 92' lang='lat' dir='ltr'>D</span> <span class='ocrx_word' id='word_1_25' title='bbox 733 1185 869 1249; x_wconf 84' lang='lat' dir='ltr'>haec</span> <span class='ocrx_word' id='word_1_26' title='bbox 928 1188 1169 1269; x_wconf 82' lang='lat' dir='ltr'>Moyses</span> <span class='ocrx_word' id='word_1_27' title='bbox 1221 1187 1381 1250; x_wconf 82' lang='lat' dir='ltr'>dixit</span> <span class='ocrx_word' id='word_1_28' title='bbox 1424 1206 1439 1249; x_wconf 78' lang='lat' dir='ltr'><em>z</em></span> <span class='ocrx_word' id='word_1_29' title='bbox 1492 1188 1671 1251; x_wconf 89' lang='lat' dir='ltr'>Sicut</span> <span class='ocrx_word' id='word_1_30' title='bbox 1714 1188 1982 1269; x_wconf 86' lang='lat' dir='ltr'>juvenes</span> 
     </span>
    </p>

    <p class='ocr_par' dir='ltr' id='par_1_7' title="bbox 468 1285 1983 1853">
     <span class='ocr_line' id='line_1_8' title="bbox 648 1285 1983 1367; baseline 0.001 -22"><span class='ocrx_word' id='word_1_31' title='bbox 648 1300 776 1345; x_wconf 94' lang='lat' dir='ltr'>non</span> <span class='ocrx_word' id='word_1_32' title='bbox 820 1293 970 1346; x_wconf 87' lang='lat' dir='ltr'>sunt</span> <span class='ocrx_word' id='word_1_33' title='bbox 1008 1303 1227 1347; x_wconf 90' lang='lat' dir='ltr'>omnes</span> <span class='ocrx_word' id='word_1_34' title='bbox 1272 1305 1452 1367; x_wconf 73' lang='lat' dir='ltr'>aeque</span> <span class='ocrx_word' id='word_1_35' title='bbox 1497 1286 1814 1349; x_wconf 80' lang='lat' dir='ltr'>ferventes</span> <span class='ocrx_word' id='word_1_36' title='bbox 1859 1285 1983 1367; x_wconf 92' lang='lat' dir='ltr'>spi-</span> 
     </span>
     <span class='ocr_line' id='line_1_9' title="bbox 472 1380 1982 1464; baseline 0.003 -24"><span class='ocrx_word' id='word_1_37' title='bbox 472 1380 637 1453; x_wconf 89' lang='lat' dir='ltr'>ritu,</span> <span class='ocrx_word' id='word_1_38' title='bbox 669 1388 732 1443; x_wconf 90' lang='lat' dir='ltr'>et</span> <span class='ocrx_word' id='word_1_39' title='bbox 761 1382 1121 1463; x_wconf 91' lang='lat' dir='ltr'>disciplinis</span> <span class='ocrx_word' id='word_1_40' title='bbox 1160 1401 1232 1445; x_wconf 92' lang='lat' dir='ltr'>ac</span> <span class='ocrx_word' id='word_1_41' title='bbox 1264 1384 1525 1464; x_wconf 89' lang='lat' dir='ltr'>optimis</span> <span class='ocrx_word' id='word_1_42' title='bbox 1568 1382 1850 1445; x_wconf 91' lang='lat' dir='ltr'>moribus</span> <span class='ocrx_word' id='word_1_43' title='bbox 1887 1384 1982 1445; x_wconf 92' lang='lat' dir='ltr'>in-</span> 
     </span>
     <span class='ocr_line' id='line_1_10' title="bbox 468 1479 1982 1563; baseline 0.001 -24"><span class='ocrx_word' id='word_1_44' title='bbox 468 1479 714 1552; x_wconf 89' lang='lat' dir='ltr'>stituti,</span> <span class='ocrx_word' id='word_1_45' title='bbox 748 1480 833 1541; x_wconf 86' lang='lat' dir='ltr'>ita</span> <span class='ocrx_word' id='word_1_46' title='bbox 861 1498 981 1542; x_wconf 91' lang='lat' dir='ltr'>nec</span> <span class='ocrx_word' id='word_1_47' title='bbox 1010 1499 1193 1543; x_wconf 85' lang='lat' dir='ltr'>senes</span> <span class='ocrx_word' id='word_1_48' title='bbox 1224 1489 1374 1543; x_wconf 90' lang='lat' dir='ltr'>sunt</span> <span class='ocrx_word' id='word_1_49' title='bbox 1402 1499 1623 1543; x_wconf 90' lang='lat' dir='ltr'>omnes</span> <span class='ocrx_word' id='word_1_50' title='bbox 1654 1481 1982 1563; x_wconf 82' lang='lat' dir='ltr'>aequaliter</span> 
     </span>
     <span class='ocr_line' id='line_1_11' title="bbox 472 1576 1981 1660; baseline 0.002 -22"><span class='ocrx_word' id='word_1_51' title='bbox 472 1576 672 1658; x_wconf 86' lang='lat' dir='ltr'>probi</span> <span class='ocrx_word' id='word_1_52' title='bbox 729 1586 916 1659; x_wconf 84' lang='lat' dir='ltr'>atque</span> <span class='ocrx_word' id='word_1_53' title='bbox 965 1578 1252 1660; x_wconf 89' lang='lat' dir='ltr'>perfecti.</span> <span class='ocrx_word' id='word_1_54' title='bbox 1304 1579 1554 1642; x_wconf 71' lang='lat' dir='ltr'>Divitiae</span> <span class='ocrx_word' id='word_1_55' title='bbox 1600 1579 1839 1641; x_wconf 84' lang='lat' dir='ltr'>etenim</span> <span class='ocrx_word' id='word_1_56' title='bbox 1889 1598 1981 1641; x_wconf 90' lang='lat' dir='ltr'>se-</span> 
     </span>
     <span class='ocr_line' id='line_1_12' title="bbox 468 1675 1979 1756; baseline 0.001 -22"><span class='ocrx_word' id='word_1_57' title='bbox 468 1693 643 1735; x_wconf 88' lang='lat' dir='ltr'>num</span> <span class='ocrx_word' id='word_1_58' title='bbox 686 1691 811 1735; x_wconf 94' lang='lat' dir='ltr'>non</span> <span class='ocrx_word' id='word_1_59' title='bbox 860 1682 1009 1736; x_wconf 90' lang='lat' dir='ltr'>sunt</span> <span class='ocrx_word' id='word_1_60' title='bbox 1056 1678 1492 1739; x_wconf 83' lang='lat' dir='ltr'>mensurandae</span> <span class='ocrx_word' id='word_1_61' title='bbox 1536 1676 1767 1738; x_wconf 89' lang='lat' dir='ltr'>canitie</span> <span class='ocrx_word' id='word_1_62' title='bbox 1812 1675 1979 1756; x_wconf 89' lang='lat' dir='ltr'>capi-</span> 
     </span>
     <span class='ocr_line' id='line_1_13' title="bbox 468 1772 1977 1853; baseline 0.001 -21"><span class='ocrx_word' id='word_1_63' title='bbox 468 1772 587 1845; x_wconf 87' lang='lat' dir='ltr'>tis,</span> <span class='ocrx_word' id='word_1_64' title='bbox 650 1772 758 1833; x_wconf 89' lang='lat' dir='ltr'>sed</span> <span class='ocrx_word' id='word_1_65' title='bbox 815 1772 1131 1835; x_wconf 87' lang='lat' dir='ltr'>industria</span> <span class='ocrx_word' id='word_1_66' title='bbox 1184 1774 1541 1853; x_wconf 81' lang='lat' dir='ltr'>juventutis</span> <span class='ocrx_word' id='word_1_67' title='bbox 1599 1793 1673 1836; x_wconf 90' lang='lat' dir='ltr'>ac</span> <span class='ocrx_word' id='word_1_68' title='bbox 1734 1772 1977 1835; x_wconf 89' lang='lat' dir='ltr'>meritis</span> 
     </span>
    </p>
   </div>
   <div class='ocr_carea' id='block_1_7' title="bbox 3472 510 3588 575">
    <p class='ocr_par' dir='ltr' id='par_1_8' title="bbox 3472 510 3588 575">
     <span class='ocr_line' id='line_1_14' title="bbox 3472 510 3588 575; baseline 0 -1"><span class='ocrx_word' id='word_1_69' title='bbox 3472 510 3588 575; x_wconf 76' lang='lat'>157</span> 
     </span>
    </p>
   </div>
   <div class='ocr_carea' id='block_1_8' title="bbox 2015 699 3590 782">
    <p class='ocr_par' dir='ltr' id='par_1_9' title="bbox 2015 699 3590 782">
     <span class='ocr_line' id='line_1_15' title="bbox 2015 699 3590 782; baseline -0.001 -21"><span class='ocrx_word' id='word_1_70' title='bbox 2015 699 2067 761; x_wconf 91' lang='lat' dir='ltr'>A</span> <span class='ocrx_word' id='word_1_71' title='bbox 2096 718 2409 781; x_wconf 80' lang='lat' dir='ltr'><strong>exponam</strong></span> <span class='ocrx_word' id='word_1_72' title='bbox 2458 708 2705 763; x_wconf 54' lang='lat' dir='ltr'>&#39;tantum</span> <span class='ocrx_word' id='word_1_73' title='bbox 2754 720 2888 763; x_wconf 93' lang='lat' dir='ltr'>rem</span> <span class='ocrx_word' id='word_1_74' title='bbox 2936 708 3177 781; x_wconf 88' lang='lat' dir='ltr'>gestam</span> <span class='ocrx_word' id='word_1_75' title='bbox 3226 720 3367 782; x_wconf 85' lang='lat' dir='ltr'>quae</span> <span class='ocrx_word' id='word_1_76' title='bbox 3407 700 3590 763; x_wconf 91' lang='lat' dir='ltr'>vobis</span> 
     </span>
    </p>
   </div>
   <div class='ocr_carea' id='block_1_9' title="bbox 2090 798 3590 1861">
    <p class='ocr_par' dir='ltr' id='par_1_10' title="bbox 2092 798 3590 1156">
     <span class='ocr_line' id='line_1_16' title="bbox 2096 798 3590 881; baseline 0.002 -22"><span class='ocrx_word' id='word_1_77' title='bbox 2096 798 2384 861; x_wconf 88' lang='lat' dir='ltr'>conferre</span> <span class='ocrx_word' id='word_1_78' title='bbox 2454 806 2662 881; x_wconf 91' lang='lat' dir='ltr'>potest</span> <span class='ocrx_word' id='word_1_79' title='bbox 2731 799 3152 861; x_wconf 89' lang='lat' dir='ltr'>necessariam</span> <span class='ocrx_word' id='word_1_80' title='bbox 3224 798 3590 862; x_wconf 89' lang='lat' dir='ltr'>instructio-</span> 
     </span>
     <span class='ocr_line' id='line_1_17' title="bbox 2095 897 3588 971; baseline 0.002 -14"><span class='ocrx_word' id='word_1_81' title='bbox 2095 915 2266 969; x_wconf 90' lang='lat' dir='ltr'>nem,</span> <span class='ocrx_word' id='word_1_82' title='bbox 2317 898 2595 959; x_wconf 89' lang='lat' dir='ltr'>auctoris</span> <span class='ocrx_word' id='word_1_83' title='bbox 2654 897 2913 959; x_wconf 89' lang='lat' dir='ltr'>nomine</span> <span class='ocrx_word' id='word_1_84' title='bbox 2963 897 3175 971; x_wconf 87' lang='lat' dir='ltr'>tacito,</span> <span class='ocrx_word' id='word_1_85' title='bbox 3227 916 3306 958; x_wconf 91' lang='lat' dir='ltr'>ne</span> <span class='ocrx_word' id='word_1_86' title='bbox 3362 904 3424 958; x_wconf 88' lang='lat' dir='ltr'>et</span> <span class='ocrx_word' id='word_1_87' title='bbox 3473 915 3588 960; x_wconf 91' lang='lat' dir='ltr'>nos</span> 
     </span>
     <span class='ocr_line' id='line_1_18' title="bbox 2092 993 3588 1077; baseline 0.001 -22"><span class='ocrx_word' id='word_1_88' title='bbox 2092 993 2336 1075; x_wconf 90' lang='lat' dir='ltr'>aliquid</span> <span class='ocrx_word' id='word_1_89' title='bbox 2371 995 2584 1057; x_wconf 90' lang='lat' dir='ltr'>simile</span> <span class='ocrx_word' id='word_1_90' title='bbox 2618 995 2790 1057; x_wconf 91' lang='lat' dir='ltr'>illius</span> <span class='ocrx_word' id='word_1_91' title='bbox 2828 996 3302 1057; x_wconf 80' lang='lat' dir='ltr'><strong>committamus</strong></span> <span class='ocrx_word' id='word_1_92' title='bbox 3330 994 3441 1077; x_wconf 89' lang='lat' dir='ltr'>qui</span> <span class='ocrx_word' id='word_1_93' title='bbox 3473 1014 3588 1076; x_wconf 91' lang='lat' dir='ltr'>pu-</span> 
     </span>
     <span class='ocr_line' id='line_1_19' title="bbox 2092 1091 2847 1156; baseline 0.001 -3"><span class='ocrx_word' id='word_1_94' title='bbox 2092 1091 2356 1155; x_wconf 86' lang='lat' dir='ltr'>blicavit</span> <span class='ocrx_word' id='word_1_95' title='bbox 2396 1093 2554 1154; x_wconf 88' lang='lat' dir='ltr'>vitia</span> <span class='ocrx_word' id='word_1_96' title='bbox 2595 1093 2847 1156; x_wconf 79' lang='lat' dir='ltr'><strong>Fratris.</strong></span> 
     </span>
    </p>

    <p class='ocr_par' dir='ltr' id='par_1_11' title="bbox 2090 1191 3590 1861">
     <span class='ocr_line' id='line_1_20' title="bbox 2171 1191 3590 1273; baseline 0.001 -22"><span class='ocrx_word' id='word_1_97' title='bbox 2171 1191 2379 1264; x_wconf 89' lang='lat' dir='ltr'>Quum</span> <span class='ocrx_word' id='word_1_98' title='bbox 2421 1191 2616 1272; x_wconf 86' lang='lat' dir='ltr'>igitur</span> <span class='ocrx_word' id='word_1_99' title='bbox 2651 1191 2906 1271; x_wconf 87' lang='lat' dir='ltr'>juvenis</span> <span class='ocrx_word' id='word_1_100' title='bbox 2936 1192 3195 1273; x_wconf 89' lang='lat' dir='ltr'>quidam</span> <span class='ocrx_word' id='word_1_101' title='bbox 3236 1208 3365 1253; x_wconf 90' lang='lat' dir='ltr'>non</span> <span class='ocrx_word' id='word_1_102' title='bbox 3406 1191 3590 1252; x_wconf 92' lang='lat' dir='ltr'>mini-</span> 
     </span>
     <span class='ocr_line' id='line_1_21' title="bbox 2093 1288 3586 1371; baseline 0.001 -22"><span class='ocrx_word' id='word_1_103' title='bbox 2093 1307 2196 1351; x_wconf 91' lang='lat' dir='ltr'>me</span> <span class='ocrx_word' id='word_1_104' title='bbox 2245 1288 2516 1369; x_wconf 85' lang='lat' dir='ltr'>diligens</span> <span class='ocrx_word' id='word_1_105' title='bbox 2567 1290 2953 1371; x_wconf 78' lang='lat' dir='ltr'>perrexisset</span> <span class='ocrx_word' id='word_1_106' title='bbox 2995 1308 3183 1351; x_wconf 90' lang='lat' dir='ltr'>causa</span> <span class='ocrx_word' id='word_1_107' title='bbox 3230 1289 3328 1351; x_wconf 93' lang='lat' dir='ltr'>sui</span> <span class='ocrx_word' id='word_1_108' title='bbox 3380 1289 3586 1371; x_wconf 84' lang='lat' dir='ltr'>profe-</span> 
     </span>
     <span class='ocr_line' id='line_1_22' title="bbox 2092 1387 3584 1468; baseline 0.001 -20"><span class='ocrx_word' id='word_1_109' title='bbox 2092 1392 2232 1448; x_wconf 88' lang='lat' dir='ltr'>ctus</span> <span class='ocrx_word' id='word_1_110' title='bbox 2292 1394 2354 1447; x_wconf 91' lang='lat' dir='ltr'>et</span> <span class='ocrx_word' id='word_1_111' title='bbox 2413 1387 2756 1449; x_wconf 81' lang='lat' dir='ltr'>curationis</span> <span class='ocrx_word' id='word_1_112' title='bbox 2819 1387 2897 1449; x_wconf 90' lang='lat' dir='ltr'>ad</span> <span class='ocrx_word' id='word_1_113' title='bbox 2961 1405 3177 1448; x_wconf 90' lang='lat' dir='ltr'>senem</span> <span class='ocrx_word' id='word_1_114' title='bbox 3242 1387 3584 1468; x_wconf 84' lang='lat' dir='ltr'><strong>quemdam</strong></span> 
     </span>
     <span class='ocr_line' id='line_1_23' title="bbox 2091 1484 3587 1566; baseline 0.001 -21"><span class='ocrx_word' id='word_1_115' title='bbox 2091 1484 2276 1545; x_wconf 88' lang='lat' dir='ltr'>nobis</span> <span class='ocrx_word' id='word_1_116' title='bbox 2322 1484 2562 1566; x_wconf 88' lang='lat' dir='ltr'>optime</span> <span class='ocrx_word' id='word_1_117' title='bbox 2605 1486 2951 1565; x_wconf 84' lang='lat' dir='ltr'>cognitum,</span> <span class='ocrx_word' id='word_1_118' title='bbox 2985 1492 3048 1546; x_wconf 86' lang='lat' dir='ltr'>et</span> <span class='ocrx_word' id='word_1_119' title='bbox 3085 1485 3350 1546; x_wconf 86' lang='lat' dir='ltr'>dixisset</span> <span class='ocrx_word' id='word_1_120' title='bbox 3385 1504 3454 1547; x_wconf 91' lang='lat' dir='ltr'>se</span> <span class='ocrx_word' id='word_1_121' title='bbox 3495 1486 3587 1547; x_wconf 89' lang='lat' dir='ltr'>in-</span> 
     </span>
     <span class='ocr_line' id='line_1_24' title="bbox 2090 1582 3586 1664; baseline 0.002 -22"><span class='ocrx_word' id='word_1_122' title='bbox 2090 1582 2362 1663; x_wconf 85' lang='lat' dir='ltr'>quietari</span> <span class='ocrx_word' id='word_1_123' title='bbox 2402 1583 2635 1664; x_wconf 88' lang='lat' dir='ltr'>spiritu</span> <span class='ocrx_word' id='word_1_124' title='bbox 2674 1582 3112 1645; x_wconf 82' lang='lat' dir='ltr'>fornicationis</span> <span class='ocrx_word' id='word_1_125' title='bbox 3150 1590 3340 1664; x_wconf 88' lang='lat' dir='ltr'>atque</span> <span class='ocrx_word' id='word_1_126' title='bbox 3375 1601 3586 1645; x_wconf 91' lang='lat' dir='ltr'>carna-</span> 
     </span>
     <span class='ocr_line' id='line_1_25' title="bbox 2090 1680 3583 1762; baseline 0.001 -21"><span class='ocrx_word' id='word_1_127' title='bbox 2090 1680 2260 1741; x_wconf 88' lang='lat' dir='ltr'>libus</span> <span class='ocrx_word' id='word_1_128' title='bbox 2312 1680 2651 1743; x_wconf 81' lang='lat' dir='ltr'>incentivis</span> <span class='ocrx_word' id='word_1_129' title='bbox 2691 1699 2704 1743; x_wconf 91' lang='lat'><strong>:</strong></span> <span class='ocrx_word' id='word_1_130' title='bbox 2757 1681 3020 1743; x_wconf 91' lang='lat' dir='ltr'>credens</span> <span class='ocrx_word' id='word_1_131' title='bbox 3069 1700 3135 1742; x_wconf 91' lang='lat' dir='ltr'>se</span> <span class='ocrx_word' id='word_1_132' title='bbox 3183 1688 3583 1762; x_wconf 90' lang='lat' dir='ltr'>reperturum</span> 
     </span>
     <span class='ocr_line' id='line_1_26' title="bbox 2091 1777 3585 1861; baseline 0.001 -22"><span class='ocrx_word' id='word_1_133' title='bbox 2091 1777 2540 1841; x_wconf 80' lang='lat' dir='ltr'>informatione</span> <span class='ocrx_word' id='word_1_134' title='bbox 2597 1780 3008 1861; x_wconf 84' lang='lat' dir='ltr'>orationeque</span> <span class='ocrx_word' id='word_1_135' title='bbox 3066 1780 3236 1840; x_wconf 92' lang='lat' dir='ltr'>senis</span> <span class='ocrx_word' id='word_1_136' title='bbox 3299 1778 3585 1841; x_wconf 90' lang='lat' dir='ltr'>consola-</span> 
     </span>
    </p>
   </div>
   <div class='ocr_carea' id='block_1_10' title="bbox 470 1870 3585 1954">
    <p class='ocr_par' dir='ltr' id='par_1_12' title="bbox 470 1870 3585 1954">
     <span class='ocr_line' id='line_1_27' title="bbox 470 1870 3585 1954; baseline 0.002 -22"><span class='ocrx_word' id='word_1_137' title='bbox 470 1870 949 1951; x_wconf 83' lang='lat' dir='ltr'>praeteritorum</span> <span class='ocrx_word' id='word_1_138' title='bbox 980 1870 1289 1934; x_wconf 89' lang='lat' dir='ltr'>laborum.</span> <span class='ocrx_word' id='word_1_139' title='bbox 1309 1872 1467 1934; x_wconf 90' lang='lat' dir='ltr'>Nam</span> <span class='ocrx_word' id='word_1_140' title='bbox 1498 1872 1809 1954; x_wconf 90' lang='lat' dir='ltr'>scriptum</span> <span class='ocrx_word' id='word_1_141' title='bbox 1840 1879 1971 1933; x_wconf 92' lang='lat' dir='ltr'>est:</span> <span class='ocrx_word' id='word_1_142' title='bbox 2012 1874 2060 1936; x_wconf 96' lang='lat' dir='ltr'><strong>B</strong></span> <span class='ocrx_word' id='word_1_143' title='bbox 2092 1874 2327 1936; x_wconf 90' lang='lat' dir='ltr'>tionem</span> <span class='ocrx_word' id='word_1_144' title='bbox 2375 1875 2508 1936; x_wconf 87' lang='lat' dir='ltr'>suis</span> <span class='ocrx_word' id='word_1_145' title='bbox 2554 1874 2900 1949; x_wconf 82' lang='lat' dir='ltr'>laboribuS,</span> <span class='ocrx_word' id='word_1_146' title='bbox 2934 1883 2998 1936; x_wconf 89' lang='lat' dir='ltr'>et</span> <span class='ocrx_word' id='word_1_147' title='bbox 3040 1874 3321 1937; x_wconf 89' lang='lat' dir='ltr'>remedia</span> <span class='ocrx_word' id='word_1_148' title='bbox 3362 1876 3585 1937; x_wconf 89' lang='lat' dir='ltr'>vulne-</span> 
     </span>
    </p>
   </div>
   <div class='ocr_carea' id='block_1_11' title="bbox 456 1968 1980 3029">
    <p class='ocr_par' dir='ltr' id='par_1_13' title="bbox 456 1968 1980 3029">
     <span class='ocr_line' id='line_1_28' title="bbox 464 1968 1974 2051; baseline 0.001 -22"><span class='ocrx_word' id='word_1_149' title='bbox 464 1968 635 2041; x_wconf 81' lang='lat' dir='ltr'>Quae</span> <span class='ocrx_word' id='word_1_150' title='bbox 690 1986 815 2030; x_wconf 92' lang='lat' dir='ltr'>non</span> <span class='ocrx_word' id='word_1_151' title='bbox 877 1971 1268 2051; x_wconf 81' lang='lat' dir='ltr'>congregasti</span> <span class='ocrx_word' id='word_1_152' title='bbox 1328 1970 1394 2032; x_wconf 91' lang='lat' dir='ltr'>in</span> <span class='ocrx_word' id='word_1_153' title='bbox 1452 1971 1787 2051; x_wconf 85' lang='lat' dir='ltr'>juventute</span> <span class='ocrx_word' id='word_1_154' title='bbox 1844 1977 1974 2044; x_wconf 89' lang='lat' dir='ltr'>tua,</span> 
     </span>
     <span class='ocr_line' id='line_1_29' title="bbox 464 2065 1980 2147; baseline 0.001 -21"><span class='ocrx_word' id='word_1_155' title='bbox 464 2067 801 2147; x_wconf 87' lang='lat' dir='ltr'>quomodo</span> <span class='ocrx_word' id='word_1_156' title='bbox 848 2065 1136 2128; x_wconf 90' lang='lat' dir='ltr'>invenies</span> <span class='ocrx_word' id='word_1_157' title='bbox 1185 2067 1251 2129; x_wconf 93' lang='lat' dir='ltr'>in</span> <span class='ocrx_word' id='word_1_158' title='bbox 1294 2075 1620 2129; x_wconf 86' lang='lat' dir='ltr'>senectute</span> <span class='ocrx_word' id='word_1_159' title='bbox 1670 2070 1831 2128; x_wconf 65' lang='lat' dir='ltr'>tuat</span> <span class='ocrx_word' id='word_1_160' title='bbox 1876 2066 1980 2128; x_wconf 88' lang='lat' dir='ltr'>Se-</span> 
     </span>
     <span class='ocr_line' id='line_1_30' title="bbox 464 2165 1975 2239; baseline 0 -14"><span class='ocrx_word' id='word_1_161' title='bbox 464 2172 705 2226; x_wconf 84' lang='lat' dir='ltr'>nectus</span> <span class='ocrx_word' id='word_1_162' title='bbox 751 2165 927 2226; x_wconf 91' lang='lat' dir='ltr'>enim</span> <span class='ocrx_word' id='word_1_163' title='bbox 970 2165 1353 2228; x_wconf 90' lang='lat' dir='ltr'>venerabilis</span> <span class='ocrx_word' id='word_1_164' title='bbox 1400 2174 1517 2239; x_wconf 91' lang='lat' dir='ltr'>est,</span> <span class='ocrx_word' id='word_1_165' title='bbox 1562 2183 1689 2227; x_wconf 92' lang='lat' dir='ltr'>non</span> <span class='ocrx_word' id='word_1_166' title='bbox 1732 2166 1975 2227; x_wconf 90' lang='lat' dir='ltr'>diutur-</span> 
     </span>
     <span class='ocr_line' id='line_1_31' title="bbox 462 2270 1972 2345; baseline 0 -21"><span class='ocrx_word' id='word_1_167' title='bbox 462 2282 581 2333; x_wconf 83' lang='lat' dir='ltr'>na,</span> <span class='ocrx_word' id='word_1_168' title='bbox 636 2280 841 2344; x_wconf 90' lang='lat' dir='ltr'>neque</span> <span class='ocrx_word' id='word_1_169' title='bbox 890 2281 1203 2327; x_wconf 89' lang='lat' dir='ltr'>annorum</span> <span class='ocrx_word' id='word_1_170' title='bbox 1263 2282 1528 2326; x_wconf 92' lang='lat' dir='ltr'>numero</span> <span class='ocrx_word' id='word_1_171' title='bbox 1576 2270 1972 2345; x_wconf 86' lang='lat' dir='ltr'>computata3</span> 
     </span>
     <span class='ocr_line' id='line_1_32' title="bbox 461 2359 1973 2434; baseline 0 -13"><span class='ocrx_word' id='word_1_172' title='bbox 461 2359 622 2421; x_wconf 84' lang='lat' dir='ltr'>cani</span> <span class='ocrx_word' id='word_1_173' title='bbox 670 2368 818 2421; x_wconf 89' lang='lat' dir='ltr'>sunt</span> <span class='ocrx_word' id='word_1_174' title='bbox 864 2360 1039 2421; x_wconf 92' lang='lat' dir='ltr'>enim</span> <span class='ocrx_word' id='word_1_175' title='bbox 1090 2378 1312 2422; x_wconf 88' lang='lat' dir='ltr'>sensus</span> <span class='ocrx_word' id='word_1_176' title='bbox 1361 2361 1664 2434; x_wconf 88' lang='lat' dir='ltr'>hominis,</span> <span class='ocrx_word' id='word_1_177' title='bbox 1717 2368 1780 2423; x_wconf 89' lang='lat' dir='ltr'>et</span> <span class='ocrx_word' id='word_1_178' title='bbox 1826 2367 1973 2423; x_wconf 65' lang='lat' dir='ltr'>setas</span> 
     </span>
     <span class='ocr_line' id='line_1_33' title="bbox 460 2458 1975 2533; baseline 0 -14"><span class='ocrx_word' id='word_1_179' title='bbox 460 2458 823 2520; x_wconf 88' lang='lat' dir='ltr'>senectutis</span> <span class='ocrx_word' id='word_1_180' title='bbox 852 2458 985 2520; x_wconf 87' lang='lat' dir='ltr'>vita</span> <span class='ocrx_word' id='word_1_181' title='bbox 1023 2458 1445 2520; x_wconf 87' lang='lat' dir='ltr'>immaculata.</span> <span class='ocrx_word' id='word_1_182' title='bbox 1482 2459 1629 2522; x_wconf 90' lang='lat' dir='ltr'>Ideo</span> <span class='ocrx_word' id='word_1_183' title='bbox 1660 2476 1787 2533; x_wconf 82' lang='lat' dir='ltr'>non</span> <span class='ocrx_word' id='word_1_184' title='bbox 1826 2466 1975 2520; x_wconf 90' lang='lat' dir='ltr'>sunt</span> 
     </span>
     <span class='ocr_line' id='line_1_34' title="bbox 460 2556 1971 2636; baseline 0 -19"><span class='ocrx_word' id='word_1_185' title='bbox 460 2556 665 2617; x_wconf 88' lang='lat' dir='ltr'>nobis</span> <span class='ocrx_word' id='word_1_186' title='bbox 721 2556 1021 2618; x_wconf 88' lang='lat' dir='ltr'>sectanda</span> <span class='ocrx_word' id='word_1_187' title='bbox 1076 2556 1343 2636; x_wconf 81' lang='lat' dir='ltr'>vestigia</span> <span class='ocrx_word' id='word_1_188' title='bbox 1398 2557 1686 2619; x_wconf 89' lang='lat' dir='ltr'>omnium</span> <span class='ocrx_word' id='word_1_189' title='bbox 1746 2575 1971 2618; x_wconf 90' lang='lat' dir='ltr'>senum</span> 
     </span>
     <span class='ocr_line' id='line_1_35' title="bbox 456 2654 1975 2736; baseline -0.001 -21"><span class='ocrx_word' id='word_1_190' title='bbox 456 2672 751 2736; x_wconf 87' lang='lat' dir='ltr'>quorum</span> <span class='ocrx_word' id='word_1_191' title='bbox 781 2654 989 2736; x_wconf 88' lang='lat' dir='ltr'>capita</span> <span class='ocrx_word' id='word_1_192' title='bbox 1020 2654 1173 2733; x_wconf 83' lang='lat' dir='ltr'>tegit</span> <span class='ocrx_word' id='word_1_193' title='bbox 1197 2654 1782 2736; x_wconf 83' lang='lat' dir='ltr'>canitieS,quosque</span> <span class='ocrx_word' id='word_1_194' title='bbox 1810 2671 1975 2716; x_wconf 90' lang='lat' dir='ltr'>com-</span> 
     </span>
     <span class='ocr_line' id='line_1_36' title="bbox 460 2752 1970 2832; baseline -0.001 -19"><span class='ocrx_word' id='word_1_195' title='bbox 460 2752 735 2813; x_wconf 86' lang='lat' dir='ltr'>mendat</span> <span class='ocrx_word' id='word_1_196' title='bbox 778 2752 911 2814; x_wconf 90' lang='lat' dir='ltr'>sola</span> <span class='ocrx_word' id='word_1_197' title='bbox 960 2752 1322 2832; x_wconf 62' lang='lat' dir='ltr'>longaevitas</span> <span class='ocrx_word' id='word_1_198' title='bbox 1366 2752 1535 2825; x_wconf 81' lang='lat' dir='ltr'>vitae,</span> <span class='ocrx_word' id='word_1_199' title='bbox 1578 2771 1697 2814; x_wconf 93' lang='lat' dir='ltr'>nec</span> <span class='ocrx_word' id='word_1_200' title='bbox 1743 2753 1970 2813; x_wconf 92' lang='lat' dir='ltr'>horum</span> 
     </span>
     <span class='ocr_line' id='line_1_37' title="bbox 460 2850 1967 2931; baseline 0 -20"><span class='ocrx_word' id='word_1_201' title='bbox 460 2850 846 2913; x_wconf 83' lang='lat' dir='ltr'>traditiones</span> <span class='ocrx_word' id='word_1_202' title='bbox 903 2869 976 2911; x_wconf 91' lang='lat' dir='ltr'>ac</span> <span class='ocrx_word' id='word_1_203' title='bbox 1027 2851 1268 2913; x_wconf 89' lang='lat' dir='ltr'>monita</span> <span class='ocrx_word' id='word_1_204' title='bbox 1322 2858 1470 2912; x_wconf 91' lang='lat' dir='ltr'>sunt</span> <span class='ocrx_word' id='word_1_205' title='bbox 1528 2850 1967 2931; x_wconf 85' lang='lat' dir='ltr'>suscipienda3</span> 
     </span>
     <span class='ocr_line' id='line_1_38' title="bbox 458 2948 1972 3029; baseline -0.002 -18"><span class='ocrx_word' id='word_1_206' title='bbox 458 2949 585 3011; x_wconf 88' lang='lat' dir='ltr'>sed</span> <span class='ocrx_word' id='word_1_207' title='bbox 637 2966 855 3010; x_wconf 91' lang='lat' dir='ltr'>eorum</span> <span class='ocrx_word' id='word_1_208' title='bbox 906 2966 1065 3029; x_wconf 90' lang='lat' dir='ltr'>quos</span> <span class='ocrx_word' id='word_1_209' title='bbox 1113 2949 1409 3010; x_wconf 90' lang='lat' dir='ltr'>novimus</span> <span class='ocrx_word' id='word_1_210' title='bbox 1462 2967 1643 3010; x_wconf 89' lang='lat' dir='ltr'>suam</span> <span class='ocrx_word' id='word_1_211' title='bbox 1690 2948 1887 3010; x_wconf 87' lang='lat' dir='ltr'>vitam</span> <span class='ocrx_word' id='word_1_212' title='bbox 1936 2967 1972 3008; x_wconf 89' lang='lat' dir='ltr'>a</span> 
     </span>
    </p>
   </div>
   <div class='ocr_carea' id='block_1_12' title="bbox 2084 1971 3585 3035">
    <p class='ocr_par' dir='ltr' id='par_1_14' title="bbox 2084 1971 3585 3035">
     <span class='ocr_line' id='line_1_39' title="bbox 2088 1971 3583 2049; baseline 0.003 -17"><span class='ocrx_word' id='word_1_213' title='bbox 2088 1971 2267 2033; x_wconf 90' lang='lat' dir='ltr'>ribus</span> <span class='ocrx_word' id='word_1_214' title='bbox 2307 1971 2432 2033; x_wconf 90' lang='lat' dir='ltr'>sibi</span> <span class='ocrx_word' id='word_1_215' title='bbox 2476 1972 2778 2049; x_wconf 83' lang='lat' dir='ltr'>inflictis3</span> <span class='ocrx_word' id='word_1_216' title='bbox 2818 1980 2970 2035; x_wconf 91' lang='lat' dir='ltr'>tunc</span> <span class='ocrx_word' id='word_1_217' title='bbox 3000 1992 3192 2035; x_wconf 84' lang='lat' dir='ltr'>senex</span> <span class='ocrx_word' id='word_1_218' title='bbox 3231 1973 3340 2035; x_wconf 88' lang='lat' dir='ltr'>ille</span> <span class='ocrx_word' id='word_1_219' title='bbox 3381 1974 3583 2037; x_wconf 89' lang='lat' dir='ltr'>incre-</span> 
     </span>
     <span class='ocr_line' id='line_1_40' title="bbox 2089 2066 3584 2150; baseline 0.003 -19"><span class='ocrx_word' id='word_1_220' title='bbox 2089 2088 2248 2150; x_wconf 91' lang='lat' dir='ltr'>pans</span> <span class='ocrx_word' id='word_1_221' title='bbox 2279 2070 2557 2132; x_wconf 85' lang='lat' dir='ltr'>Fratrem</span> <span class='ocrx_word' id='word_1_222' title='bbox 2589 2070 3003 2132; x_wconf 88' lang='lat' dir='ltr'>amarissimis</span> <span class='ocrx_word' id='word_1_223' title='bbox 3023 2071 3337 2143; x_wconf 82' lang='lat' dir='ltr'>verbiS,et</span> <span class='ocrx_word' id='word_1_224' title='bbox 3366 2066 3584 2135; x_wconf 88' lang='lat' dir='ltr'>dicens</span> 
     </span>
     <span class='ocr_line' id='line_1_41' title="bbox 2086 2168 3584 2251; baseline 0.002 -23"><span class='ocrx_word' id='word_1_225' title='bbox 2086 2185 2235 2229; x_wconf 90' lang='lat' dir='ltr'>eum</span> <span class='ocrx_word' id='word_1_226' title='bbox 2281 2168 2713 2230; x_wconf 84' lang='lat' dir='ltr'>miserabilem</span> <span class='ocrx_word' id='word_1_227' title='bbox 2758 2187 2919 2243; x_wconf 91' lang='lat' dir='ltr'>esse,</span> <span class='ocrx_word' id='word_1_228' title='bbox 2953 2168 3288 2249; x_wconf 85' lang='lat' dir='ltr'>indignum</span> <span class='ocrx_word' id='word_1_229' title='bbox 3331 2187 3584 2251; x_wconf 90' lang='lat' dir='ltr'>quoque</span> 
     </span>
     <span class='ocr_line' id='line_1_42' title="bbox 2085 2265 3585 2338; baseline 0.002 -13"><span class='ocrx_word' id='word_1_230' title='bbox 2085 2265 2344 2327; x_wconf 90' lang='lat' dir='ltr'>nomine</span> <span class='ocrx_word' id='word_1_231' title='bbox 2391 2265 2706 2338; x_wconf 90' lang='lat' dir='ltr'>monachi,</span> <span class='ocrx_word' id='word_1_232' title='bbox 2740 2266 2827 2327; x_wconf 92' lang='lat' dir='ltr'>ita</span> <span class='ocrx_word' id='word_1_233' title='bbox 2861 2267 3139 2328; x_wconf 76' lang='lat' dir='ltr'>Fratrem</span> <span class='ocrx_word' id='word_1_234' title='bbox 3185 2266 3344 2329; x_wconf 85' lang='lat' dir='ltr'>laesit</span> <span class='ocrx_word' id='word_1_235' title='bbox 3383 2285 3585 2329; x_wconf 85' lang='lat' dir='ltr'>corre-</span> 
     </span>
     <span class='ocr_line' id='line_1_43' title="bbox 2084 2357 3585 2445; baseline 0.002 -22"><span class='ocrx_word' id='word_1_236' title='bbox 2084 2361 2413 2445; x_wconf 90' lang='lat' dir='ltr'>ptionibus</span> <span class='ocrx_word' id='word_1_237' title='bbox 2457 2364 2612 2437; x_wconf 80' lang='lat' dir='ltr'>suiS,</span> <span class='ocrx_word' id='word_1_238' title='bbox 2648 2371 2720 2425; x_wconf 88' lang='lat' dir='ltr'>ut</span> <span class='ocrx_word' id='word_1_239' title='bbox 2762 2357 3110 2425; x_wconf 80' lang='lat' dir='ltr'>dimitteret</span> <span class='ocrx_word' id='word_1_240' title='bbox 3154 2382 3301 2426; x_wconf 90' lang='lat' dir='ltr'>eum</span> <span class='ocrx_word' id='word_1_241' title='bbox 3345 2382 3381 2426; x_wconf 92' lang='lat' dir='ltr'>e</span> <span class='ocrx_word' id='word_1_242' title='bbox 3426 2363 3585 2426; x_wconf 89' lang='lat' dir='ltr'>cella</span> 
     </span>
     <span class='ocr_line' id='line_1_44' title="bbox 2084 2461 3583 2543; baseline 0.001 -20"><span class='ocrx_word' id='word_1_243' title='bbox 2084 2480 2199 2523; x_wconf 90' lang='lat' dir='ltr'>sua</span> <span class='ocrx_word' id='word_1_244' title='bbox 2238 2461 2676 2542; x_wconf 87' lang='lat' dir='ltr'>desperatione</span> <span class='ocrx_word' id='word_1_245' title='bbox 2716 2481 2967 2524; x_wconf 92' lang='lat' dir='ltr'>summa</span> <span class='ocrx_word' id='word_1_246' title='bbox 3009 2462 3325 2543; x_wconf 74' lang='lat' dir='ltr'>deJectum</span> <span class='ocrx_word' id='word_1_247' title='bbox 3370 2482 3445 2524; x_wconf 91' lang='lat' dir='ltr'>ac</span> <span class='ocrx_word' id='word_1_248' title='bbox 3499 2464 3583 2525; x_wconf 96' lang='lat' dir='ltr'>le-</span> 
     </span>
     <span class='ocr_line' id='line_1_45' title="bbox 2084 2560 3580 2641; baseline 0.002 -21"><span class='ocrx_word' id='word_1_249' title='bbox 2084 2560 2195 2622; x_wconf 89' lang='lat' dir='ltr'>tali</span> <span class='ocrx_word' id='word_1_250' title='bbox 2229 2561 2484 2621; x_wconf 90' lang='lat' dir='ltr'>tristitia</span> <span class='ocrx_word' id='word_1_251' title='bbox 2513 2561 3356 2641; x_wconf 87' lang='lat' dir='ltr'>consternatum.Quumque</span> <span class='ocrx_word' id='word_1_252' title='bbox 3386 2560 3580 2623; x_wconf 89' lang='lat' dir='ltr'>abbas</span> 
     </span>
     <span class='ocr_line' id='line_1_46' title="bbox 2084 2658 3581 2739; baseline 0 -19"><span class='ocrx_word' id='word_1_253' title='bbox 2084 2658 2310 2739; x_wconf 91' lang='lat' dir='ltr'>Apollo</span> <span class='ocrx_word' id='word_1_254' title='bbox 2356 2658 2843 2739; x_wconf 90' lang='lat' dir='ltr'>probatissimus</span> <span class='ocrx_word' id='word_1_255' title='bbox 2901 2658 3224 2720; x_wconf 91' lang='lat' dir='ltr'>seniorum</span> <span class='ocrx_word' id='word_1_256' title='bbox 3273 2659 3581 2721; x_wconf 90' lang='lat' dir='ltr'>occurris-</span> 
     </span>
     <span class='ocr_line' id='line_1_47' title="bbox 2084 2756 3581 2837; baseline 0.001 -19"><span class='ocrx_word' id='word_1_257' title='bbox 2084 2765 2180 2818; x_wconf 91' lang='lat' dir='ltr'>set</span> <span class='ocrx_word' id='word_1_258' title='bbox 2220 2756 2419 2817; x_wconf 87' lang='lat' dir='ltr'>Fratri</span> <span class='ocrx_word' id='word_1_259' title='bbox 2466 2756 2552 2817; x_wconf 91' lang='lat' dir='ltr'>ita</span> <span class='ocrx_word' id='word_1_260' title='bbox 2597 2756 2913 2829; x_wconf 87' lang='lat' dir='ltr'>moerenti,</span> <span class='ocrx_word' id='word_1_261' title='bbox 2949 2776 3066 2818; x_wconf 92' lang='lat' dir='ltr'>nec</span> <span class='ocrx_word' id='word_1_262' title='bbox 3108 2756 3240 2836; x_wconf 89' lang='lat' dir='ltr'>jam</span> <span class='ocrx_word' id='word_1_263' title='bbox 3281 2758 3581 2837; x_wconf 82' lang='lat' dir='ltr'>cogitanti</span> 
     </span>
     <span class='ocr_line' id='line_1_48' title="bbox 2084 2854 3583 2936; baseline 0.001 -19"><span class='ocrx_word' id='word_1_264' title='bbox 2084 2856 2162 2917; x_wconf 92' lang='lat' dir='ltr'>de</span> <span class='ocrx_word' id='word_1_265' title='bbox 2205 2854 2487 2917; x_wconf 91' lang='lat' dir='ltr'>remedio</span> <span class='ocrx_word' id='word_1_266' title='bbox 2525 2855 3058 2935; x_wconf 83' lang='lat' dir='ltr'>concupiscentiae</span> <span class='ocrx_word' id='word_1_267' title='bbox 3097 2874 3248 2929; x_wconf 80' lang='lat' dir='ltr'>suae,</span> <span class='ocrx_word' id='word_1_268' title='bbox 3282 2856 3393 2917; x_wconf 92' lang='lat' dir='ltr'>sed</span> <span class='ocrx_word' id='word_1_269' title='bbox 3433 2875 3583 2936; x_wconf 92' lang='lat' dir='ltr'>qua-</span> 
     </span>
     <span class='ocr_line' id='line_1_49' title="bbox 2085 2952 3582 3035; baseline 0.001 -21"><span class='ocrx_word' id='word_1_270' title='bbox 2085 2953 2232 3015; x_wconf 91' lang='lat' dir='ltr'>liter</span> <span class='ocrx_word' id='word_1_271' title='bbox 2273 2972 2411 3014; x_wconf 90' lang='lat' dir='ltr'>eam</span> <span class='ocrx_word' id='word_1_272' title='bbox 2459 2953 2761 3035; x_wconf 86' lang='lat' dir='ltr'>expleret,</span> <span class='ocrx_word' id='word_1_273' title='bbox 2796 2952 3145 3034; x_wconf 91' lang='lat' dir='ltr'>conjiciens</span> <span class='ocrx_word' id='word_1_274' title='bbox 3188 2953 3383 3015; x_wconf 89' lang='lat' dir='ltr'>abbas</span> <span class='ocrx_word' id='word_1_275' title='bbox 3428 2974 3582 3035; x_wconf 80' lang='lat' dir='ltr'>prae-</span> 
     </span>
    </p>
   </div>
   <div class='ocr_carea' id='block_1_13' title="bbox 452 3046 3580 3132">
    <p class='ocr_par' dir='ltr' id='par_1_15' title="bbox 452 3046 3580 3132">
     <span class='ocr_line' id='line_1_50' title="bbox 452 3046 3580 3132; baseline 0.003 -25"><span class='ocrx_word' id='word_1_276' title='bbox 452 3048 809 3128; x_wconf 85' lang='lat' dir='ltr'>juventute</span> <span class='ocrx_word' id='word_1_277' title='bbox 851 3046 1253 3108; x_wconf 87' lang='lat' dir='ltr'>laudabiliter</span> <span class='ocrx_word' id='word_1_278' title='bbox 1285 3066 1359 3108; x_wconf 89' lang='lat' dir='ltr'>ac</span> <span class='ocrx_word' id='word_1_279' title='bbox 1390 3046 1836 3128; x_wconf 88' lang='lat' dir='ltr'>probatissime</span> <span class='ocrx_word' id='word_1_280' title='bbox 1867 3065 1972 3108; x_wconf 88' lang='lat' dir='ltr'>ex-</span> <span class='ocrx_word' id='word_1_281' title='bbox 2004 3047 2047 3109; x_wconf 88' lang='lat' dir='ltr'>C</span> <span class='ocrx_word' id='word_1_282' title='bbox 2083 3051 2252 3113; x_wconf 83' lang='lat' dir='ltr'>fatus</span> <span class='ocrx_word' id='word_1_283' title='bbox 2295 3069 2372 3111; x_wconf 90' lang='lat' dir='ltr'>ex</span> <span class='ocrx_word' id='word_1_284' title='bbox 2414 3051 2828 3132; x_wconf 89' lang='lat' dir='ltr'>dispositione</span> <span class='ocrx_word' id='word_1_285' title='bbox 2871 3058 2935 3112; x_wconf 89' lang='lat' dir='ltr'>et</span> <span class='ocrx_word' id='word_1_286' title='bbox 2973 3050 3326 3131; x_wconf 89' lang='lat' dir='ltr'>dejectione</span> <span class='ocrx_word' id='word_1_287' title='bbox 3364 3052 3580 3115; x_wconf 90' lang='lat' dir='ltr'>vultus</span> 
     </span>
    </p>
   </div>
   <div class='ocr_carea' id='block_1_14' title="bbox 456 3144 1971 4011">
    <p class='ocr_par' dir='ltr' id='par_1_16' title="bbox 456 3144 1971 4011">
     <span class='ocr_line' id='line_1_51' title="bbox 456 3144 1971 3227; baseline -0.001 -20"><span class='ocrx_word' id='word_1_288' title='bbox 456 3145 795 3227; x_wconf 89' lang='lat' dir='ltr'>pendisse,</span> <span class='ocrx_word' id='word_1_289' title='bbox 827 3152 889 3206; x_wconf 91' lang='lat' dir='ltr'>et</span> <span class='ocrx_word' id='word_1_290' title='bbox 922 3144 1242 3206; x_wconf 90' lang='lat' dir='ltr'>institutos</span> <span class='ocrx_word' id='word_1_291' title='bbox 1283 3144 1482 3208; x_wconf 84' lang='lat' dir='ltr'>fuisse</span> <span class='ocrx_word' id='word_1_292' title='bbox 1512 3163 1640 3207; x_wconf 94' lang='lat' dir='ltr'>non</span> <span class='ocrx_word' id='word_1_293' title='bbox 1669 3145 1971 3206; x_wconf 88' lang='lat' dir='ltr'>adinven-</span> 
     </span>
     <span class='ocr_line' id='line_1_52' title="bbox 460 3242 1964 3324; baseline -0.001 -20"><span class='ocrx_word' id='word_1_294' title='bbox 460 3242 759 3306; x_wconf 82' lang='lat' dir='ltr'>tionibus</span> <span class='ocrx_word' id='word_1_295' title='bbox 799 3242 1099 3324; x_wconf 82' lang='lat' dir='ltr'>propriiS,</span> <span class='ocrx_word' id='word_1_296' title='bbox 1133 3242 1243 3303; x_wconf 91' lang='lat' dir='ltr'>sed</span> <span class='ocrx_word' id='word_1_297' title='bbox 1284 3242 1607 3304; x_wconf 90' lang='lat' dir='ltr'>seniorum</span> <span class='ocrx_word' id='word_1_298' title='bbox 1640 3242 1964 3304; x_wconf 72' lang='lat' dir='ltr'>doctrinis</span> 
     </span>
     <span class='ocr_line' id='line_1_53' title="bbox 457 3339 1969 3421; baseline -0.001 -19"><span class='ocrx_word' id='word_1_299' title='bbox 457 3342 637 3403; x_wconf 86' lang='lat' dir='ltr'>Sunt</span> <span class='ocrx_word' id='word_1_300' title='bbox 660 3340 899 3421; x_wconf 83' lang='lat' dir='ltr'>quippe</span> <span class='ocrx_word' id='word_1_301' title='bbox 924 3339 1526 3420; x_wconf 89' lang='lat' dir='ltr'>nonnulli,quorum</span> <span class='ocrx_word' id='word_1_302' title='bbox 1558 3340 1750 3401; x_wconf 90' lang='lat' dir='ltr'>etiam</span> <span class='ocrx_word' id='word_1_303' title='bbox 1771 3339 1969 3420; x_wconf 91' lang='lat' dir='ltr'>(quod</span> 
     </span>
     <span class='ocr_line' id='line_1_54' title="bbox 458 3436 1969 3519; baseline -0.003 -18"><span class='ocrx_word' id='word_1_304' title='bbox 458 3437 761 3503; x_wconf 81' lang='lat' dir='ltr'>flebilius</span> <span class='ocrx_word' id='word_1_305' title='bbox 801 3438 925 3517; x_wconf 89' lang='lat' dir='ltr'>est)</span> <span class='ocrx_word' id='word_1_306' title='bbox 966 3436 1168 3516; x_wconf 87' lang='lat' dir='ltr'>major</span> <span class='ocrx_word' id='word_1_307' title='bbox 1210 3444 1306 3498; x_wconf 91' lang='lat' dir='ltr'>est</span> <span class='ocrx_word' id='word_1_308' title='bbox 1352 3456 1679 3512; x_wconf 90' lang='lat' dir='ltr'>numerus,</span> <span class='ocrx_word' id='word_1_309' title='bbox 1718 3437 1827 3519; x_wconf 89' lang='lat' dir='ltr'>qui</span> <span class='ocrx_word' id='word_1_310' title='bbox 1874 3456 1969 3498; x_wconf 91' lang='lat' dir='ltr'>se-</span> 
     </span>
     <span class='ocr_line' id='line_1_55' title="bbox 460 3534 1965 3616; baseline -0.002 -17"><span class='ocrx_word' id='word_1_311' title='bbox 460 3544 806 3599; x_wconf 86' lang='lat' dir='ltr'>nescentes</span> <span class='ocrx_word' id='word_1_312' title='bbox 864 3534 930 3596; x_wconf 94' lang='lat' dir='ltr'>in</span> <span class='ocrx_word' id='word_1_313' title='bbox 994 3552 1111 3597; x_wconf 89' lang='lat' dir='ltr'>suo</span> <span class='ocrx_word' id='word_1_314' title='bbox 1168 3542 1384 3616; x_wconf 89' lang='lat' dir='ltr'>tepore</span> <span class='ocrx_word' id='word_1_315' title='bbox 1443 3544 1631 3616; x_wconf 90' lang='lat' dir='ltr'>atque</span> <span class='ocrx_word' id='word_1_316' title='bbox 1692 3535 1965 3615; x_wconf 87' lang='lat' dir='ltr'>ignavia,</span> 
     </span>
     <span class='ocr_line' id='line_1_56' title="bbox 460 3632 1971 3715; baseline -0.001 -20"><span class='ocrx_word' id='word_1_317' title='bbox 460 3652 621 3715; x_wconf 81' lang='lat' dir='ltr'>quae</span> <span class='ocrx_word' id='word_1_318' title='bbox 662 3640 1092 3714; x_wconf 88' lang='lat' dir='ltr'>conceperunt</span> <span class='ocrx_word' id='word_1_319' title='bbox 1134 3632 1201 3693; x_wconf 91' lang='lat' dir='ltr'>in</span> <span class='ocrx_word' id='word_1_320' title='bbox 1242 3632 1599 3711; x_wconf 84' lang='lat' dir='ltr'>juventute,</span> <span class='ocrx_word' id='word_1_321' title='bbox 1636 3632 1971 3694; x_wconf 89' lang='lat' dir='ltr'>auctorita-</span> 
     </span>
     <span class='ocr_line' id='line_1_57' title="bbox 462 3730 1967 3811; baseline -0.001 -18"><span class='ocrx_word' id='word_1_322' title='bbox 462 3740 609 3793; x_wconf 85' lang='lat' dir='ltr'>tem</span> <span class='ocrx_word' id='word_1_323' title='bbox 666 3730 789 3792; x_wconf 89' lang='lat' dir='ltr'>sibi</span> <span class='ocrx_word' id='word_1_324' title='bbox 845 3730 1187 3811; x_wconf 90' lang='lat' dir='ltr'>acquirunt</span> <span class='ocrx_word' id='word_1_325' title='bbox 1232 3747 1361 3791; x_wconf 91' lang='lat' dir='ltr'>non</span> <span class='ocrx_word' id='word_1_326' title='bbox 1418 3730 1777 3791; x_wconf 88' lang='lat' dir='ltr'>maturitate</span> <span class='ocrx_word' id='word_1_327' title='bbox 1838 3748 1967 3792; x_wconf 96' lang='lat' dir='ltr'>mo-</span> 
     </span>
     <span class='ocr_line' id='line_1_58' title="bbox 466 3828 1967 3910; baseline -0.002 -18"><span class='ocrx_word' id='word_1_328' title='bbox 466 3849 641 3903; x_wconf 87' lang='lat' dir='ltr'>rum,</span> <span class='ocrx_word' id='word_1_329' title='bbox 660 3830 770 3891; x_wconf 89' lang='lat' dir='ltr'>sed</span> <span class='ocrx_word' id='word_1_330' title='bbox 798 3828 1251 3891; x_wconf 88' lang='lat' dir='ltr'>numerositate</span> <span class='ocrx_word' id='word_1_331' title='bbox 1280 3846 1605 3890; x_wconf 89' lang='lat' dir='ltr'>annorum.</span> <span class='ocrx_word' id='word_1_332' title='bbox 1623 3830 1709 3890; x_wconf 90' lang='lat' dir='ltr'>De</span> <span class='ocrx_word' id='word_1_333' title='bbox 1735 3828 1967 3910; x_wconf 92' lang='lat' dir='ltr'>quibus</span> 
     </span>
     <span class='ocr_line' id='line_1_59' title="bbox 470 3925 1967 4011; baseline -0.002 -21"><span class='ocrx_word' id='word_1_334' title='bbox 470 3928 737 4011; x_wconf 85' lang='lat' dir='ltr'>proprie</span> <span class='ocrx_word' id='word_1_335' title='bbox 802 3927 955 3989; x_wconf 89' lang='lat' dir='ltr'>satis</span> <span class='ocrx_word' id='word_1_336' title='bbox 1019 3926 1333 4007; x_wconf 87' lang='lat' dir='ltr'>accipitur</span> <span class='ocrx_word' id='word_1_337' title='bbox 1392 3925 1794 4007; x_wconf 88' lang='lat' dir='ltr'>exprobratio</span> <span class='ocrx_word' id='word_1_338' title='bbox 1855 3926 1967 3987; x_wconf 91' lang='lat' dir='ltr'>Dei</span> 
     </span>
    </p>
   </div>
   <div class='ocr_carea' id='block_1_15' title="bbox 411 4023 1967 4117">
    <p class='ocr_par' dir='ltr' id='par_1_17' title="bbox 411 4023 1967 4117">
     <span class='ocr_line' id='line_1_60' title="bbox 411 4023 1967 4117; baseline -0.003 -29"><span class='ocrx_word' id='word_1_339' title='bbox 411 4076 429 4088; x_wconf 89' lang='lat'><strong><em>.</em></strong></span> <span class='ocrx_word' id='word_1_340' title='bbox 468 4045 607 4108; x_wconf 90' lang='lat' dir='ltr'>qua</span> <span class='ocrx_word' id='word_1_341' title='bbox 638 4026 917 4117; x_wconf 85' lang='lat' dir='ltr'>loquitur</span> <span class='ocrx_word' id='word_1_342' title='bbox 945 4043 1059 4106; x_wconf 91' lang='lat' dir='ltr'>per</span> <span class='ocrx_word' id='word_1_343' title='bbox 1085 4024 1461 4105; x_wconf 89' lang='lat' dir='ltr'>Prophetam</span> <span class='ocrx_word' id='word_1_344' title='bbox 1498 4044 1511 4086; x_wconf 91' lang='lat'>:</span> <span class='ocrx_word' id='word_1_345' title='bbox 1547 4023 1967 4086; x_wconf 89' lang='lat' dir='ltr'>Comederunt</span> 
     </span>
    </p>
   </div>
   <div class='ocr_carea' id='block_1_16' title="bbox 466 4121 1966 4203">
    <p class='ocr_par' dir='ltr' id='par_1_18' title="bbox 466 4121 1966 4203">
     <span class='ocr_line' id='line_1_61' title="bbox 466 4121 1966 4203; baseline -0.003 -17"><span class='ocrx_word' id='word_1_346' title='bbox 466 4124 671 4187; x_wconf 86' lang='lat' dir='ltr'>alieni</span> <span class='ocrx_word' id='word_1_347' title='bbox 711 4122 905 4184; x_wconf 91' lang='lat' dir='ltr'>robur</span> <span class='ocrx_word' id='word_1_348' title='bbox 942 4122 1105 4203; x_wconf 81' lang='lat' dir='ltr'>ejuS‚</span> <span class='ocrx_word' id='word_1_349' title='bbox 1138 4130 1201 4183; x_wconf 90' lang='lat' dir='ltr'>et</span> <span class='ocrx_word' id='word_1_350' title='bbox 1234 4122 1371 4203; x_wconf 88' lang='lat' dir='ltr'>ipse</span> <span class='ocrx_word' id='word_1_351' title='bbox 1410 4121 1715 4200; x_wconf 82' lang='lat' dir='ltr'>nescivit3</span> <span class='ocrx_word' id='word_1_352' title='bbox 1756 4122 1867 4183; x_wconf 92' lang='lat' dir='ltr'>sed</span> <span class='ocrx_word' id='word_1_353' title='bbox 1905 4129 1966 4182; x_wconf 88' lang='lat' dir='ltr'>et</span> 
     </span>
    </p>
   </div>
   <div class='ocr_carea' id='block_1_17' title="bbox 2080 3148 3581 4205">
    <p class='ocr_par' dir='ltr' id='par_1_19' title="bbox 2080 3148 3581 4205">
     <span class='ocr_line' id='line_1_62' title="bbox 2084 3148 3575 3211; baseline 0.001 -1"><span class='ocrx_word' id='word_1_354' title='bbox 2084 3148 2318 3210; x_wconf 90' lang='lat' dir='ltr'>Fratris</span> <span class='ocrx_word' id='word_1_355' title='bbox 2389 3148 2562 3210; x_wconf 88' lang='lat' dir='ltr'>illius</span> <span class='ocrx_word' id='word_1_356' title='bbox 2624 3148 3092 3210; x_wconf 88' lang='lat' dir='ltr'>vehementiam</span> <span class='ocrx_word' id='word_1_357' title='bbox 3160 3167 3234 3209; x_wconf 89' lang='lat' dir='ltr'>ac</span> <span class='ocrx_word' id='word_1_358' title='bbox 3297 3148 3575 3211; x_wconf 89' lang='lat' dir='ltr'>laborem</span> 
     </span>
     <span class='ocr_line' id='line_1_63' title="bbox 2083 3246 3579 3329; baseline 0.003 -22"><span class='ocrx_word' id='word_1_359' title='bbox 2083 3248 2450 3309; x_wconf 84' lang='lat' dir='ltr'>tentationis</span> <span class='ocrx_word' id='word_1_360' title='bbox 2491 3266 2632 3329; x_wconf 86' lang='lat' dir='ltr'>quae</span> <span class='ocrx_word' id='word_1_361' title='bbox 2667 3246 2854 3309; x_wconf 89' lang='lat' dir='ltr'>tacite</span> <span class='ocrx_word' id='word_1_362' title='bbox 2884 3246 3257 3309; x_wconf 88' lang='lat' dir='ltr'>volvebatur</span> <span class='ocrx_word' id='word_1_363' title='bbox 3291 3248 3355 3308; x_wconf 95' lang='lat' dir='ltr'>in</span> <span class='ocrx_word' id='word_1_364' title='bbox 3391 3250 3579 3312; x_wconf 89' lang='lat' dir='ltr'>corde</span> 
     </span>
     <span class='ocr_line' id='line_1_64' title="bbox 2086 3343 3581 3425; baseline 0.001 -20"><span class='ocrx_word' id='word_1_365' title='bbox 2086 3345 2311 3425; x_wconf 83' lang='lat' dir='ltr'>ipsiuS,</span> <span class='ocrx_word' id='word_1_366' title='bbox 2344 3345 2538 3425; x_wconf 89' lang='lat' dir='ltr'>coepit</span> <span class='ocrx_word' id='word_1_367' title='bbox 2579 3343 2900 3425; x_wconf 87' lang='lat' dir='ltr'>inquirere</span> <span class='ocrx_word' id='word_1_368' title='bbox 2941 3362 3196 3405; x_wconf 89' lang='lat' dir='ltr'>causam</span> <span class='ocrx_word' id='word_1_369' title='bbox 3238 3352 3425 3409; x_wconf 82' lang='lat' dir='ltr'>tantae</span> <span class='ocrx_word' id='word_1_370' title='bbox 3453 3354 3581 3408; x_wconf 86' lang='lat' dir='ltr'>tur-</span> 
     </span>
     <span class='ocr_line' id='line_1_65' title="bbox 2083 3441 3580 3523; baseline 0.003 -21"><span class='ocrx_word' id='word_1_371' title='bbox 2083 3441 2376 3503; x_wconf 83' lang='lat' dir='ltr'>bationiS.</span> <span class='ocrx_word' id='word_1_372' title='bbox 2413 3442 2525 3505; x_wconf 89' lang='lat' dir='ltr'>Cui</span> <span class='ocrx_word' id='word_1_373' title='bbox 2568 3460 2766 3523; x_wconf 89' lang='lat' dir='ltr'>quum</span> <span class='ocrx_word' id='word_1_374' title='bbox 2809 3442 3022 3503; x_wconf 85' lang='lat' dir='ltr'>Frater</span> <span class='ocrx_word' id='word_1_375' title='bbox 3065 3443 3444 3523; x_wconf 89' lang='lat' dir='ltr'>respondere</span> <span class='ocrx_word' id='word_1_376' title='bbox 3487 3444 3580 3506; x_wconf 91' lang='lat' dir='ltr'>ni-</span> 
     </span>
     <span class='ocr_line' id='line_1_66' title="bbox 2081 3538 3578 3621; baseline 0.004 -22"><span class='ocrx_word' id='word_1_377' title='bbox 2081 3538 2172 3599; x_wconf 92' lang='lat' dir='ltr'>hil</span> <span class='ocrx_word' id='word_1_378' title='bbox 2219 3548 2432 3620; x_wconf 91' lang='lat' dir='ltr'>posset</span> <span class='ocrx_word' id='word_1_379' title='bbox 2471 3559 2601 3620; x_wconf 85' lang='lat' dir='ltr'>prae</span> <span class='ocrx_word' id='word_1_380' title='bbox 2645 3539 2903 3600; x_wconf 88' lang='lat' dir='ltr'>tristitia</span> <span class='ocrx_word' id='word_1_381' title='bbox 2949 3559 3022 3602; x_wconf 90' lang='lat' dir='ltr'>ae</span> <span class='ocrx_word' id='word_1_382' title='bbox 3066 3541 3328 3621; x_wconf 91' lang='lat' dir='ltr'>pudore,</span> <span class='ocrx_word' id='word_1_383' title='bbox 3371 3541 3578 3605; x_wconf 89' lang='lat' dir='ltr'>sciens</span> 
     </span>
     <span class='ocr_line' id='line_1_67' title="bbox 2081 3637 3576 3701; baseline 0.002 -4"><span class='ocrx_word' id='word_1_384' title='bbox 2081 3655 2275 3698; x_wconf 88' lang='lat' dir='ltr'>senex</span> <span class='ocrx_word' id='word_1_385' title='bbox 2332 3655 2458 3699; x_wconf 92' lang='lat' dir='ltr'>non</span> <span class='ocrx_word' id='word_1_386' title='bbox 2519 3637 2656 3698; x_wconf 91' lang='lat' dir='ltr'>sine</span> <span class='ocrx_word' id='word_1_387' title='bbox 2715 3656 2904 3698; x_wconf 89' lang='lat' dir='ltr'>causa</span> <span class='ocrx_word' id='word_1_388' title='bbox 2959 3656 3105 3698; x_wconf 92' lang='lat' dir='ltr'>eum</span> <span class='ocrx_word' id='word_1_389' title='bbox 3155 3637 3318 3699; x_wconf 90' lang='lat' dir='ltr'>velle</span> <span class='ocrx_word' id='word_1_390' title='bbox 3373 3638 3576 3701; x_wconf 89' lang='lat' dir='ltr'>celare</span> 
     </span>
     <span class='ocr_line' id='line_1_68' title="bbox 2082 3734 3576 3815; baseline 0 -18"><span class='ocrx_word' id='word_1_391' title='bbox 2082 3754 2338 3797; x_wconf 90' lang='lat' dir='ltr'>causam</span> <span class='ocrx_word' id='word_1_392' title='bbox 2380 3741 2570 3797; x_wconf 71' lang='lat' dir='ltr'>tantae</span> <span class='ocrx_word' id='word_1_393' title='bbox 2614 3734 2951 3808; x_wconf 79' lang='lat' dir='ltr'>moestitiae,</span> <span class='ocrx_word' id='word_1_394' title='bbox 2995 3754 3188 3815; x_wconf 90' lang='lat' dir='ltr'>quam</span> <span class='ocrx_word' id='word_1_395' title='bbox 3232 3754 3350 3797; x_wconf 91' lang='lat' dir='ltr'>nec</span> <span class='ocrx_word' id='word_1_396' title='bbox 3393 3737 3576 3798; x_wconf 92' lang='lat' dir='ltr'>vultu</span> 
     </span>
     <span class='ocr_line' id='line_1_69' title="bbox 2082 3832 3577 3914; baseline 0 -20"><span class='ocrx_word' id='word_1_397' title='bbox 2082 3833 2290 3914; x_wconf 88' lang='lat' dir='ltr'>potuit</span> <span class='ocrx_word' id='word_1_398' title='bbox 2339 3832 2760 3903; x_wconf 90' lang='lat' dir='ltr'>dissimulare,</span> <span class='ocrx_word' id='word_1_399' title='bbox 2806 3832 3098 3912; x_wconf 82' lang='lat' dir='ltr'>quaesivit</span> <span class='ocrx_word' id='word_1_400' title='bbox 3145 3852 3182 3893; x_wconf 91' lang='lat' dir='ltr'>a</span> <span class='ocrx_word' id='word_1_401' title='bbox 3231 3834 3442 3896; x_wconf 86' lang='lat' dir='ltr'>Fratre</span> <span class='ocrx_word' id='word_1_402' title='bbox 3489 3842 3577 3895; x_wconf 89' lang='lat' dir='ltr'>at-</span> 
     </span>
     <span class='ocr_line' id='line_1_70' title="bbox 2081 3929 3574 4011; baseline 0.001 -20"><span class='ocrx_word' id='word_1_403' title='bbox 2081 3930 2319 3992; x_wconf 88' lang='lat' dir='ltr'>tentius</span> <span class='ocrx_word' id='word_1_404' title='bbox 2352 3948 2605 3991; x_wconf 87' lang='lat' dir='ltr'>causam</span> <span class='ocrx_word' id='word_1_405' title='bbox 2638 3929 2793 3990; x_wconf 86' lang='lat' dir='ltr'>tanti</span> <span class='ocrx_word' id='word_1_406' title='bbox 2826 3929 3080 3991; x_wconf 79' lang='lat' dir='ltr'>doloris,</span> <span class='ocrx_word' id='word_1_407' title='bbox 3101 3930 3330 4011; x_wconf 89' lang='lat' dir='ltr'>Sicque</span> <span class='ocrx_word' id='word_1_408' title='bbox 3361 3931 3574 3993; x_wconf 87' lang='lat' dir='ltr'>Frater</span> 
     </span>
     <span class='ocr_line' id='line_1_71' title="bbox 2082 4014 3572 4099; baseline 0.001 -10"><span class='ocrx_word' id='word_1_409' title='bbox 2082 4027 2190 4089; x_wconf 91' lang='lat' dir='ltr'>ille</span> <span class='ocrx_word' id='word_1_410' title='bbox 2229 4014 2631 4099; x_wconf 83' lang='lat' dir='ltr'>constrictuS‚</span> <span class='ocrx_word' id='word_1_411' title='bbox 2665 4025 2980 4088; x_wconf 84' lang='lat' dir='ltr'>fatebatur</span> <span class='ocrx_word' id='word_1_412' title='bbox 3019 4046 3086 4089; x_wconf 92' lang='lat' dir='ltr'>se</span> <span class='ocrx_word' id='word_1_413' title='bbox 3121 4027 3211 4089; x_wconf 90' lang='lat' dir='ltr'>ire</span> <span class='ocrx_word' id='word_1_414' title='bbox 3247 4028 3325 4089; x_wconf 89' lang='lat' dir='ltr'>ad</span> <span class='ocrx_word' id='word_1_415' title='bbox 3357 4028 3572 4090; x_wconf 89' lang='lat' dir='ltr'>vicum</span> 
     </span>
     <span class='ocr_line' id='line_1_72' title="bbox 2080 4124 3574 4205; baseline 0.001 -18"><span class='ocrx_word' id='word_1_416' title='bbox 2080 4133 2148 4187; x_wconf 90' lang='lat' dir='ltr'>ut</span> <span class='ocrx_word' id='word_1_417' title='bbox 2179 4144 2441 4187; x_wconf 90' lang='lat' dir='ltr'>uxorem</span> <span class='ocrx_word' id='word_1_418' title='bbox 2473 4124 2810 4205; x_wconf 89' lang='lat' dir='ltr'>acciperet,</span> <span class='ocrx_word' id='word_1_419' title='bbox 2845 4132 2908 4185; x_wconf 89' lang='lat' dir='ltr'>et</span> <span class='ocrx_word' id='word_1_420' title='bbox 2939 4124 3158 4187; x_wconf 87' lang='lat' dir='ltr'>relicto</span> <span class='ocrx_word' id='word_1_421' title='bbox 3191 4126 3574 4189; x_wconf 88' lang='lat' dir='ltr'>monasterio</span> 
     </span>
    </p>
   </div>
   <div class='ocr_carea' id='block_1_18' title="bbox 466 4219 3572 4304">
    <p class='ocr_par' dir='ltr' id='par_1_20' title="bbox 466 4219 3572 4304">
     <span class='ocr_line' id='line_1_73' title="bbox 466 4219 3572 4304; baseline 0 -22"><span class='ocrx_word' id='word_1_422' title='bbox 466 4220 620 4283; x_wconf 85' lang='lat' dir='ltr'>cani</span> <span class='ocrx_word' id='word_1_423' title='bbox 664 4219 855 4282; x_wconf 79' lang='lat' dir='ltr'>effusi</span> <span class='ocrx_word' id='word_1_424' title='bbox 899 4227 1047 4281; x_wconf 90' lang='lat' dir='ltr'>sunt</span> <span class='ocrx_word' id='word_1_425' title='bbox 1094 4219 1158 4280; x_wconf 93' lang='lat' dir='ltr'>in</span> <span class='ocrx_word' id='word_1_426' title='bbox 1201 4237 1297 4292; x_wconf 90' lang='lat' dir='ltr'>e0‚</span> <span class='ocrx_word' id='word_1_427' title='bbox 1340 4227 1404 4281; x_wconf 88' lang='lat' dir='ltr'>et</span> <span class='ocrx_word' id='word_1_428' title='bbox 1446 4220 1581 4301; x_wconf 89' lang='lat' dir='ltr'>ipse</span> <span class='ocrx_word' id='word_1_429' title='bbox 1630 4220 1960 4301; x_wconf 85' lang='lat' dir='ltr'>ignoravit.</span> <span class='ocrx_word' id='word_1_430' title='bbox 1997 4228 2045 4288; x_wconf 88' lang='lat' dir='ltr'>D</span> <span class='ocrx_word' id='word_1_431' title='bbox 2079 4223 2314 4286; x_wconf 87' lang='lat' dir='ltr'>rediret</span> <span class='ocrx_word' id='word_1_432' title='bbox 2361 4224 2438 4285; x_wconf 89' lang='lat' dir='ltr'>ad</span> <span class='ocrx_word' id='word_1_433' title='bbox 2489 4222 2794 4284; x_wconf 80' lang='lat' dir='ltr'>saeculum</span> <span class='ocrx_word' id='word_1_434' title='bbox 2843 4240 2856 4283; x_wconf 90' lang='lat'>:</span> <span class='ocrx_word' id='word_1_435' title='bbox 2904 4223 3055 4304; x_wconf 88' lang='lat' dir='ltr'>quia</span> <span class='ocrx_word' id='word_1_436' title='bbox 3105 4229 3177 4283; x_wconf 91' lang='lat' dir='ltr'>ut</span> <span class='ocrx_word' id='word_1_437' title='bbox 3225 4241 3416 4285; x_wconf 85' lang='lat' dir='ltr'>senex</span> <span class='ocrx_word' id='word_1_438' title='bbox 3465 4224 3572 4285; x_wconf 90' lang='lat' dir='ltr'>ille</span> 
     </span>
    </p>
   </div>
   <div class='ocr_carea' id='block_1_19' title="bbox 459 4317 1968 5281">
    <p class='ocr_par' dir='ltr' id='par_1_21' title="bbox 459 4317 1968 5281">
     <span class='ocr_line' id='line_1_74' title="bbox 462 4317 1966 4399; baseline -0.002 -17"><span class='ocrx_word' id='word_1_439' title='bbox 462 4320 623 4392; x_wconf 81' lang='lat' dir='ltr'>Hos,</span> <span class='ocrx_word' id='word_1_440' title='bbox 664 4319 945 4399; x_wconf 89' lang='lat' dir='ltr'>inquam,</span> <span class='ocrx_word' id='word_1_441' title='bbox 990 4317 1123 4379; x_wconf 90' lang='lat' dir='ltr'>sola</span> <span class='ocrx_word' id='word_1_442' title='bbox 1168 4317 1485 4380; x_wconf 89' lang='lat' dir='ltr'>annositas</span> <span class='ocrx_word' id='word_1_443' title='bbox 1536 4318 1822 4399; x_wconf 88' lang='lat' dir='ltr'>provexit</span> <span class='ocrx_word' id='word_1_444' title='bbox 1868 4318 1966 4399; x_wconf 90' lang='lat' dir='ltr'>ju-</span> 
     </span>
     <span class='ocr_line' id='line_1_75' title="bbox 462 4414 1966 4497; baseline -0.001 -17"><span class='ocrx_word' id='word_1_445' title='bbox 462 4416 765 4480; x_wconf 86' lang='lat' dir='ltr'>nioribus</span> <span class='ocrx_word' id='word_1_446' title='bbox 812 4416 880 4477; x_wconf 89' lang='lat' dir='ltr'>in</span> <span class='ocrx_word' id='word_1_447' title='bbox 929 4414 1318 4496; x_wconf 86' lang='lat' dir='ltr'>exemplum,</span> <span class='ocrx_word' id='word_1_448' title='bbox 1366 4434 1491 4477; x_wconf 90' lang='lat' dir='ltr'>non</span> <span class='ocrx_word' id='word_1_449' title='bbox 1544 4416 1825 4497; x_wconf 89' lang='lat' dir='ltr'>probitas</span> <span class='ocrx_word' id='word_1_450' title='bbox 1875 4416 1966 4480; x_wconf 92' lang='lat' dir='ltr'>vi-</span> 
     </span>
     <span class='ocr_line' id='line_1_76' title="bbox 462 4513 1965 4595; baseline -0.002 -16"><span class='ocrx_word' id='word_1_451' title='bbox 462 4524 573 4589; x_wconf 77' lang='lat' dir='ltr'>tae,</span> <span class='ocrx_word' id='word_1_452' title='bbox 610 4532 727 4577; x_wconf 88' lang='lat' dir='ltr'>nec</span> <span class='ocrx_word' id='word_1_453' title='bbox 760 4514 889 4575; x_wconf 90' lang='lat' dir='ltr'>ulla</span> <span class='ocrx_word' id='word_1_454' title='bbox 920 4513 1226 4576; x_wconf 90' lang='lat' dir='ltr'>imitanda</span> <span class='ocrx_word' id='word_1_455' title='bbox 1260 4513 1724 4595; x_wconf 88' lang='lat' dir='ltr'>laudabilisque</span> <span class='ocrx_word' id='word_1_456' title='bbox 1758 4515 1965 4577; x_wconf 87' lang='lat' dir='ltr'>distri-</span> 
     </span>
     <span class='ocr_line' id='line_1_77' title="bbox 460 4610 1963 4694; baseline 0 -19"><span class='ocrx_word' id='word_1_457' title='bbox 460 4613 601 4675; x_wconf 88' lang='lat' dir='ltr'>ctio</span> <span class='ocrx_word' id='word_1_458' title='bbox 631 4610 1045 4694; x_wconf 83' lang='lat' dir='ltr'>professionis</span> <span class='ocrx_word' id='word_1_459' title='bbox 1090 4610 1291 4672; x_wconf 88' lang='lat' dir='ltr'>istius.</span> <span class='ocrx_word' id='word_1_460' title='bbox 1339 4611 1618 4683; x_wconf 88' lang='lat' dir='ltr'>Quorum</span> <span class='ocrx_word' id='word_1_461' title='bbox 1665 4612 1963 4675; x_wconf 89' lang='lat' dir='ltr'>canitiem</span> 
     </span>
     <span class='ocr_line' id='line_1_78' title="bbox 462 4708 1963 4790; baseline 0 -16"><span class='ocrx_word' id='word_1_462' title='bbox 462 4709 923 4774; x_wconf 87' lang='lat' dir='ltr'>callidissimus</span> <span class='ocrx_word' id='word_1_463' title='bbox 963 4708 1162 4772; x_wconf 90' lang='lat' dir='ltr'>hostis</span> <span class='ocrx_word' id='word_1_464' title='bbox 1200 4725 1565 4790; x_wconf 89' lang='lat' dir='ltr'>proponens</span> <span class='ocrx_word' id='word_1_465' title='bbox 1610 4709 1963 4774; x_wconf 90' lang='lat' dir='ltr'>indiscussa</span> 
     </span>
     <span class='ocr_line' id='line_1_79' title="bbox 459 4806 1963 4888; baseline -0.002 -15"><span class='ocrx_word' id='word_1_466' title='bbox 459 4809 843 4873; x_wconf 85' lang='lat' dir='ltr'>auctoritate</span> <span class='ocrx_word' id='word_1_467' title='bbox 884 4808 963 4869; x_wconf 91' lang='lat' dir='ltr'>ad</span> <span class='ocrx_word' id='word_1_468' title='bbox 1004 4806 1330 4887; x_wconf 89' lang='lat' dir='ltr'>juniorum</span> <span class='ocrx_word' id='word_1_469' title='bbox 1378 4806 1842 4888; x_wconf 90' lang='lat' dir='ltr'>deceptionem,</span> <span class='ocrx_word' id='word_1_470' title='bbox 1877 4808 1963 4871; x_wconf 88' lang='lat' dir='ltr'>fe-</span> 
     </span>
     <span class='ocr_line' id='line_1_80' title="bbox 462 4903 1964 4970; baseline -0.001 0"><span class='ocrx_word' id='word_1_471' title='bbox 462 4908 663 4970; x_wconf 85' lang='lat' dir='ltr'>stinat</span> <span class='ocrx_word' id='word_1_472' title='bbox 720 4904 1124 4967; x_wconf 83' lang='lat' dir='ltr'>fraudulenta</span> <span class='ocrx_word' id='word_1_473' title='bbox 1184 4903 1536 4967; x_wconf 84' lang='lat' dir='ltr'>subtilitate</span> <span class='ocrx_word' id='word_1_474' title='bbox 1598 4906 1964 4969; x_wconf 89' lang='lat' dir='ltr'>subvertere</span> 
     </span>
     <span class='ocr_line' id='line_1_81' title="bbox 464 5001 1965 5085; baseline 0 -19"><span class='ocrx_word' id='word_1_475' title='bbox 464 5024 545 5067; x_wconf 83' lang='lat' dir='ltr'>ac</span> <span class='ocrx_word' id='word_1_476' title='bbox 600 5003 895 5085; x_wconf 89' lang='lat' dir='ltr'>decipere</span> <span class='ocrx_word' id='word_1_477' title='bbox 949 5001 1203 5064; x_wconf 90' lang='lat' dir='ltr'>illorum</span> <span class='ocrx_word' id='word_1_478' title='bbox 1250 5002 1561 5084; x_wconf 89' lang='lat' dir='ltr'>exemplis</span> <span class='ocrx_word' id='word_1_479' title='bbox 1614 5004 1805 5065; x_wconf 88' lang='lat' dir='ltr'>etiam</span> <span class='ocrx_word' id='word_1_480' title='bbox 1858 5022 1965 5066; x_wconf 89' lang='lat' dir='ltr'>eos</span> 
     </span>
     <span class='ocr_line' id='line_1_82' title="bbox 470 5098 1964 5183; baseline 0.003 -22"><span class='ocrx_word' id='word_1_481' title='bbox 470 5103 589 5183; x_wconf 90' lang='lat' dir='ltr'>qui</span> <span class='ocrx_word' id='word_1_482' title='bbox 628 5102 703 5161; x_wconf 90' lang='lat' dir='ltr'>ad</span> <span class='ocrx_word' id='word_1_483' title='bbox 744 5100 917 5162; x_wconf 88' lang='lat' dir='ltr'>viam</span> <span class='ocrx_word' id='word_1_484' title='bbox 962 5098 1373 5179; x_wconf 81' lang='lat' dir='ltr'>perfectionis</span> <span class='ocrx_word' id='word_1_485' title='bbox 1417 5109 1706 5181; x_wconf 89' lang='lat' dir='ltr'>poterant</span> <span class='ocrx_word' id='word_1_486' title='bbox 1746 5102 1964 5165; x_wconf 87' lang='lat' dir='ltr'>incita-</span> 
     </span>
     <span class='ocr_line' id='line_1_83' title="bbox 473 5196 1968 5281; baseline 0.003 -22"><span class='ocrx_word' id='word_1_487' title='bbox 473 5199 531 5260; x_wconf 85' lang='lat' dir='ltr'>ri</span> <span class='ocrx_word' id='word_1_488' title='bbox 576 5196 853 5280; x_wconf 90' lang='lat' dir='ltr'>propriis</span> <span class='ocrx_word' id='word_1_489' title='bbox 895 5196 1247 5258; x_wconf 89' lang='lat' dir='ltr'>aliorumve</span> <span class='ocrx_word' id='word_1_490' title='bbox 1291 5198 1727 5261; x_wconf 88' lang='lat' dir='ltr'>hortamentis.</span> <span class='ocrx_word' id='word_1_491' title='bbox 1774 5200 1968 5281; x_wconf 88' lang='lat' dir='ltr'>Cujus</span> 
     </span>
    </p>
   </div>
   <div class='ocr_carea' id='block_1_20' title="bbox 478 5292 2023 5378">
    <p class='ocr_par' dir='ltr' id='par_1_22' title="bbox 478 5292 2023 5378">
     <span class='ocr_line' id='line_1_84' title="bbox 478 5292 2023 5378; baseline 0.002 -20"><span class='ocrx_word' id='word_1_492' title='bbox 478 5296 573 5359; x_wconf 86' lang='lat' dir='ltr'>rei</span> <span class='ocrx_word' id='word_1_493' title='bbox 616 5313 730 5378; x_wconf 84' lang='lat' dir='ltr'>ego</span> <span class='ocrx_word' id='word_1_494' title='bbox 768 5293 991 5357; x_wconf 92' lang='lat' dir='ltr'>volens</span> <span class='ocrx_word' id='word_1_495' title='bbox 1034 5292 1217 5356; x_wconf 90' lang='lat' dir='ltr'>vobis</span> <span class='ocrx_word' id='word_1_496' title='bbox 1260 5296 1553 5378; x_wconf 86' lang='lat' dir='ltr'>exempla</span> <span class='ocrx_word' id='word_1_497' title='bbox 1596 5306 1965 5374; x_wconf 90' lang='lat' dir='ltr'>monstrare,</span> <span class='ocrx_word' id='word_1_498' title='bbox 2016 5318 2023 5333; x_wconf 91' lang='lat'><strong>·</strong></span> 
     </span>
    </p>
   </div>
   <div class='ocr_carea' id='block_1_21' title="bbox 2074 4320 3575 5375">
    <p class='ocr_par' dir='ltr' id='par_1_23' title="bbox 2074 4320 3575 5375">
     <span class='ocr_line' id='line_1_85' title="bbox 2076 4320 3573 4403; baseline 0.001 -19"><span class='ocrx_word' id='word_1_499' title='bbox 2076 4322 2200 4384; x_wconf 92' lang='lat' dir='ltr'>sibi</span> <span class='ocrx_word' id='word_1_500' title='bbox 2231 4321 2521 4394; x_wconf 86' lang='lat' dir='ltr'>asseruit,</span> <span class='ocrx_word' id='word_1_501' title='bbox 2558 4320 2904 4382; x_wconf 90' lang='lat' dir='ltr'>monachus</span> <span class='ocrx_word' id='word_1_502' title='bbox 2941 4320 3073 4400; x_wconf 88' lang='lat' dir='ltr'>jam</span> <span class='ocrx_word' id='word_1_503' title='bbox 3105 4338 3243 4383; x_wconf 90' lang='lat' dir='ltr'>esse</span> <span class='ocrx_word' id='word_1_504' title='bbox 3273 4339 3399 4383; x_wconf 91' lang='lat' dir='ltr'>non</span> <span class='ocrx_word' id='word_1_505' title='bbox 3431 4340 3573 4403; x_wconf 90' lang='lat' dir='ltr'>pos-</span> 
     </span>
     <span class='ocr_line' id='line_1_86' title="bbox 2076 4417 3573 4500; baseline -0.001 -18"><span class='ocrx_word' id='word_1_506' title='bbox 2076 4428 2192 4494; x_wconf 89' lang='lat' dir='ltr'>set,</span> <span class='ocrx_word' id='word_1_507' title='bbox 2227 4438 2434 4500; x_wconf 89' lang='lat' dir='ltr'>neque</span> <span class='ocrx_word' id='word_1_508' title='bbox 2466 4419 2703 4480; x_wconf 89' lang='lat' dir='ltr'>valeret</span> <span class='ocrx_word' id='word_1_509' title='bbox 2745 4417 3062 4481; x_wconf 84' lang='lat' dir='ltr'>refrenare</span> <span class='ocrx_word' id='word_1_510' title='bbox 3108 4419 3400 4481; x_wconf 89' lang='lat' dir='ltr'>stimulos</span> <span class='ocrx_word' id='word_1_511' title='bbox 3440 4439 3573 4482; x_wconf 90' lang='lat' dir='ltr'>car-</span> 
     </span>
     <span class='ocr_line' id='line_1_87' title="bbox 2076 4515 3568 4596; baseline 0 -16"><span class='ocrx_word' id='word_1_512' title='bbox 2076 4518 2199 4593; x_wconf 84' lang='lat' dir='ltr'>niS,</span> <span class='ocrx_word' id='word_1_513' title='bbox 2232 4525 2341 4580; x_wconf 88' lang='lat' dir='ltr'>aut</span> <span class='ocrx_word' id='word_1_514' title='bbox 2371 4517 2652 4579; x_wconf 90' lang='lat' dir='ltr'>remedia</span> <span class='ocrx_word' id='word_1_515' title='bbox 2681 4515 2984 4596; x_wconf 91' lang='lat' dir='ltr'>consequi</span> <span class='ocrx_word' id='word_1_516' title='bbox 3023 4536 3152 4579; x_wconf 83' lang='lat' dir='ltr'>suae</span> <span class='ocrx_word' id='word_1_517' title='bbox 3185 4518 3568 4582; x_wconf 88' lang='lat' dir='ltr'>tentationis.</span> 
     </span>
     <span class='ocr_line' id='line_1_88' title="bbox 2074 4614 3574 4698; baseline 0.001 -20"><span class='ocrx_word' id='word_1_518' title='bbox 2074 4618 2251 4679; x_wconf 80' lang='lat' dir='ltr'>Tunc</span> <span class='ocrx_word' id='word_1_519' title='bbox 2301 4616 2526 4698; x_wconf 90' lang='lat' dir='ltr'>Apollo</span> <span class='ocrx_word' id='word_1_520' title='bbox 2576 4616 2856 4676; x_wconf 86' lang='lat' dir='ltr'>Fratrem</span> <span class='ocrx_word' id='word_1_521' title='bbox 2915 4614 3096 4676; x_wconf 91' lang='lat' dir='ltr'>illum</span> <span class='ocrx_word' id='word_1_522' title='bbox 3149 4616 3379 4677; x_wconf 90' lang='lat' dir='ltr'>blanda</span> <span class='ocrx_word' id='word_1_523' title='bbox 3427 4635 3574 4680; x_wconf 90' lang='lat' dir='ltr'>eon-</span> 
     </span>
     <span class='ocr_line' id='line_1_89' title="bbox 2075 4712 3572 4794; baseline 0.001 -18"><span class='ocrx_word' id='word_1_524' title='bbox 2075 4715 2382 4777; x_wconf 89' lang='lat' dir='ltr'>solatione</span> <span class='ocrx_word' id='word_1_525' title='bbox 2432 4713 2824 4785; x_wconf 83' lang='lat' dir='ltr'>demulcenS‚</span> <span class='ocrx_word' id='word_1_526' title='bbox 2878 4719 3066 4794; x_wconf 88' lang='lat' dir='ltr'>atque</span> <span class='ocrx_word' id='word_1_527' title='bbox 3115 4712 3448 4777; x_wconf 76' lang='lat' dir='ltr'>affirmans</span> <span class='ocrx_word' id='word_1_528' title='bbox 3505 4734 3572 4777; x_wconf 90' lang='lat' dir='ltr'>se</span> 
     </span>
     <span class='ocr_line' id='line_1_90' title="bbox 2075 4809 3574 4892; baseline 0.002 -20"><span class='ocrx_word' id='word_1_529' title='bbox 2075 4829 2330 4892; x_wconf 90' lang='lat' dir='ltr'>quoque</span> <span class='ocrx_word' id='word_1_530' title='bbox 2360 4811 2581 4891; x_wconf 87' lang='lat' dir='ltr'>agitari</span> <span class='ocrx_word' id='word_1_531' title='bbox 2611 4810 2894 4891; x_wconf 91' lang='lat' dir='ltr'>quotidie</span> <span class='ocrx_word' id='word_1_532' title='bbox 2929 4809 3160 4871; x_wconf 89' lang='lat' dir='ltr'>talibus</span> <span class='ocrx_word' id='word_1_533' title='bbox 3191 4810 3491 4887; x_wconf 81' lang='lat' dir='ltr'>stimuliS,</span> <span class='ocrx_word' id='word_1_534' title='bbox 3510 4820 3574 4875; x_wconf 91' lang='lat' dir='ltr'>et</span> 
     </span>
     <span class='ocr_line' id='line_1_91' title="bbox 2076 4907 3572 4993; baseline 0.003 -24"><span class='ocrx_word' id='word_1_535' title='bbox 2076 4908 2218 4971; x_wconf 88' lang='lat' dir='ltr'>ideo</span> <span class='ocrx_word' id='word_1_536' title='bbox 2249 4910 2527 4970; x_wconf 88' lang='lat' dir='ltr'>Fratrem</span> <span class='ocrx_word' id='word_1_537' title='bbox 2559 4926 2686 4969; x_wconf 91' lang='lat' dir='ltr'>non</span> <span class='ocrx_word' id='word_1_538' title='bbox 2719 4907 2950 4969; x_wconf 91' lang='lat' dir='ltr'>debere</span> <span class='ocrx_word' id='word_1_539' title='bbox 2982 4908 3339 4990; x_wconf 89' lang='lat' dir='ltr'>desperare,</span> <span class='ocrx_word' id='word_1_540' title='bbox 3366 4929 3572 4993; x_wconf 90' lang='lat' dir='ltr'>neque</span> 
     </span>
     <span class='ocr_line' id='line_1_92' title="bbox 2079 5006 3570 5090; baseline 0.002 -22"><span class='ocrx_word' id='word_1_541' title='bbox 2079 5007 2296 5069; x_wconf 90' lang='lat' dir='ltr'>mirari</span> <span class='ocrx_word' id='word_1_542' title='bbox 2327 5008 2404 5069; x_wconf 91' lang='lat' dir='ltr'>de</span> <span class='ocrx_word' id='word_1_543' title='bbox 2437 5006 2934 5088; x_wconf 86' lang='lat' dir='ltr'>impugnationis</span> <span class='ocrx_word' id='word_1_544' title='bbox 2976 5006 3149 5068; x_wconf 91' lang='lat' dir='ltr'>illius</span> <span class='ocrx_word' id='word_1_545' title='bbox 3182 5008 3426 5083; x_wconf 91' lang='lat' dir='ltr'>ardore,</span> <span class='ocrx_word' id='word_1_546' title='bbox 3460 5011 3570 5090; x_wconf 91' lang='lat' dir='ltr'>qui</span> 
     </span>
     <span class='ocr_line' id='line_1_93' title="bbox 2078 5104 3573 5187; baseline 0.001 -19"><span class='ocrx_word' id='word_1_547' title='bbox 2078 5105 2288 5187; x_wconf 89' lang='lat' dir='ltr'>potius</span> <span class='ocrx_word' id='word_1_548' title='bbox 2319 5104 2601 5167; x_wconf 82' lang='lat' dir='ltr'>vincitur</span> <span class='ocrx_word' id='word_1_549' title='bbox 2631 5104 2862 5185; x_wconf 88' lang='lat' dir='ltr'>pietate</span> <span class='ocrx_word' id='word_1_550' title='bbox 2893 5112 2956 5167; x_wconf 91' lang='lat' dir='ltr'>et</span> <span class='ocrx_word' id='word_1_551' title='bbox 2982 5105 3185 5185; x_wconf 82' lang='lat' dir='ltr'>gratia</span> <span class='ocrx_word' id='word_1_552' title='bbox 3214 5105 3349 5180; x_wconf 91' lang='lat' dir='ltr'>Dei,</span> <span class='ocrx_word' id='word_1_553' title='bbox 3380 5125 3573 5187; x_wconf 90' lang='lat' dir='ltr'>quam</span> 
     </span>
     <span class='ocr_line' id='line_1_94' title="bbox 2079 5203 3575 5282; baseline 0.001 -18"><span class='ocrx_word' id='word_1_554' title='bbox 2079 5203 2292 5265; x_wconf 91' lang='lat' dir='ltr'>labore</span> <span class='ocrx_word' id='word_1_555' title='bbox 2344 5204 2668 5280; x_wconf 77' lang='lat' dir='ltr'>human03</span> <span class='ocrx_word' id='word_1_556' title='bbox 2717 5203 2961 5282; x_wconf 83' lang='lat' dir='ltr'>rogavit</span> <span class='ocrx_word' id='word_1_557' title='bbox 3010 5204 3289 5264; x_wconf 88' lang='lat' dir='ltr'>Fratrem</span> <span class='ocrx_word' id='word_1_558' title='bbox 3341 5211 3409 5265; x_wconf 91' lang='lat' dir='ltr'>ut</span> <span class='ocrx_word' id='word_1_559' title='bbox 3455 5203 3575 5266; x_wconf 87' lang='lat' dir='ltr'>iter</span> 
     </span>
     <span class='ocr_line' id='line_1_95' title="bbox 2078 5298 3575 5375; baseline 0.001 -13"><span class='ocrx_word' id='word_1_560' title='bbox 2078 5300 2238 5362; x_wconf 92' lang='lat' dir='ltr'>illud</span> <span class='ocrx_word' id='word_1_561' title='bbox 2283 5300 2506 5363; x_wconf 88' lang='lat' dir='ltr'>saltem</span> <span class='ocrx_word' id='word_1_562' title='bbox 2554 5316 2681 5361; x_wconf 93' lang='lat' dir='ltr'>uno</span> <span class='ocrx_word' id='word_1_563' title='bbox 2724 5298 2826 5360; x_wconf 91' lang='lat' dir='ltr'>die</span> <span class='ocrx_word' id='word_1_564' title='bbox 2869 5298 3176 5375; x_wconf 84' lang='lat' dir='ltr'>differret,</span> <span class='ocrx_word' id='word_1_565' title='bbox 3233 5308 3296 5363; x_wconf 89' lang='lat' dir='ltr'>et</span> <span class='ocrx_word' id='word_1_566' title='bbox 3332 5300 3412 5363; x_wconf 91' lang='lat' dir='ltr'>ad</span> <span class='ocrx_word' id='word_1_567' title='bbox 3449 5301 3575 5364; x_wconf 89' lang='lat' dir='ltr'>cel-</span> 
     </span>
    </p>
   </div>
  </div>
 </body>
</html>
