<?xml version="1.0" encoding="UTF-8"?>
<!DOCTYPE html PUBLIC "-//W3C//DTD XHTML 1.0 Transitional//EN"
    "http://www.w3.org/TR/xhtml1/DTD/xhtml1-transitional.dtd">
<html xmlns="http://www.w3.org/1999/xhtml" xml:lang="en" lang="en">
 <head>
  <title>
</title>
<meta http-equiv="Content-Type" content="text/html;charset=utf-8" />
  <meta name='ocr-system' content='tesseract 3.04.00' />
  <meta name='ocr-capabilities' content='ocr_page ocr_carea ocr_par ocr_line ocrx_word'/>
</head>
<body>
  <div class='ocr_page' id='page_1' title='image "./doctorisecstati03denigoog_0128.png"; bbox 0 0 4359 6267; ppageno 0'>
   <div class='ocr_carea' id='block_1_1' title="bbox 860 482 3088 557">
    <p class='ocr_par' dir='ltr' id='par_1_1' title="bbox 860 482 3088 557">
     <span class='ocr_line' id='line_1_1' title="bbox 860 482 3088 557; baseline 0.001 -2"><span class='ocrx_word' id='word_1_1' title='bbox 860 491 980 555; x_wconf 80' lang='lat'>120</span> <span class='ocrx_word' id='word_1_2' title='bbox 1739 508 1817 555; x_wconf 76' lang='lat' dir='ltr'>na</span> <span class='ocrx_word' id='word_1_3' title='bbox 1861 508 2190 555; x_wconf 71' lang='lat' dir='ltr'>msrrru&#39;rts</span> <span class='ocrx_word' id='word_1_4' title='bbox 2233 508 2319 553; x_wconf 91' lang='lat' dir='ltr'>ss.</span> <span class='ocrx_word' id='word_1_5' title='bbox 2355 482 2616 555; x_wconf 61' lang='lat' dir='ltr'>mmuh.</span> <span class='ocrx_word' id='word_1_6' title='bbox 2664 527 2744 538; x_wconf 90' lang='lat'><strong>—</strong></span> <span class='ocrx_word' id='word_1_7' title='bbox 2785 510 2960 556; x_wconf 65' lang='lat' dir='ltr'>aman</span> <span class='ocrx_word' id='word_1_8' title='bbox 2999 510 3088 557; x_wconf 67' lang='grc' dir='ltr'>κη</span> 
     </span>
    </p>
   </div>
   <div class='ocr_carea' id='block_1_2' title="bbox 1248 727 1964 791">
    <p class='ocr_par' dir='ltr' id='par_1_2' title="bbox 1248 727 1964 791">
     <span class='ocr_line' id='line_1_2' title="bbox 1248 727 1964 791; baseline 0.001 -1"><span class='ocrx_word' id='word_1_9' title='bbox 1248 727 1753 791; x_wconf 87' lang='lat' dir='ltr'>CAPITULUM</span> <span class='ocrx_word' id='word_1_10' title='bbox 1816 728 1964 791; x_wconf 88' lang='lat' dir='ltr'>XV.</span> 
     </span>
    </p>
   </div>
   <div class='ocr_carea' id='block_1_3' title="bbox 858 882 2357 1223">
    <p class='ocr_par' dir='ltr' id='par_1_3' title="bbox 858 882 2357 1223">
     <span class='ocr_line' id='line_1_3' title="bbox 858 882 2353 957; baseline -0.003 -16"><span class='ocrx_word' id='word_1_11' title='bbox 858 885 1029 952; x_wconf 81' lang='lat' dir='ltr'>Quod</span> <span class='ocrx_word' id='word_1_12' title='bbox 1068 883 1468 957; x_wconf 77' lang='lat' dir='ltr'>perfectionis</span> <span class='ocrx_word' id='word_1_13' title='bbox 1515 884 1679 939; x_wconf 80' lang='lat' dir='ltr'>viam</span> <span class='ocrx_word' id='word_1_14' title='bbox 1724 884 1954 940; x_wconf 78' lang='lat' dir='ltr'><strong><em>discere</em></strong></span> <span class='ocrx_word' id='word_1_15' title='bbox 2002 882 2353 944; x_wconf 81' lang='lat' dir='ltr'>debeamus,-</span> 
     </span>
     <span class='ocr_line' id='line_1_4' title="bbox 929 972 2354 1046; baseline -0.003 -17"><span class='ocrx_word' id='word_1_16' title='bbox 929 990 1035 1029; x_wconf 82' lang='lat' dir='ltr'>nec</span> <span class='ocrx_word' id='word_1_17' title='bbox 1062 990 1241 1046; x_wconf 78' lang='lat' dir='ltr'>posse</span> <span class='ocrx_word' id='word_1_18' title='bbox 1282 989 1392 1030; x_wconf 82' lang='lat' dir='ltr'>nos</span> <span class='ocrx_word' id='word_1_19' title='bbox 1427 974 1561 1028; x_wconf 82' lang='lat' dir='ltr'>sine</span> <span class='ocrx_word' id='word_1_20' title='bbox 1596 973 2025 1029; x_wconf 75' lang='lat' dir='ltr'>misericordia</span> <span class='ocrx_word' id='word_1_21' title='bbox 2062 977 2119 1027; x_wconf 84' lang='lat' dir='ltr'>et</span> <span class='ocrx_word' id='word_1_22' title='bbox 2158 972 2354 1043; x_wconf 75' lang='lat' dir='ltr'>inspi-</span> 
     </span>
     <span class='ocr_line' id='line_1_5' title="bbox 927 1060 2357 1133; baseline -0.002 -15"><span class='ocrx_word' id='word_1_23' title='bbox 927 1064 1171 1119; x_wconf 80' lang='lat' dir='ltr'><strong><em>ratione</em></strong></span> <span class='ocrx_word' id='word_1_24' title='bbox 1199 1063 1418 1118; x_wconf 74' lang='lat' dir='ltr'>de‘vina</span> <span class='ocrx_word' id='word_1_25' title='bbox 1444 1062 1723 1119; x_wconf 82' lang='lat' dir='ltr'><em>accedere</em></span> <span class='ocrx_word' id='word_1_26' title='bbox 1750 1062 1833 1117; x_wconf 83' lang='lat' dir='ltr'>ad</span> <span class='ocrx_word' id='word_1_27' title='bbox 1862 1063 2060 1133; x_wconf 77' lang='lat' dir='ltr'>ipsum</span> <span class='ocrx_word' id='word_1_28' title='bbox 2088 1060 2357 1117; x_wconf 81' lang='lat' dir='ltr'>laborem</span> 
     </span>
     <span class='ocr_line' id='line_1_6' title="bbox 928 1150 1714 1223; baseline -0.001 -16"><span class='ocrx_word' id='word_1_29' title='bbox 928 1152 1274 1208; x_wconf 68' lang='lat' dir='ltr'>obtinendos</span> <span class='ocrx_word' id='word_1_30' title='bbox 1294 1150 1714 1223; x_wconf 76' lang='lat' dir='ltr'>perfectionis.</span> 
     </span>
    </p>
   </div>
   <div class='ocr_carea' id='block_1_4' title="bbox 856 1362 2356 1841">
    <p class='ocr_par' dir='ltr' id='par_1_4' title="bbox 856 1362 2356 1841">
     <span class='ocr_line' id='line_1_7' title="bbox 997 1362 2354 1445; baseline -0.001 -18"><span class='ocrx_word' id='word_1_31' title='bbox 997 1365 1046 1426; x_wconf 93' lang='lat' dir='ltr'>D</span> <span class='ocrx_word' id='word_1_32' title='bbox 1079 1384 1292 1427; x_wconf 89' lang='lat' dir='ltr'>veram</span> <span class='ocrx_word' id='word_1_33' title='bbox 1324 1383 1473 1445; x_wconf 89' lang='lat' dir='ltr'>ergo</span> <span class='ocrx_word' id='word_1_34' title='bbox 1512 1363 2125 1427; x_wconf 80' lang='lat' dir='ltr'><strong>consummationem</strong></span> <span class='ocrx_word' id='word_1_35' title='bbox 2154 1362 2354 1426; x_wconf 85' lang='lat' dir='ltr'>virtu-</span> 
     </span>
     <span class='ocr_line' id='line_1_8' title="bbox 1014 1461 2356 1545; baseline -0.002 -20"><span class='ocrx_word' id='word_1_36' title='bbox 1014 1471 1151 1525; x_wconf 87' lang='lat' dir='ltr'>tum</span> <span class='ocrx_word' id='word_1_37' title='bbox 1200 1464 1253 1525; x_wconf 90' lang='lat' dir='ltr'>si</span> <span class='ocrx_word' id='word_1_38' title='bbox 1304 1464 1601 1545; x_wconf 90' lang='lat' dir='ltr'>cupimus</span> <span class='ocrx_word' id='word_1_39' title='bbox 1661 1461 1994 1543; x_wconf 89' lang='lat' dir='ltr'>pervenire</span> <span class='ocrx_word' id='word_1_40' title='bbox 2052 1479 2243 1544; x_wconf 91' lang='lat' dir='ltr'>opere</span> <span class='ocrx_word' id='word_1_41' title='bbox 2292 1468 2356 1522; x_wconf 89' lang='lat' dir='ltr'>et</span> 
     </span>
     <span class='ocr_line' id='line_1_9' title="bbox 856 1559 2353 1643; baseline -0.003 -19"><span class='ocrx_word' id='word_1_42' title='bbox 856 1561 1117 1636; x_wconf 87' lang='lat' dir='ltr'>effectu,</span> <span class='ocrx_word' id='word_1_43' title='bbox 1168 1561 1476 1624; x_wconf 90' lang='lat' dir='ltr'>debemus</span> <span class='ocrx_word' id='word_1_44' title='bbox 1526 1561 1932 1643; x_wconf 78' lang='lat' dir='ltr'><strong>acquiescere</strong></span> <span class='ocrx_word' id='word_1_45' title='bbox 1983 1559 2109 1622; x_wconf 86' lang='lat' dir='ltr'>illis</span> <span class='ocrx_word' id='word_1_46' title='bbox 2158 1560 2353 1641; x_wconf 87' lang='lat' dir='ltr'>magi-</span> 
     </span>
     <span class='ocr_line' id='line_1_10' title="bbox 858 1657 2352 1741; baseline -0.001 -20"><span class='ocrx_word' id='word_1_47' title='bbox 858 1659 1006 1721; x_wconf 91' lang='lat' dir='ltr'>stris</span> <span class='ocrx_word' id='word_1_48' title='bbox 1036 1679 1110 1722; x_wconf 89' lang='lat' dir='ltr'>ac</span> <span class='ocrx_word' id='word_1_49' title='bbox 1141 1659 1412 1721; x_wconf 91' lang='lat' dir='ltr'>ducibus</span> <span class='ocrx_word' id='word_1_50' title='bbox 1443 1659 1552 1741; x_wconf 90' lang='lat' dir='ltr'>qui</span> <span class='ocrx_word' id='word_1_51' title='bbox 1586 1659 1747 1720; x_wconf 88' lang='lat' dir='ltr'>hanc</span> <span class='ocrx_word' id='word_1_52' title='bbox 1780 1657 2196 1721; x_wconf 87' lang='lat' dir='ltr'>obtinuerunt</span> <span class='ocrx_word' id='word_1_53' title='bbox 2226 1676 2352 1720; x_wconf 92' lang='lat' dir='ltr'>non</span> 
     </span>
     <span class='ocr_line' id='line_1_11' title="bbox 856 1755 2353 1841; baseline -0.002 -20"><span class='ocrx_word' id='word_1_54' title='bbox 856 1758 1285 1841; x_wconf 89' lang='lat' dir='ltr'>disputatione</span> <span class='ocrx_word' id='word_1_55' title='bbox 1344 1758 1707 1838; x_wconf 86' lang='lat' dir='ltr'>vaniloqua,</span> <span class='ocrx_word' id='word_1_56' title='bbox 1770 1756 1881 1818; x_wconf 91' lang='lat' dir='ltr'>sed</span> <span class='ocrx_word' id='word_1_57' title='bbox 1939 1755 2353 1837; x_wconf 81' lang='lat' dir='ltr'>experientiis</span> 
     </span>
    </p>
   </div>
   <div class='ocr_carea' id='block_1_5' title="bbox 2386 677 4004 763">
    <p class='ocr_par' dir='ltr' id='par_1_5' title="bbox 2386 677 4004 763">
     <span class='ocr_line' id='line_1_12' title="bbox 2386 677 4004 763; baseline 0.001 -24"><span class='ocrx_word' id='word_1_58' title='bbox 2386 677 2833 741; x_wconf 89' lang='lat' dir='ltr'>Acontritioni</span> <span class='ocrx_word' id='word_1_59' title='bbox 2891 679 3100 743; x_wconf 89' lang='lat' dir='ltr'>cordis</span> <span class='ocrx_word' id='word_1_60' title='bbox 3158 687 3221 742; x_wconf 90' lang='lat' dir='ltr'>et</span> <span class='ocrx_word' id='word_1_61' title='bbox 3277 678 3614 744; x_wconf 81' lang='lat' dir='ltr'>afflictioni</span> <span class='ocrx_word' id='word_1_62' title='bbox 3675 680 4004 763; x_wconf 81' lang='lat' dir='ltr'>corporis</span> 
     </span>
    </p>
   </div>
   <div class='ocr_carea' id='block_1_6' title="bbox 2465 776 4006 1840">
    <p class='ocr_par' dir='ltr' id='par_1_6' title="bbox 2465 776 4006 1840">
     <span class='ocr_line' id='line_1_13' title="bbox 2465 776 4001 858; baseline 0.001 -21"><span class='ocrx_word' id='word_1_63' title='bbox 2465 793 2742 858; x_wconf 79' lang='lat' dir='ltr'>operam,</span> <span class='ocrx_word' id='word_1_64' title='bbox 2768 778 3008 851; x_wconf 81' lang='lat' dir='ltr'>danteS,</span> <span class='ocrx_word' id='word_1_65' title='bbox 3043 796 3122 839; x_wconf 85' lang='lat' dir='ltr'>ne</span> <span class='ocrx_word' id='word_1_66' title='bbox 3162 778 3297 840; x_wconf 81' lang='lat' dir='ltr'>haec</span> <span class='ocrx_word' id='word_1_67' title='bbox 3334 796 3372 839; x_wconf 90' lang='lat' dir='ltr'>a</span> <span class='ocrx_word' id='word_1_68' title='bbox 3411 795 3526 839; x_wconf 92' lang='lat' dir='ltr'>suo</span> <span class='ocrx_word' id='word_1_69' title='bbox 3564 776 3775 839; x_wconf 88' lang='lat' dir='ltr'>fructu</span> <span class='ocrx_word' id='word_1_70' title='bbox 3823 795 4001 839; x_wconf 77' lang='lat' dir='ltr'>eva-</span> 
     </span>
     <span class='ocr_line' id='line_1_14' title="bbox 2467 874 4006 958; baseline 0.001 -23"><span class='ocrx_word' id='word_1_71' title='bbox 2467 892 2726 936; x_wconf 90' lang='lat' dir='ltr'>cuemus</span> <span class='ocrx_word' id='word_1_72' title='bbox 2759 874 2979 938; x_wconf 91' lang='lat' dir='ltr'>morbo</span> <span class='ocrx_word' id='word_1_73' title='bbox 3009 874 3321 958; x_wconf 85' lang='lat' dir='ltr'>superbiae</span> <span class='ocrx_word' id='word_1_74' title='bbox 3352 894 3468 937; x_wconf 91' lang='lat' dir='ltr'>nos</span> <span class='ocrx_word' id='word_1_75' title='bbox 3501 874 3781 937; x_wconf 84' lang='lat' dir='ltr'>inflante.</span> <span class='ocrx_word' id='word_1_76' title='bbox 3811 874 4006 948; x_wconf 84' lang='lat' dir='ltr'>Quo-</span> 
     </span>
     <span class='ocr_line' id='line_1_15' title="bbox 2467 971 3998 1054; baseline 0.001 -21"><span class='ocrx_word' id='word_1_77' title='bbox 2467 971 2640 1034; x_wconf 83' lang='lat' dir='ltr'>niam</span> <span class='ocrx_word' id='word_1_78' title='bbox 2679 980 2928 1054; x_wconf 87' lang='lat' dir='ltr'>oportet</span> <span class='ocrx_word' id='word_1_79' title='bbox 2965 990 3080 1035; x_wconf 92' lang='lat' dir='ltr'>nos</span> <span class='ocrx_word' id='word_1_80' title='bbox 3121 973 3378 1036; x_wconf 90' lang='lat' dir='ltr'>credere</span> <span class='ocrx_word' id='word_1_81' title='bbox 3417 990 3545 1035; x_wconf 90' lang='lat' dir='ltr'>non</span> <span class='ocrx_word' id='word_1_82' title='bbox 3585 974 3792 1035; x_wconf 92' lang='lat' dir='ltr'>solum</span> <span class='ocrx_word' id='word_1_83' title='bbox 3837 990 3998 1034; x_wconf 80' lang='lat' dir='ltr'>non</span> 
     </span>
     <span class='ocr_line' id='line_1_16' title="bbox 2466 1070 4000 1153; baseline 0.001 -22"><span class='ocrx_word' id='word_1_84' title='bbox 2466 1087 2652 1151; x_wconf 90' lang='lat' dir='ltr'>posse</span> <span class='ocrx_word' id='word_1_85' title='bbox 2699 1088 2814 1132; x_wconf 90' lang='lat' dir='ltr'>nos</span> <span class='ocrx_word' id='word_1_86' title='bbox 2864 1071 3066 1153; x_wconf 89' lang='lat' dir='ltr'>ipsam</span> <span class='ocrx_word' id='word_1_87' title='bbox 3116 1070 3574 1152; x_wconf 86' lang='lat' dir='ltr'>perfectionem</span> <span class='ocrx_word' id='word_1_88' title='bbox 3619 1078 3838 1134; x_wconf 91' lang='lat' dir='ltr'>nostro</span> <span class='ocrx_word' id='word_1_89' title='bbox 3884 1071 4000 1132; x_wconf 82' lang='lat' dir='ltr'>la-</span> 
     </span>
     <span class='ocr_line' id='line_1_17' title="bbox 2465 1168 3996 1251; baseline 0.001 -22"><span class='ocrx_word' id='word_1_90' title='bbox 2465 1168 2618 1230; x_wconf 91' lang='lat' dir='ltr'>bore</span> <span class='ocrx_word' id='word_1_91' title='bbox 2648 1175 2756 1231; x_wconf 91' lang='lat' dir='ltr'>aut</span> <span class='ocrx_word' id='word_1_92' title='bbox 2787 1168 3100 1231; x_wconf 89' lang='lat' dir='ltr'>industria</span> <span class='ocrx_word' id='word_1_93' title='bbox 3130 1169 3475 1251; x_wconf 87' lang='lat' dir='ltr'>possidere,</span> <span class='ocrx_word' id='word_1_94' title='bbox 3500 1170 3611 1231; x_wconf 90' lang='lat' dir='ltr'>sed</span> <span class='ocrx_word' id='word_1_95' title='bbox 3640 1188 3758 1231; x_wconf 89' lang='lat' dir='ltr'>nec</span> <span class='ocrx_word' id='word_1_96' title='bbox 3787 1168 3996 1251; x_wconf 90' lang='lat' dir='ltr'>ipsos</span> 
     </span>
     <span class='ocr_line' id='line_1_18' title="bbox 2467 1267 3994 1349; baseline 0.002 -23"><span class='ocrx_word' id='word_1_97' title='bbox 2467 1274 2714 1329; x_wconf 89' lang='lat' dir='ltr'>nostros</span> <span class='ocrx_word' id='word_1_98' title='bbox 2753 1267 2998 1330; x_wconf 89' lang='lat' dir='ltr'>labores</span> <span class='ocrx_word' id='word_1_99' title='bbox 3037 1276 3101 1329; x_wconf 89' lang='lat' dir='ltr'>et</span> <span class='ocrx_word' id='word_1_100' title='bbox 3141 1276 3404 1330; x_wconf 86' lang='lat' dir='ltr'>conatus</span> <span class='ocrx_word' id='word_1_101' title='bbox 3445 1286 3518 1329; x_wconf 90' lang='lat' dir='ltr'>ac</span> <span class='ocrx_word' id='word_1_102' title='bbox 3557 1268 3783 1340; x_wconf 90' lang='lat' dir='ltr'>studia,</span> <span class='ocrx_word' id='word_1_103' title='bbox 3819 1286 3994 1349; x_wconf 82' lang='lat' dir='ltr'>quae</span> 
     </span>
     <span class='ocr_line' id='line_1_19' title="bbox 2467 1363 3992 1448; baseline 0.001 -23"><span class='ocrx_word' id='word_1_104' title='bbox 2467 1363 2878 1445; x_wconf 84' lang='lat' dir='ltr'>perfectionis</span> <span class='ocrx_word' id='word_1_105' title='bbox 2910 1366 3147 1427; x_wconf 88' lang='lat' dir='ltr'>intuitu</span> <span class='ocrx_word' id='word_1_106' title='bbox 3177 1384 3569 1439; x_wconf 82' lang='lat' dir='ltr'>exercemuS‚</span> <span class='ocrx_word' id='word_1_107' title='bbox 3605 1382 3787 1448; x_wconf 90' lang='lat' dir='ltr'>posse</span> <span class='ocrx_word' id='word_1_108' title='bbox 3822 1385 3992 1448; x_wconf 80' lang='lat' dir='ltr'>per-</span> 
     </span>
     <span class='ocr_line' id='line_1_20' title="bbox 2467 1460 3984 1546; baseline 0.003 -24"><span class='ocrx_word' id='word_1_109' title='bbox 2467 1460 2663 1525; x_wconf 85' lang='lat' dir='ltr'>ficere</span> <span class='ocrx_word' id='word_1_110' title='bbox 2696 1462 2936 1545; x_wconf 81' lang='lat' dir='ltr'>absque</span> <span class='ocrx_word' id='word_1_111' title='bbox 2975 1463 3208 1527; x_wconf 84' lang='lat' dir='ltr'>divinae</span> <span class='ocrx_word' id='word_1_112' title='bbox 3246 1464 3657 1546; x_wconf 89' lang='lat' dir='ltr'>protectionis</span> <span class='ocrx_word' id='word_1_113' title='bbox 3695 1464 3984 1537; x_wconf 76' lang='lat' dir='ltr'>auxilie,</span> 
     </span>
     <span class='ocr_line' id='line_1_21' title="bbox 2467 1560 3989 1642; baseline 0.001 -21"><span class='ocrx_word' id='word_1_114' title='bbox 2467 1567 2529 1621; x_wconf 88' lang='lat' dir='ltr'>et</span> <span class='ocrx_word' id='word_1_115' title='bbox 2559 1560 2694 1623; x_wconf 90' lang='lat' dir='ltr'>sine</span> <span class='ocrx_word' id='word_1_116' title='bbox 2727 1560 3160 1642; x_wconf 79' lang='lat' dir='ltr'>inspirationis</span> <span class='ocrx_word' id='word_1_117' title='bbox 3191 1570 3250 1624; x_wconf 87' lang='lat' dir='ltr'>et</span> <span class='ocrx_word' id='word_1_118' title='bbox 3283 1562 3711 1642; x_wconf 81' lang='lat' dir='ltr'>castigationis</span> <span class='ocrx_word' id='word_1_119' title='bbox 3741 1563 3989 1625; x_wconf 84' lang='lat' dir='ltr'>exhor-</span> 
     </span>
     <span class='ocr_line' id='line_1_22' title="bbox 2469 1659 3987 1743; baseline 0.003 -24"><span class='ocrx_word' id='word_1_120' title='bbox 2469 1659 2850 1742; x_wconf 86' lang='lat' dir='ltr'>tationisque</span> <span class='ocrx_word' id='word_1_121' title='bbox 2897 1660 3118 1740; x_wconf 88' lang='lat' dir='ltr'>gratia,</span> <span class='ocrx_word' id='word_1_122' title='bbox 3169 1680 3361 1743; x_wconf 89' lang='lat' dir='ltr'>quam</span> <span class='ocrx_word' id='word_1_123' title='bbox 3409 1661 3570 1724; x_wconf 85' lang='lat' dir='ltr'>solet</span> <span class='ocrx_word' id='word_1_124' title='bbox 3617 1661 3987 1723; x_wconf 82' lang='lat' dir='ltr'>clementer</span> 
     </span>
     <span class='ocr_line' id='line_1_23' title="bbox 2468 1756 3984 1840; baseline 0.002 -22"><span class='ocrx_word' id='word_1_125' title='bbox 2468 1756 2632 1819; x_wconf 88' lang='lat' dir='ltr'>Deus</span> <span class='ocrx_word' id='word_1_126' title='bbox 2663 1758 2962 1822; x_wconf 85' lang='lat' dir='ltr'>cordibus</span> <span class='ocrx_word' id='word_1_127' title='bbox 2993 1758 3350 1834; x_wconf 81' lang='lat' dir='ltr'>infundere,</span> <span class='ocrx_word' id='word_1_128' title='bbox 3385 1759 3520 1820; x_wconf 86' lang='lat' dir='ltr'>sive</span> <span class='ocrx_word' id='word_1_129' title='bbox 3553 1778 3666 1840; x_wconf 90' lang='lat' dir='ltr'>per</span> <span class='ocrx_word' id='word_1_130' title='bbox 3693 1759 3851 1821; x_wconf 89' lang='lat' dir='ltr'>alios</span> <span class='ocrx_word' id='word_1_131' title='bbox 3881 1760 3984 1821; x_wconf 90' lang='lat' dir='ltr'>si-</span> 
     </span>
    </p>
   </div>
   <div class='ocr_carea' id='block_1_7' title="bbox 858 1853 3606 1939">
    <p class='ocr_par' dir='ltr' id='par_1_7' title="bbox 858 1853 3606 1939">
     <span class='ocr_line' id='line_1_24' title="bbox 858 1853 3606 1939; baseline 0 -22"><span class='ocrx_word' id='word_1_132' title='bbox 858 1864 918 1917; x_wconf 89' lang='lat' dir='ltr'>et</span> <span class='ocrx_word' id='word_1_133' title='bbox 964 1856 1193 1937; x_wconf 89' lang='lat' dir='ltr'>reipsa,</span> <span class='ocrx_word' id='word_1_134' title='bbox 1236 1862 1300 1917; x_wconf 87' lang='lat' dir='ltr'>et</span> <span class='ocrx_word' id='word_1_135' title='bbox 1347 1872 1462 1917; x_wconf 91' lang='lat' dir='ltr'>nos</span> <span class='ocrx_word' id='word_1_136' title='bbox 1513 1855 1737 1917; x_wconf 87' lang='lat' dir='ltr'>docere</span> <span class='ocrx_word' id='word_1_137' title='bbox 1786 1861 1976 1936; x_wconf 88' lang='lat' dir='ltr'>atque</span> <span class='ocrx_word' id='word_1_138' title='bbox 2024 1854 2102 1915; x_wconf 89' lang='lat' dir='ltr'>ad</span> <span class='ocrx_word' id='word_1_139' title='bbox 2151 1853 2354 1936; x_wconf 85' lang='lat' dir='ltr'>perfe-</span> <span class='ocrx_word' id='word_1_140' title='bbox 2391 1857 2438 1919; x_wconf 93' lang='lat' dir='ltr'>B</span> <span class='ocrx_word' id='word_1_141' title='bbox 2468 1875 2543 1918; x_wconf 89' lang='lat' dir='ltr'>ve</span> <span class='ocrx_word' id='word_1_142' title='bbox 2588 1875 2702 1938; x_wconf 89' lang='lat' dir='ltr'>per</span> <span class='ocrx_word' id='word_1_143' title='bbox 2743 1875 2809 1918; x_wconf 92' lang='lat' dir='ltr'>se</span> <span class='ocrx_word' id='word_1_144' title='bbox 2855 1858 3066 1939; x_wconf 92' lang='lat' dir='ltr'>ipsum</span> <span class='ocrx_word' id='word_1_145' title='bbox 3110 1875 3226 1920; x_wconf 90' lang='lat' dir='ltr'>nos</span> <span class='ocrx_word' id='word_1_146' title='bbox 3270 1857 3606 1920; x_wconf 91' lang='lat' dir='ltr'>visitando.</span> 
     </span>
    </p>
   </div>
   <div class='ocr_carea' id='block_1_8' title="bbox 853 1952 2356 3014">
    <p class='ocr_par' dir='ltr' id='par_1_8' title="bbox 853 1952 2356 3014">
     <span class='ocr_line' id='line_1_25' title="bbox 856 1952 2353 2035; baseline -0.001 -20"><span class='ocrx_word' id='word_1_147' title='bbox 856 1954 1136 2017; x_wconf 89' lang='lat' dir='ltr'>ctionem</span> <span class='ocrx_word' id='word_1_148' title='bbox 1185 1953 1457 2034; x_wconf 89' lang='lat' dir='ltr'>dirigere</span> <span class='ocrx_word' id='word_1_149' title='bbox 1510 1959 1795 2035; x_wconf 88' lang='lat' dir='ltr'>possunt,</span> <span class='ocrx_word' id='word_1_150' title='bbox 1850 1952 1979 2014; x_wconf 88' lang='lat' dir='ltr'>imo</span> <span class='ocrx_word' id='word_1_151' title='bbox 2026 1959 2089 2013; x_wconf 87' lang='lat' dir='ltr'>et</span> <span class='ocrx_word' id='word_1_152' title='bbox 2136 1952 2353 2013; x_wconf 89' lang='lat' dir='ltr'>certis-</span> 
     </span>
     <span class='ocr_line' id='line_1_26' title="bbox 858 2049 2355 2131; baseline -0.003 -16"><span class='ocrx_word' id='word_1_153' title='bbox 858 2052 1021 2115; x_wconf 90' lang='lat' dir='ltr'>simo</span> <span class='ocrx_word' id='word_1_154' title='bbox 1068 2052 1321 2114; x_wconf 82' lang='lat' dir='ltr'>tramite</span> <span class='ocrx_word' id='word_1_155' title='bbox 1371 2053 1803 2114; x_wconf 87' lang='lat' dir='ltr'>demonstrare</span> <span class='ocrx_word' id='word_1_156' title='bbox 1854 2050 2023 2112; x_wconf 89' lang='lat' dir='ltr'>viam</span> <span class='ocrx_word' id='word_1_157' title='bbox 2081 2049 2355 2131; x_wconf 85' lang='lat' dir='ltr'>qualiter</span> 
     </span>
     <span class='ocr_line' id='line_1_27' title="bbox 856 2149 2354 2232; baseline -0.001 -19"><span class='ocrx_word' id='word_1_158' title='bbox 856 2151 1304 2232; x_wconf 83' lang='lat' dir='ltr'>perveniamus</span> <span class='ocrx_word' id='word_1_159' title='bbox 1362 2152 1439 2212; x_wconf 88' lang='lat' dir='ltr'>ad</span> <span class='ocrx_word' id='word_1_160' title='bbox 1490 2168 1629 2211; x_wconf 89' lang='lat' dir='ltr'>eam</span> <span class='ocrx_word' id='word_1_161' title='bbox 1682 2167 1696 2211; x_wconf 91' lang='lat'><strong>:</strong></span> <span class='ocrx_word' id='word_1_162' title='bbox 1748 2149 1859 2230; x_wconf 94' lang='lat' dir='ltr'>qui</span> <span class='ocrx_word' id='word_1_163' title='bbox 1906 2149 2098 2210; x_wconf 88' lang='lat' dir='ltr'>etiam</span> <span class='ocrx_word' id='word_1_164' title='bbox 2148 2156 2354 2230; x_wconf 88' lang='lat' dir='ltr'>prote-</span> 
     </span>
     <span class='ocr_line' id='line_1_28' title="bbox 856 2247 2354 2331; baseline -0.001 -20"><span class='ocrx_word' id='word_1_165' title='bbox 856 2256 1107 2311; x_wconf 89' lang='lat' dir='ltr'>stantur</span> <span class='ocrx_word' id='word_1_166' title='bbox 1149 2268 1214 2311; x_wconf 91' lang='lat' dir='ltr'>se</span> <span class='ocrx_word' id='word_1_167' title='bbox 1260 2248 1625 2331; x_wconf 90' lang='lat' dir='ltr'>pervenisse</span> <span class='ocrx_word' id='word_1_168' title='bbox 1674 2248 1751 2308; x_wconf 89' lang='lat' dir='ltr'>ad</span> <span class='ocrx_word' id='word_1_169' title='bbox 1795 2265 1935 2309; x_wconf 91' lang='lat' dir='ltr'>eam</span> <span class='ocrx_word' id='word_1_170' title='bbox 1980 2248 2109 2309; x_wconf 88' lang='lat' dir='ltr'>fide</span> <span class='ocrx_word' id='word_1_171' title='bbox 2155 2247 2354 2328; x_wconf 91' lang='lat' dir='ltr'>magis</span> 
     </span>
     <span class='ocr_line' id='line_1_29' title="bbox 858 2344 2356 2429; baseline -0.001 -21"><span class='ocrx_word' id='word_1_172' title='bbox 858 2365 1049 2429; x_wconf 92' lang='lat' dir='ltr'>quam</span> <span class='ocrx_word' id='word_1_173' title='bbox 1094 2348 1321 2410; x_wconf 89' lang='lat' dir='ltr'>merito</span> <span class='ocrx_word' id='word_1_174' title='bbox 1364 2363 1624 2409; x_wconf 90' lang='lat' dir='ltr'>suorum</span> <span class='ocrx_word' id='word_1_175' title='bbox 1670 2344 1971 2407; x_wconf 86' lang='lat' dir='ltr'>laborum.</span> <span class='ocrx_word' id='word_1_176' title='bbox 2008 2346 2250 2418; x_wconf 88' lang='lat' dir='ltr'>Quibus</span> <span class='ocrx_word' id='word_1_177' title='bbox 2293 2353 2356 2407; x_wconf 84' lang='lat' dir='ltr'>et</span> 
     </span>
     <span class='ocr_line' id='line_1_30' title="bbox 856 2443 2355 2526; baseline 0.001 -21"><span class='ocrx_word' id='word_1_178' title='bbox 856 2443 1169 2526; x_wconf 85' lang='lat' dir='ltr'>acquisita</span> <span class='ocrx_word' id='word_1_179' title='bbox 1211 2445 1454 2526; x_wconf 88' lang='lat' dir='ltr'>puritas</span> <span class='ocrx_word' id='word_1_180' title='bbox 1506 2444 1714 2521; x_wconf 84' lang='lat' dir='ltr'>cordis</span> <span class='ocrx_word' id='word_1_181' title='bbox 1760 2461 1981 2506; x_wconf 90' lang='lat' dir='ltr'>eorum</span> <span class='ocrx_word' id='word_1_182' title='bbox 2032 2444 2151 2505; x_wconf 90' lang='lat' dir='ltr'>hoc</span> <span class='ocrx_word' id='word_1_183' title='bbox 2205 2462 2355 2525; x_wconf 86' lang='lat' dir='ltr'>prae-</span> 
     </span>
     <span class='ocr_line' id='line_1_31' title="bbox 857 2540 2354 2625; baseline -0.001 -21"><span class='ocrx_word' id='word_1_184' title='bbox 857 2543 1121 2625; x_wconf 91' lang='lat' dir='ltr'>cipuum</span> <span class='ocrx_word' id='word_1_185' title='bbox 1180 2542 1567 2615; x_wconf 83' lang='lat' dir='ltr'>conferebat,</span> <span class='ocrx_word' id='word_1_186' title='bbox 1630 2548 1701 2603; x_wconf 88' lang='lat' dir='ltr'>ut</span> <span class='ocrx_word' id='word_1_187' title='bbox 1762 2542 1961 2623; x_wconf 89' lang='lat' dir='ltr'>magis</span> <span class='ocrx_word' id='word_1_188' title='bbox 2018 2560 2091 2603; x_wconf 92' lang='lat' dir='ltr'>ac</span> <span class='ocrx_word' id='word_1_189' title='bbox 2152 2540 2354 2622; x_wconf 91' lang='lat' dir='ltr'>magis</span> 
     </span>
     <span class='ocr_line' id='line_1_32' title="bbox 854 2640 2351 2722; baseline -0.001 -20"><span class='ocrx_word' id='word_1_190' title='bbox 854 2648 1269 2721; x_wconf 84' lang='lat' dir='ltr'>agnoscerent</span> <span class='ocrx_word' id='word_1_191' title='bbox 1312 2640 1589 2722; x_wconf 87' lang='lat' dir='ltr'>peccatis</span> <span class='ocrx_word' id='word_1_192' title='bbox 1632 2659 1700 2702; x_wconf 87' lang='lat' dir='ltr'>se</span> <span class='ocrx_word' id='word_1_193' title='bbox 1744 2640 2037 2721; x_wconf 87' lang='lat' dir='ltr'>deprimi.</span> <span class='ocrx_word' id='word_1_194' title='bbox 2081 2640 2351 2701; x_wconf 90' lang='lat' dir='ltr'>Tantum</span> 
     </span>
     <span class='ocr_line' id='line_1_33' title="bbox 854 2738 2352 2821; baseline -0.001 -20"><span class='ocrx_word' id='word_1_195' title='bbox 854 2758 1131 2821; x_wconf 89' lang='lat' dir='ltr'>namque</span> <span class='ocrx_word' id='word_1_196' title='bbox 1160 2738 1509 2821; x_wconf 84' lang='lat' dir='ltr'>augebatur</span> <span class='ocrx_word' id='word_1_197' title='bbox 1539 2740 1603 2800; x_wconf 94' lang='lat' dir='ltr'>in</span> <span class='ocrx_word' id='word_1_198' title='bbox 1635 2738 1729 2800; x_wconf 92' lang='lat' dir='ltr'>eis</span> <span class='ocrx_word' id='word_1_199' title='bbox 1760 2757 1875 2821; x_wconf 89' lang='lat' dir='ltr'>per</span> <span class='ocrx_word' id='word_1_200' title='bbox 1903 2738 2186 2819; x_wconf 90' lang='lat' dir='ltr'>singulos</span> <span class='ocrx_word' id='word_1_201' title='bbox 2217 2738 2352 2800; x_wconf 90' lang='lat' dir='ltr'>dies</span> 
     </span>
     <span class='ocr_line' id='line_1_34' title="bbox 855 2836 2352 2919; baseline -0.001 -20"><span class='ocrx_word' id='word_1_202' title='bbox 855 2838 1265 2919; x_wconf 89' lang='lat' dir='ltr'>compunctio</span> <span class='ocrx_word' id='word_1_203' title='bbox 1314 2837 1714 2910; x_wconf 89' lang='lat' dir='ltr'>delictorum,</span> <span class='ocrx_word' id='word_1_204' title='bbox 1757 2843 2068 2919; x_wconf 85' lang='lat' dir='ltr'>quantum</span> <span class='ocrx_word' id='word_1_205' title='bbox 2109 2836 2352 2917; x_wconf 86' lang='lat' dir='ltr'>puritas</span> 
     </span>
     <span class='ocr_line' id='line_1_35' title="bbox 853 2932 2352 3014; baseline -0.003 -17"><span class='ocrx_word' id='word_1_206' title='bbox 853 2935 1051 2997; x_wconf 91' lang='lat' dir='ltr'>animi</span> <span class='ocrx_word' id='word_1_207' title='bbox 1085 2936 1283 2997; x_wconf 88' lang='lat' dir='ltr'>crevit</span> <span class='ocrx_word' id='word_1_208' title='bbox 1316 2936 1380 2997; x_wconf 92' lang='lat' dir='ltr'>in</span> <span class='ocrx_word' id='word_1_209' title='bbox 1418 2935 1527 2997; x_wconf 91' lang='lat' dir='ltr'>eis.</span> <span class='ocrx_word' id='word_1_210' title='bbox 1563 2934 1723 2996; x_wconf 87' lang='lat' dir='ltr'>Hinc</span> <span class='ocrx_word' id='word_1_211' title='bbox 1754 2932 2084 2995; x_wconf 85' lang='lat' dir='ltr'>trahebant.</span> <span class='ocrx_word' id='word_1_212' title='bbox 2112 2933 2352 3014; x_wconf 88' lang='lat' dir='ltr'>jugiter</span> 
     </span>
    </p>
   </div>
   <div class='ocr_carea' id='block_1_9' title="bbox 854 3030 3957 3116">
    <p class='ocr_par' dir='ltr' id='par_1_9' title="bbox 854 3030 3957 3116">
     <span class='ocr_line' id='line_1_36' title="bbox 854 3030 3957 3116; baseline 0 -22"><span class='ocrx_word' id='word_1_213' title='bbox 854 3032 1079 3095; x_wconf 88' lang='lat' dir='ltr'>intima</span> <span class='ocrx_word' id='word_1_214' title='bbox 1120 3034 1327 3096; x_wconf 89' lang='lat' dir='ltr'>cordis</span> <span class='ocrx_word' id='word_1_215' title='bbox 1370 3033 1666 3115; x_wconf 89' lang='lat' dir='ltr'>suspiria,</span> <span class='ocrx_word' id='word_1_216' title='bbox 1712 3050 1788 3095; x_wconf 91' lang='lat' dir='ltr'>eo</span> <span class='ocrx_word' id='word_1_217' title='bbox 1829 3031 1998 3113; x_wconf 90' lang='lat' dir='ltr'>quod</span> <span class='ocrx_word' id='word_1_218' title='bbox 2041 3032 2348 3093; x_wconf 87' lang='lat' dir='ltr'>sentirent</span> <span class='ocrx_word' id='word_1_219' title='bbox 2388 3031 2431 3093; x_wconf 91' lang='lat' dir='ltr'>C</span> <span class='ocrx_word' id='word_1_220' title='bbox 2463 3049 2602 3112; x_wconf 84' lang='lat' dir='ltr'>quae</span> <span class='ocrx_word' id='word_1_221' title='bbox 2638 3030 2906 3111; x_wconf 85' lang='lat' dir='ltr'>agimus.</span> <span class='ocrx_word' id='word_1_222' title='bbox 2951 3031 3084 3094; x_wconf 92' lang='lat' dir='ltr'>Non</span> <span class='ocrx_word' id='word_1_223' title='bbox 3127 3048 3387 3112; x_wconf 89' lang='lat' dir='ltr'>possum</span> <span class='ocrx_word' id='word_1_224' title='bbox 3427 3049 3544 3113; x_wconf 92' lang='lat' dir='ltr'>ego</span> <span class='ocrx_word' id='word_1_225' title='bbox 3575 3051 3612 3093; x_wconf 89' lang='lat' dir='ltr'>a</span> <span class='ocrx_word' id='word_1_226' title='bbox 3643 3050 3745 3095; x_wconf 90' lang='lat' dir='ltr'>me</span> <span class='ocrx_word' id='word_1_227' title='bbox 3786 3033 3957 3116; x_wconf 79' lang='lat' dir='ltr'>ipse,</span> 
     </span>
    </p>
   </div>
   <div class='ocr_carea' id='block_1_10' title="bbox 838 3129 2351 4192">
    <p class='ocr_par' dir='ltr' id='par_1_10' title="bbox 838 3129 2351 4192">
     <span class='ocr_line' id='line_1_37' title="bbox 852 3129 2351 3212; baseline 0 -20"><span class='ocrx_word' id='word_1_228' title='bbox 852 3149 919 3192; x_wconf 91' lang='lat' dir='ltr'>se</span> <span class='ocrx_word' id='word_1_229' title='bbox 952 3131 1121 3212; x_wconf 91' lang='lat' dir='ltr'>ipsos</span> <span class='ocrx_word' id='word_1_230' title='bbox 1162 3150 1288 3193; x_wconf 92' lang='lat' dir='ltr'>non</span> <span class='ocrx_word' id='word_1_231' title='bbox 1321 3150 1504 3212; x_wconf 91' lang='lat' dir='ltr'>posse</span> <span class='ocrx_word' id='word_1_232' title='bbox 1534 3132 1733 3193; x_wconf 90' lang='lat' dir='ltr'>vitare</span> <span class='ocrx_word' id='word_1_233' title='bbox 1774 3130 2054 3193; x_wconf 87' lang='lat' dir='ltr'>maculas</span> <span class='ocrx_word' id='word_1_234' title='bbox 2092 3129 2351 3192; x_wconf 90' lang='lat' dir='ltr'>delicto-</span> 
     </span>
     <span class='ocr_line' id='line_1_38' title="bbox 852 3227 2348 3310; baseline 0 -21"><span class='ocrx_word' id='word_1_235' title='bbox 852 3248 1018 3301; x_wconf 85' lang='lat' dir='ltr'>rum,</span> <span class='ocrx_word' id='word_1_236' title='bbox 1070 3248 1227 3310; x_wconf 89' lang='lat' dir='ltr'>quas</span> <span class='ocrx_word' id='word_1_237' title='bbox 1286 3248 1399 3310; x_wconf 86' lang='lat' dir='ltr'>per</span> <span class='ocrx_word' id='word_1_238' title='bbox 1447 3228 1835 3309; x_wconf 88' lang='lat' dir='ltr'>multiplices</span> <span class='ocrx_word' id='word_1_239' title='bbox 1893 3227 2348 3308; x_wconf 82' lang='lat' dir='ltr'>cogitationum</span> 
     </span>
     <span class='ocr_line' id='line_1_39' title="bbox 851 3325 2348 3389; baseline 0.001 -2"><span class='ocrx_word' id='word_1_240' title='bbox 851 3326 1155 3389; x_wconf 86' lang='lat' dir='ltr'>minutias</span> <span class='ocrx_word' id='word_1_241' title='bbox 1188 3326 1570 3389; x_wconf 87' lang='lat' dir='ltr'>incidebant.</span> <span class='ocrx_word' id='word_1_242' title='bbox 1606 3326 1850 3388; x_wconf 89' lang='lat' dir='ltr'>Idcirco</span> <span class='ocrx_word' id='word_1_243' title='bbox 1880 3325 2238 3388; x_wconf 88' lang='lat' dir='ltr'>clamabant</span> <span class='ocrx_word' id='word_1_244' title='bbox 2281 3345 2348 3388; x_wconf 91' lang='lat' dir='ltr'>se</span> 
     </span>
     <span class='ocr_line' id='line_1_40' title="bbox 848 3424 2347 3507; baseline 0 -20"><span class='ocrx_word' id='word_1_245' title='bbox 848 3444 1102 3507; x_wconf 89' lang='lat' dir='ltr'>sperare</span> <span class='ocrx_word' id='word_1_246' title='bbox 1151 3425 1413 3507; x_wconf 84' lang='lat' dir='ltr'>praemia</span> <span class='ocrx_word' id='word_1_247' title='bbox 1461 3424 1693 3489; x_wconf 82' lang='lat' dir='ltr'>futurae</span> <span class='ocrx_word' id='word_1_248' title='bbox 1738 3424 1887 3487; x_wconf 80' lang='lat' dir='ltr'>vitae</span> <span class='ocrx_word' id='word_1_249' title='bbox 1934 3442 2059 3487; x_wconf 92' lang='lat' dir='ltr'>non</span> <span class='ocrx_word' id='word_1_250' title='bbox 2120 3425 2347 3487; x_wconf 89' lang='lat' dir='ltr'>merito</span> 
     </span>
     <span class='ocr_line' id='line_1_41' title="bbox 844 3520 2343 3603; baseline -0.001 -19"><span class='ocrx_word' id='word_1_251' title='bbox 844 3540 1136 3603; x_wconf 89' lang='lat' dir='ltr'>operum,</span> <span class='ocrx_word' id='word_1_252' title='bbox 1191 3523 1301 3585; x_wconf 92' lang='lat' dir='ltr'>sed</span> <span class='ocrx_word' id='word_1_253' title='bbox 1361 3523 1437 3584; x_wconf 89' lang='lat' dir='ltr'>de</span> <span class='ocrx_word' id='word_1_254' title='bbox 1497 3521 1935 3584; x_wconf 89' lang='lat' dir='ltr'>misericordia</span> <span class='ocrx_word' id='word_1_255' title='bbox 1994 3522 2127 3595; x_wconf 90' lang='lat' dir='ltr'>Dei,</span> <span class='ocrx_word' id='word_1_256' title='bbox 2181 3520 2343 3582; x_wconf 90' lang='lat' dir='ltr'>nihil</span> 
     </span>
     <span class='ocr_line' id='line_1_42' title="bbox 841 3619 2346 3702; baseline 0.001 -21"><span class='ocrx_word' id='word_1_257' title='bbox 841 3619 967 3681; x_wconf 90' lang='lat' dir='ltr'>sibi</span> <span class='ocrx_word' id='word_1_258' title='bbox 1000 3628 1454 3702; x_wconf 82' lang='lat' dir='ltr'>praesumentes</span> <span class='ocrx_word' id='word_1_259' title='bbox 1495 3622 1571 3684; x_wconf 86' lang='lat' dir='ltr'>de</span> <span class='ocrx_word' id='word_1_260' title='bbox 1614 3628 1787 3682; x_wconf 87' lang='lat' dir='ltr'>tanta</span> <span class='ocrx_word' id='word_1_261' title='bbox 1827 3620 2034 3682; x_wconf 91' lang='lat' dir='ltr'>cordis</span> <span class='ocrx_word' id='word_1_262' title='bbox 2075 3619 2346 3682; x_wconf 89' lang='lat' dir='ltr'>circum-</span> 
     </span>
     <span class='ocr_line' id='line_1_43' title="bbox 842 3718 2343 3801; baseline 0.001 -24"><span class='ocrx_word' id='word_1_263' title='bbox 842 3719 1171 3799; x_wconf 87' lang='lat' dir='ltr'>spectione</span> <span class='ocrx_word' id='word_1_264' title='bbox 1202 3738 1395 3801; x_wconf 90' lang='lat' dir='ltr'>quam</span> <span class='ocrx_word' id='word_1_265' title='bbox 1427 3719 1901 3801; x_wconf 86' lang='lat' dir='ltr'>comparatione</span> <span class='ocrx_word' id='word_1_266' title='bbox 1932 3718 2204 3781; x_wconf 89' lang='lat' dir='ltr'>aliorum</span> <span class='ocrx_word' id='word_1_267' title='bbox 2236 3720 2343 3780; x_wconf 89' lang='lat' dir='ltr'>ha—</span> 
     </span>
     <span class='ocr_line' id='line_1_44' title="bbox 841 3815 2343 3899; baseline 0.001 -22"><span class='ocrx_word' id='word_1_268' title='bbox 841 3815 1097 3878; x_wconf 91' lang='lat' dir='ltr'>bebant.</span> <span class='ocrx_word' id='word_1_269' title='bbox 1132 3817 1461 3898; x_wconf 90' lang='lat' dir='ltr'>Siquidem</span> <span class='ocrx_word' id='word_1_270' title='bbox 1500 3818 1663 3879; x_wconf 89' lang='lat' dir='ltr'>hanc</span> <span class='ocrx_word' id='word_1_271' title='bbox 1708 3818 1911 3899; x_wconf 90' lang='lat' dir='ltr'>ipsam</span> <span class='ocrx_word' id='word_1_272' title='bbox 1954 3816 2343 3898; x_wconf 89' lang='lat' dir='ltr'>circumspe-</span> 
     </span>
     <span class='ocr_line' id='line_1_45' title="bbox 841 3913 2338 3988; baseline 0.001 -13"><span class='ocrx_word' id='word_1_273' title='bbox 841 3913 1117 3976; x_wconf 87' lang='lat' dir='ltr'>ctionem</span> <span class='ocrx_word' id='word_1_274' title='bbox 1158 3914 1604 3981; x_wconf 88' lang='lat' dir='ltr'>adscribebant</span> <span class='ocrx_word' id='word_1_275' title='bbox 1648 3932 1775 3977; x_wconf 90' lang='lat' dir='ltr'>non</span> <span class='ocrx_word' id='word_1_276' title='bbox 1820 3934 1949 3977; x_wconf 81' lang='lat' dir='ltr'>suae</span> <span class='ocrx_word' id='word_1_277' title='bbox 1990 3914 2338 3988; x_wconf 83' lang='lat' dir='ltr'>industriae,</span> 
     </span>
     <span class='ocr_line' id='line_1_46' title="bbox 838 4010 2340 4093; baseline -0.001 -19"><span class='ocrx_word' id='word_1_278' title='bbox 838 4013 949 4074; x_wconf 91' lang='lat' dir='ltr'>sed</span> <span class='ocrx_word' id='word_1_279' title='bbox 998 4011 1214 4093; x_wconf 79' lang='lat' dir='ltr'>gratiae</span> <span class='ocrx_word' id='word_1_280' title='bbox 1264 4012 1397 4085; x_wconf 92' lang='lat' dir='ltr'>Dei,</span> <span class='ocrx_word' id='word_1_281' title='bbox 1449 4030 1576 4075; x_wconf 92' lang='lat' dir='ltr'>non</span> <span class='ocrx_word' id='word_1_282' title='bbox 1624 4012 2023 4074; x_wconf 89' lang='lat' dir='ltr'>blandientes</span> <span class='ocrx_word' id='word_1_283' title='bbox 2081 4010 2202 4073; x_wconf 91' lang='lat' dir='ltr'>sibi</span> <span class='ocrx_word' id='word_1_284' title='bbox 2263 4011 2340 4073; x_wconf 88' lang='lat' dir='ltr'>de</span> 
     </span>
     <span class='ocr_line' id='line_1_47' title="bbox 839 4108 2339 4192; baseline -0.001 -21"><span class='ocrx_word' id='word_1_285' title='bbox 839 4110 1224 4192; x_wconf 86' lang='lat' dir='ltr'>negligentia</span> <span class='ocrx_word' id='word_1_286' title='bbox 1264 4109 1639 4173; x_wconf 85' lang='lat' dir='ltr'>inferiorum</span> <span class='ocrx_word' id='word_1_287' title='bbox 1681 4129 1755 4171; x_wconf 90' lang='lat' dir='ltr'>ac</span> <span class='ocrx_word' id='word_1_288' title='bbox 1796 4109 2196 4191; x_wconf 85' lang='lat' dir='ltr'>tepidorum3</span> <span class='ocrx_word' id='word_1_289' title='bbox 2230 4108 2339 4171; x_wconf 91' lang='lat' dir='ltr'>sed</span> 
     </span>
    </p>
   </div>
   <div class='ocr_carea' id='block_1_11' title="bbox 2835 2111 3584 2176">
    <p class='ocr_par' dir='ltr' id='par_1_11' title="bbox 2835 2111 3584 2176">
     <span class='ocr_line' id='line_1_48' title="bbox 2835 2111 3584 2176; baseline 0.003 -2"><span class='ocrx_word' id='word_1_290' title='bbox 2835 2111 3339 2175; x_wconf 88' lang='lat' dir='ltr'>CAPITULUM</span> <span class='ocrx_word' id='word_1_291' title='bbox 3401 2113 3584 2176; x_wconf 90' lang='lat' dir='ltr'>XVI.</span> 
     </span>
    </p>
   </div>
   <div class='ocr_carea' id='block_1_12' title="bbox 2467 2262 3980 2603">
    <p class='ocr_par' dir='ltr' id='par_1_12' title="bbox 2467 2262 3980 2603">
     <span class='ocr_line' id='line_1_49' title="bbox 2467 2262 3980 2337; baseline 0.003 -20"><span class='ocrx_word' id='word_1_292' title='bbox 2467 2262 2836 2319; x_wconf 76' lang='lat' dir='ltr'>Testimonia</span> <span class='ocrx_word' id='word_1_293' title='bbox 2869 2264 3136 2327; x_wconf 81' lang='lat' dir='ltr'>diversa,</span> <span class='ocrx_word' id='word_1_294' title='bbox 3168 2264 3391 2337; x_wconf 73' lang='lat' dir='ltr'>quibus</span> <span class='ocrx_word' id='word_1_295' title='bbox 3425 2264 3732 2321; x_wconf 77' lang='lat' dir='ltr'>evidenter</span> <span class='ocrx_word' id='word_1_296' title='bbox 3763 2270 3980 2322; x_wconf 77' lang='lat' dir='ltr'>osten-</span> 
     </span>
     <span class='ocr_line' id='line_1_50' title="bbox 2533 2351 3978 2427; baseline 0.003 -21"><span class='ocrx_word' id='word_1_297' title='bbox 2533 2351 2709 2407; x_wconf 80' lang='lat' dir='ltr'>ditur</span> <span class='ocrx_word' id='word_1_298' title='bbox 2754 2352 2919 2407; x_wconf 70' lang='lat' dir='ltr'>m&#39;lzil</span> <span class='ocrx_word' id='word_1_299' title='bbox 2964 2368 3073 2407; x_wconf 79' lang='lat' dir='ltr'>nos</span> <span class='ocrx_word' id='word_1_300' title='bbox 3110 2368 3289 2425; x_wconf 82' lang='lat' dir='ltr'>posse</span> <span class='ocrx_word' id='word_1_301' title='bbox 3331 2353 3624 2425; x_wconf 75' lang='lat' dir='ltr'>perficere</span> <span class='ocrx_word' id='word_1_302' title='bbox 3672 2354 3832 2427; x_wconf 83' lang='lat' dir='ltr'>quod</span> <span class='ocrx_word' id='word_1_303' title='bbox 3875 2356 3978 2411; x_wconf 82' lang='lat' dir='ltr'>ad</span> 
     </span>
     <span class='ocr_line' id='line_1_51' title="bbox 2535 2442 3972 2515; baseline 0.001 -18"><span class='ocrx_word' id='word_1_304' title='bbox 2535 2447 2804 2497; x_wconf 82' lang='lat' dir='ltr'>nostram</span> <span class='ocrx_word' id='word_1_305' title='bbox 2838 2447 3065 2513; x_wconf 79' lang='lat' dir='ltr'>spectat</span> <span class='ocrx_word' id='word_1_306' title='bbox 3093 2442 3348 2498; x_wconf 79' lang='lat' dir='ltr'>salutem</span> <span class='ocrx_word' id='word_1_307' title='bbox 3384 2442 3612 2515; x_wconf 78' lang='lat' dir='ltr'>absque</span> <span class='ocrx_word' id='word_1_308' title='bbox 3639 2444 3972 2514; x_wconf 71' lang='lat' dir='ltr'>adjutorio</span> 
     </span>
     <span class='ocr_line' id='line_1_52' title="bbox 2531 2532 2916 2603; baseline 0 -18"><span class='ocrx_word' id='word_1_309' title='bbox 2531 2532 2756 2603; x_wconf 71' lang='lat' dir='ltr'>qratiae</span> <span class='ocrx_word' id='word_1_310' title='bbox 2785 2532 2916 2587; x_wconf 76' lang='lat' dir='ltr'>Dei.</span> 
     </span>
    </p>
   </div>
   <div class='ocr_carea' id='block_1_13' title="bbox 2451 2734 4316 4190">
    <p class='ocr_par' dir='ltr' id='par_1_13' title="bbox 2451 2734 4316 4190">
     <span class='ocr_line' id='line_1_53' title="bbox 2588 2734 3968 2801; baseline 0.002 -3"><span class='ocrx_word' id='word_1_311' title='bbox 2588 2735 2940 2798; x_wconf 88' lang='lat' dir='ltr'>OSTREMO</span> <span class='ocrx_word' id='word_1_312' title='bbox 2992 2734 3248 2797; x_wconf 87' lang='lat' dir='ltr'>instruit</span> <span class='ocrx_word' id='word_1_313' title='bbox 3297 2754 3412 2799; x_wconf 89' lang='lat' dir='ltr'>nos</span> <span class='ocrx_word' id='word_1_314' title='bbox 3459 2744 3682 2801; x_wconf 86' lang='lat' dir='ltr'>auctor</span> <span class='ocrx_word' id='word_1_315' title='bbox 3727 2746 3968 2801; x_wconf 80' lang='lat' dir='ltr'>nostrae</span> 
     </span>
     <span class='ocr_line' id='line_1_54' title="bbox 2604 2834 3962 2917; baseline 0.002 -21"><span class='ocrx_word' id='word_1_316' title='bbox 2604 2834 2847 2909; x_wconf 88' lang='lat' dir='ltr'>salutis,</span> <span class='ocrx_word' id='word_1_317' title='bbox 2890 2834 3044 2916; x_wconf 90' lang='lat' dir='ltr'>quid</span> <span class='ocrx_word' id='word_1_318' title='bbox 3087 2852 3201 2897; x_wconf 90' lang='lat' dir='ltr'>nos</span> <span class='ocrx_word' id='word_1_319' title='bbox 3245 2842 3531 2917; x_wconf 87' lang='lat' dir='ltr'>oporteat</span> <span class='ocrx_word' id='word_1_320' title='bbox 3573 2854 3701 2899; x_wconf 89' lang='lat' dir='ltr'>non</span> <span class='ocrx_word' id='word_1_321' title='bbox 3745 2837 3962 2900; x_wconf 89' lang='lat' dir='ltr'>solum</span> 
     </span>
     <span class='ocr_line' id='line_1_55' title="bbox 2461 2932 3962 3005; baseline 0.003 -13"><span class='ocrx_word' id='word_1_322' title='bbox 2461 2932 2717 3005; x_wconf 89' lang='lat' dir='ltr'>sentire,</span> <span class='ocrx_word' id='word_1_323' title='bbox 2769 2933 2879 2994; x_wconf 90' lang='lat' dir='ltr'>sed</span> <span class='ocrx_word' id='word_1_324' title='bbox 2929 2933 3120 2994; x_wconf 88' lang='lat' dir='ltr'>etiam</span> <span class='ocrx_word' id='word_1_325' title='bbox 3175 2932 3470 2995; x_wconf 82' lang='lat' dir='ltr'>confiteri</span> <span class='ocrx_word' id='word_1_326' title='bbox 3520 2933 3585 2995; x_wconf 91' lang='lat' dir='ltr'>in</span> <span class='ocrx_word' id='word_1_327' title='bbox 3635 2934 3962 2997; x_wconf 86' lang='lat' dir='ltr'>universis</span> 
     </span>
     <span class='ocr_line' id='line_1_56' title="bbox 4046 3054 4316 3107; baseline 0.011 -11"><span class='ocrx_word' id='word_1_328' title='bbox 4046 3054 4316 3107; x_wconf 48' lang='lat' dir='ltr'>leonas.</span> 
     </span>
     <span class='ocr_line' id='line_1_57' title="bbox 2462 3120 4314 3212; baseline 0.003 -23"><span class='ocrx_word' id='word_1_329' title='bbox 2462 3128 2690 3210; x_wconf 91' lang='lat' dir='ltr'>inquit,</span> <span class='ocrx_word' id='word_1_330' title='bbox 2723 3127 2930 3191; x_wconf 84' lang='lat' dir='ltr'>facere</span> <span class='ocrx_word' id='word_1_331' title='bbox 2961 3129 3332 3212; x_wconf 85' lang='lat' dir='ltr'>quidquam,</span> <span class='ocrx_word' id='word_1_332' title='bbox 3364 3130 3543 3192; x_wconf 89' lang='lat' dir='ltr'>Pater</span> <span class='ocrx_word' id='word_1_333' title='bbox 3573 3148 3722 3193; x_wconf 87' lang='lat' dir='ltr'>vero</span> <span class='ocrx_word' id='word_1_334' title='bbox 3751 3131 3817 3192; x_wconf 91' lang='lat' dir='ltr'>in</span> <span class='ocrx_word' id='word_1_335' title='bbox 3851 3150 3960 3194; x_wconf 83' lang='lat' dir='ltr'>me</span> <span class='ocrx_word' id='word_1_336' title='bbox 4003 3120 4090 3166; x_wconf 80' lang='lat'>¹⁹²</span> <span class='ocrx_word' id='word_1_337' title='bbox 4111 3132 4218 3170; x_wconf 48' lang='lat'>¹¹*</span> <span class='ocrx_word' id='word_1_338' title='bbox 4245 3125 4314 3165; x_wconf 80' lang='lat'>¹⁰·</span> 
     </span>
     <span class='ocr_line' id='line_1_58' title="bbox 2461 3226 3960 3309; baseline 0.003 -20"><span class='ocrx_word' id='word_1_339' title='bbox 2461 3246 2722 3289; x_wconf 90' lang='lat' dir='ltr'>manens</span> <span class='ocrx_word' id='word_1_340' title='bbox 2766 3228 2903 3309; x_wconf 86' lang='lat' dir='ltr'>ipse</span> <span class='ocrx_word' id='word_1_341' title='bbox 2946 3226 3098 3289; x_wconf 88' lang='lat' dir='ltr'>facit</span> <span class='ocrx_word' id='word_1_342' title='bbox 3139 3245 3351 3309; x_wconf 89' lang='lat' dir='ltr'>opera.</span> <span class='ocrx_word' id='word_1_343' title='bbox 3402 3227 3688 3291; x_wconf 88' lang='lat' dir='ltr'>Christus</span> <span class='ocrx_word' id='word_1_344' title='bbox 3735 3237 3960 3293; x_wconf 86' lang='lat' dir='ltr'>autem</span> 
     </span>
     <span class='ocr_line' id='line_1_59' title="bbox 2458 3327 3960 3408; baseline 0.003 -22"><span class='ocrx_word' id='word_1_345' title='bbox 2458 3343 2536 3386; x_wconf 84' lang='lat' dir='ltr'>ex</span> <span class='ocrx_word' id='word_1_346' title='bbox 2579 3334 2754 3407; x_wconf 87' lang='lat' dir='ltr'>parte</span> <span class='ocrx_word' id='word_1_347' title='bbox 2799 3333 3038 3389; x_wconf 79' lang='lat' dir='ltr'>naturae</span> <span class='ocrx_word' id='word_1_348' title='bbox 3081 3334 3445 3408; x_wconf 79' lang='lat' dir='ltr'>assumptae,</span> <span class='ocrx_word' id='word_1_349' title='bbox 3491 3327 3646 3388; x_wconf 93' lang='lat' dir='ltr'>dicit</span> <span class='ocrx_word' id='word_1_350' title='bbox 3689 3346 3756 3389; x_wconf 88' lang='lat' dir='ltr'>se</span> <span class='ocrx_word' id='word_1_351' title='bbox 3801 3347 3840 3389; x_wconf 87' lang='lat' dir='ltr'>a</span> <span class='ocrx_word' id='word_1_352' title='bbox 3885 3346 3960 3390; x_wconf 86' lang='lat' dir='ltr'>se</span> 
     </span>
     <span class='ocr_line' id='line_1_60' title="bbox 2459 3420 3960 3506; baseline 0.005 -26"><span class='ocrx_word' id='word_1_353' title='bbox 2459 3420 2596 3503; x_wconf 90' lang='lat' dir='ltr'>ipso</span> <span class='ocrx_word' id='word_1_354' title='bbox 2639 3440 2767 3485; x_wconf 89' lang='lat' dir='ltr'>non</span> <span class='ocrx_word' id='word_1_355' title='bbox 2811 3442 2996 3505; x_wconf 87' lang='lat' dir='ltr'>posse</span> <span class='ocrx_word' id='word_1_356' title='bbox 3048 3423 3397 3506; x_wconf 87' lang='lat' dir='ltr'>quidquam</span> <span class='ocrx_word' id='word_1_357' title='bbox 3449 3423 3678 3498; x_wconf 85' lang='lat' dir='ltr'>facere,</span> <span class='ocrx_word' id='word_1_358' title='bbox 3725 3432 3788 3487; x_wconf 91' lang='lat' dir='ltr'>et</span> <span class='ocrx_word' id='word_1_359' title='bbox 3835 3443 3960 3488; x_wconf 89' lang='lat' dir='ltr'>nos</span> 
     </span>
     <span class='ocr_line' id='line_1_61' title="bbox 2457 3518 3960 3602; baseline 0.005 -23"><span class='ocrx_word' id='word_1_360' title='bbox 2457 3518 2618 3581; x_wconf 89' lang='lat' dir='ltr'>cinis</span> <span class='ocrx_word' id='word_1_361' title='bbox 2647 3528 2710 3581; x_wconf 92' lang='lat' dir='ltr'>et</span> <span class='ocrx_word' id='word_1_362' title='bbox 2738 3528 2904 3583; x_wconf 84' lang='lat' dir='ltr'>terra</span> <span class='ocrx_word' id='word_1_363' title='bbox 2931 3521 3316 3583; x_wconf 86' lang='lat' dir='ltr'>arbitramur</span> <span class='ocrx_word' id='word_1_364' title='bbox 3346 3540 3461 3586; x_wconf 87' lang='lat' dir='ltr'>nos</span> <span class='ocrx_word' id='word_1_365' title='bbox 3489 3522 3806 3602; x_wconf 87' lang='lat' dir='ltr'>adjutorio</span> <span class='ocrx_word' id='word_1_366' title='bbox 3835 3524 3960 3587; x_wconf 89' lang='lat' dir='ltr'>Do-</span> 
     </span>
     <span class='ocr_line' id='line_1_62' title="bbox 2457 3611 3956 3701; baseline 0.005 -24"><span class='ocrx_word' id='word_1_367' title='bbox 2457 3616 2613 3678; x_wconf 90' lang='lat' dir='ltr'>mini</span> <span class='ocrx_word' id='word_1_368' title='bbox 2662 3635 2788 3681; x_wconf 90' lang='lat' dir='ltr'>non</span> <span class='ocrx_word' id='word_1_369' title='bbox 2838 3636 3021 3699; x_wconf 89' lang='lat' dir='ltr'>egere</span> <span class='ocrx_word' id='word_1_370' title='bbox 3073 3619 3136 3680; x_wconf 92' lang='lat' dir='ltr'>in</span> <span class='ocrx_word' id='word_1_371' title='bbox 3183 3611 3288 3681; x_wconf 85' lang='lat' dir='ltr'>his</span> <span class='ocrx_word' id='word_1_372' title='bbox 3343 3639 3484 3701; x_wconf 80' lang='lat' dir='ltr'>quae</span> <span class='ocrx_word' id='word_1_373' title='bbox 3537 3621 3616 3683; x_wconf 93' lang='lat' dir='ltr'>ad</span> <span class='ocrx_word' id='word_1_374' title='bbox 3665 3629 3956 3684; x_wconf 89' lang='lat' dir='ltr'>nostram</span> 
     </span>
     <span class='ocr_line' id='line_1_63' title="bbox 2455 3717 3950 3801; baseline 0.005 -25"><span class='ocrx_word' id='word_1_375' title='bbox 2455 3722 2742 3795; x_wconf 86' lang='lat' dir='ltr'>spectant</span> <span class='ocrx_word' id='word_1_376' title='bbox 2773 3717 3083 3778; x_wconf 67' lang='lat' dir='ltr'>salutem?</span> <span class='ocrx_word' id='word_1_377' title='bbox 3114 3717 3443 3779; x_wconf 89' lang='lat' dir='ltr'>Discamus</span> <span class='ocrx_word' id='word_1_378' title='bbox 3475 3719 3686 3801; x_wconf 86' lang='lat' dir='ltr'>itaque</span> <span class='ocrx_word' id='word_1_379' title='bbox 3715 3728 3778 3782; x_wconf 88' lang='lat' dir='ltr'>et</span> <span class='ocrx_word' id='word_1_380' title='bbox 3805 3738 3950 3793; x_wconf 73' lang='grc' dir='ltr'><strong>ηοε,</strong></span> 
     </span>
     <span class='ocr_line' id='line_1_64' title="bbox 2455 3812 3954 3898; baseline 0.004 -25"><span class='ocrx_word' id='word_1_381' title='bbox 2455 3812 2522 3874; x_wconf 91' lang='lat' dir='ltr'>in</span> <span class='ocrx_word' id='word_1_382' title='bbox 2559 3813 2826 3894; x_wconf 91' lang='lat' dir='ltr'>singulis</span> <span class='ocrx_word' id='word_1_383' title='bbox 2865 3815 3208 3878; x_wconf 86' lang='lat' dir='ltr'>sentientes</span> <span class='ocrx_word' id='word_1_384' title='bbox 3251 3816 3575 3898; x_wconf 89' lang='lat' dir='ltr'>propriam</span> <span class='ocrx_word' id='word_1_385' title='bbox 3613 3817 3954 3879; x_wconf 87' lang='lat' dir='ltr'>infirmita-</span> 
     </span>
     <span class='ocr_line' id='line_1_65' title="bbox 2453 3911 3950 3995; baseline 0.004 -24"><span class='ocrx_word' id='word_1_386' title='bbox 2453 3918 2582 3971; x_wconf 91' lang='lat' dir='ltr'>tem</span> <span class='ocrx_word' id='word_1_387' title='bbox 2639 3918 2702 3972; x_wconf 86' lang='lat' dir='ltr'>et</span> <span class='ocrx_word' id='word_1_388' title='bbox 2758 3911 2868 3973; x_wconf 92' lang='lat' dir='ltr'>Dei</span> <span class='ocrx_word' id='word_1_389' title='bbox 2925 3914 3260 3987; x_wconf 84' lang='lat' dir='ltr'>auxilium,</span> <span class='ocrx_word' id='word_1_390' title='bbox 3325 3913 3610 3995; x_wconf 90' lang='lat' dir='ltr'>quotidie</span> <span class='ocrx_word' id='word_1_391' title='bbox 3669 3913 3950 3977; x_wconf 86' lang='lat' dir='ltr'>clamare</span> 
     </span>
     <span class='ocr_line' id='line_1_66' title="bbox 2453 4010 4310 4099; baseline 0.003 -30"><span class='ocrx_word' id='word_1_392' title='bbox 2453 4027 2600 4070; x_wconf 91' lang='lat' dir='ltr'>cum</span> <span class='ocrx_word' id='word_1_393' title='bbox 2634 4010 2863 4071; x_wconf 90' lang='lat' dir='ltr'>Sancto</span> <span class='ocrx_word' id='word_1_394' title='bbox 2888 4027 2902 4071; x_wconf 91' lang='lat'>:</span> <span class='ocrx_word' id='word_1_395' title='bbox 2926 4011 3245 4092; x_wconf 92' lang='lat' dir='ltr'>Impulsus</span> <span class='ocrx_word' id='word_1_396' title='bbox 3284 4029 3545 4073; x_wconf 86' lang='lat' dir='ltr'>eversus</span> <span class='ocrx_word' id='word_1_397' title='bbox 3576 4030 3718 4073; x_wconf 91' lang='lat' dir='ltr'>sum</span> <span class='ocrx_word' id='word_1_398' title='bbox 3749 4020 3818 4075; x_wconf 92' lang='lat' dir='ltr'>ut</span> <span class='ocrx_word' id='word_1_399' title='bbox 3849 4031 3950 4075; x_wconf 85' lang='lat' dir='ltr'>ca-</span> <span class='ocrx_word' id='word_1_400' title='bbox 4035 4045 4132 4089; x_wconf 56' lang='lat' dir='ltr'>m,</span> <span class='ocrx_word' id='word_1_401' title='bbox 4159 4062 4310 4099; x_wconf 48' lang='lat' dir='ltr'>mm·</span> 
     </span>
     <span class='ocr_line' id='line_1_67' title="bbox 2451 4107 4182 4190; baseline 0.003 -22"><span class='ocrx_word' id='word_1_402' title='bbox 2451 4107 2689 4181; x_wconf 90' lang='lat' dir='ltr'>derem,</span> <span class='ocrx_word' id='word_1_403' title='bbox 2723 4115 2787 4169; x_wconf 89' lang='lat' dir='ltr'>et</span> <span class='ocrx_word' id='word_1_404' title='bbox 2815 4108 3122 4170; x_wconf 90' lang='lat' dir='ltr'>Dominus</span> <span class='ocrx_word' id='word_1_405' title='bbox 3150 4108 3433 4190; x_wconf 89' lang='lat' dir='ltr'>suscepit</span> <span class='ocrx_word' id='word_1_406' title='bbox 3463 4127 3584 4171; x_wconf 90' lang='lat' dir='ltr'>me.</span> <span class='ocrx_word' id='word_1_407' title='bbox 3622 4110 3947 4173; x_wconf 88' lang='lat' dir='ltr'>Fortitudo</span> <span class='ocrx_word' id='word_1_408' title='bbox 3989 4109 4068 4159; x_wconf 78' lang='lat'>¹³·</span> <span class='ocrx_word' id='word_1_409' title='bbox 4101 4114 4182 4153; x_wconf 73' lang='lat'>¹⁸·</span> 
     </span>
    </p>
   </div>
   <div class='ocr_carea' id='block_1_14' title="bbox 840 4205 3951 4290">
    <p class='ocr_par' dir='ltr' id='par_1_14' title="bbox 840 4205 3951 4290">
     <span class='ocr_line' id='line_1_68' title="bbox 840 4205 3951 4290; baseline -0 -20"><span class='ocrx_word' id='word_1_410' title='bbox 840 4216 1213 4290; x_wconf 89' lang='lat' dir='ltr'>perpetuam</span> <span class='ocrx_word' id='word_1_411' title='bbox 1244 4208 1367 4271; x_wconf 90' lang='lat' dir='ltr'>sibi</span> <span class='ocrx_word' id='word_1_412' title='bbox 1401 4208 1821 4270; x_wconf 88' lang='lat' dir='ltr'>humilitatem</span> <span class='ocrx_word' id='word_1_413' title='bbox 1851 4206 2234 4287; x_wconf 89' lang='lat' dir='ltr'>colligebant</span> <span class='ocrx_word' id='word_1_414' title='bbox 2262 4226 2340 4269; x_wconf 84' lang='lat' dir='ltr'>ex</span> <span class='ocrx_word' id='word_1_415' title='bbox 2372 4214 2421 4275; x_wconf 90' lang='lat' dir='ltr'>D</span> <span class='ocrx_word' id='word_1_416' title='bbox 2454 4223 2593 4266; x_wconf 88' lang='lat' dir='ltr'>mea</span> <span class='ocrx_word' id='word_1_417' title='bbox 2631 4212 2696 4267; x_wconf 85' lang='lat' dir='ltr'>et.</span> <span class='ocrx_word' id='word_1_418' title='bbox 2743 4206 2878 4268; x_wconf 91' lang='lat' dir='ltr'>laus</span> <span class='ocrx_word' id='word_1_419' title='bbox 2929 4224 3069 4268; x_wconf 90' lang='lat' dir='ltr'>mea</span> <span class='ocrx_word' id='word_1_420' title='bbox 3116 4205 3443 4281; x_wconf 90' lang='lat' dir='ltr'>Dominus,</span> <span class='ocrx_word' id='word_1_421' title='bbox 3486 4215 3548 4269; x_wconf 91' lang='lat' dir='ltr'>et</span> <span class='ocrx_word' id='word_1_422' title='bbox 3599 4207 3802 4269; x_wconf 83' lang='lat' dir='ltr'>factus</span> <span class='ocrx_word' id='word_1_423' title='bbox 3847 4216 3951 4269; x_wconf 90' lang='lat' dir='ltr'>est</span> 
     </span>
    </p>
   </div>
   <div class='ocr_carea' id='block_1_15' title="bbox 832 4307 2338 5367">
    <p class='ocr_par' dir='ltr' id='par_1_15' title="bbox 832 4307 2338 5367">
     <span class='ocr_line' id='line_1_69' title="bbox 840 4307 2338 4387; baseline -0.001 -20"><span class='ocrx_word' id='word_1_424' title='bbox 840 4307 1344 4368; x_wconf 89' lang='lat' dir='ltr'>consideratione</span> <span class='ocrx_word' id='word_1_425' title='bbox 1381 4325 1601 4369; x_wconf 91' lang='lat' dir='ltr'>eorum</span> <span class='ocrx_word' id='word_1_426' title='bbox 1644 4323 1803 4387; x_wconf 93' lang='lat' dir='ltr'>quos</span> <span class='ocrx_word' id='word_1_427' title='bbox 1844 4312 2151 4367; x_wconf 88' lang='lat' dir='ltr'>noverant</span> <span class='ocrx_word' id='word_1_428' title='bbox 2190 4324 2338 4366; x_wconf 87' lang='lat' dir='ltr'>vere</span> 
     </span>
     <span class='ocr_line' id='line_1_70' title="bbox 838 4403 2336 4486; baseline 0 -21"><span class='ocrx_word' id='word_1_429' title='bbox 838 4412 1099 4486; x_wconf 85' lang='lat' dir='ltr'>peccato</span> <span class='ocrx_word' id='word_1_430' title='bbox 1142 4422 1377 4478; x_wconf 87' lang='lat' dir='ltr'>carere,</span> <span class='ocrx_word' id='word_1_431' title='bbox 1428 4412 1619 4486; x_wconf 87' lang='lat' dir='ltr'>atque</span> <span class='ocrx_word' id='word_1_432' title='bbox 1670 4405 1734 4465; x_wconf 93' lang='lat' dir='ltr'>in</span> <span class='ocrx_word' id='word_1_433' title='bbox 1784 4421 1979 4485; x_wconf 88' lang='lat' dir='ltr'>regno</span> <span class='ocrx_word' id='word_1_434' title='bbox 2028 4403 2336 4465; x_wconf 89' lang='lat' dir='ltr'>coelorum</span> 
     </span>
     <span class='ocr_line' id='line_1_71' title="bbox 838 4500 2336 4582; baseline -0.002 -17"><span class='ocrx_word' id='word_1_435' title='bbox 838 4510 1073 4565; x_wconf 86' lang='lat' dir='ltr'>aeterna</span> <span class='ocrx_word' id='word_1_436' title='bbox 1105 4500 1407 4564; x_wconf 87' lang='lat' dir='ltr'>felicitate</span> <span class='ocrx_word' id='word_1_437' title='bbox 1440 4502 1733 4582; x_wconf 88' lang='lat' dir='ltr'>gaudere.</span> <span class='ocrx_word' id='word_1_438' title='bbox 1768 4502 2072 4564; x_wconf 84' lang='lat' dir='ltr'>Praeterea</span> <span class='ocrx_word' id='word_1_439' title='bbox 2105 4520 2185 4563; x_wconf 83' lang='lat' dir='ltr'>ex</span> <span class='ocrx_word' id='word_1_440' title='bbox 2218 4502 2336 4563; x_wconf 90' lang='lat' dir='ltr'>hac</span> 
     </span>
     <span class='ocr_line' id='line_1_72' title="bbox 836 4598 2336 4662; baseline -0.001 -1"><span class='ocrx_word' id='word_1_441' title='bbox 836 4599 1344 4662; x_wconf 88' lang='lat' dir='ltr'>consideratione</span> <span class='ocrx_word' id='word_1_442' title='bbox 1375 4598 1779 4661; x_wconf 89' lang='lat' dir='ltr'>declinabant</span> <span class='ocrx_word' id='word_1_443' title='bbox 1819 4598 2010 4660; x_wconf 89' lang='lat' dir='ltr'>etiam</span> <span class='ocrx_word' id='word_1_444' title='bbox 2041 4598 2336 4661; x_wconf 88' lang='lat' dir='ltr'>elationis</span> 
     </span>
     <span class='ocr_line' id='line_1_73' title="bbox 837 4696 2337 4778; baseline -0.001 -19"><span class='ocrx_word' id='word_1_445' title='bbox 837 4698 1112 4770; x_wconf 89' lang='lat' dir='ltr'>ruinam,</span> <span class='ocrx_word' id='word_1_446' title='bbox 1150 4704 1215 4759; x_wconf 88' lang='lat' dir='ltr'>et</span> <span class='ocrx_word' id='word_1_447' title='bbox 1258 4696 1670 4759; x_wconf 86' lang='lat' dir='ltr'>inveniebant</span> <span class='ocrx_word' id='word_1_448' title='bbox 1713 4714 1841 4778; x_wconf 90' lang='lat' dir='ltr'>quo</span> <span class='ocrx_word' id='word_1_449' title='bbox 1888 4698 2236 4771; x_wconf 87' lang='lat' dir='ltr'>tenderent,</span> <span class='ocrx_word' id='word_1_450' title='bbox 2274 4703 2337 4757; x_wconf 88' lang='lat' dir='ltr'>et</span> 
     </span>
     <span class='ocr_line' id='line_1_74' title="bbox 836 4793 2336 4876; baseline -0.001 -19"><span class='ocrx_word' id='word_1_451' title='bbox 836 4815 951 4859; x_wconf 90' lang='lat' dir='ltr'>cur</span> <span class='ocrx_word' id='word_1_452' title='bbox 993 4796 1279 4858; x_wconf 89' lang='lat' dir='ltr'>dolerent</span> <span class='ocrx_word' id='word_1_453' title='bbox 1327 4812 1340 4856; x_wconf 92' lang='lat'>:</span> <span class='ocrx_word' id='word_1_454' title='bbox 1388 4793 1815 4874; x_wconf 88' lang='lat' dir='ltr'>intelligentes</span> <span class='ocrx_word' id='word_1_455' title='bbox 1868 4813 1935 4857; x_wconf 84' lang='lat' dir='ltr'>se</span> <span class='ocrx_word' id='word_1_456' title='bbox 1978 4813 2104 4858; x_wconf 90' lang='lat' dir='ltr'>non</span> <span class='ocrx_word' id='word_1_457' title='bbox 2150 4812 2336 4876; x_wconf 88' lang='lat' dir='ltr'>posse</span> 
     </span>
     <span class='ocr_line' id='line_1_75' title="bbox 832 4892 2336 4974; baseline -0.001 -18"><span class='ocrx_word' id='word_1_458' title='bbox 832 4896 911 4956; x_wconf 88' lang='lat' dir='ltr'>ad</span> <span class='ocrx_word' id='word_1_459' title='bbox 937 4894 1112 4956; x_wconf 91' lang='lat' dir='ltr'>illam</span> <span class='ocrx_word' id='word_1_460' title='bbox 1143 4892 1351 4956; x_wconf 90' lang='lat' dir='ltr'>cordis</span> <span class='ocrx_word' id='word_1_461' title='bbox 1383 4892 1723 4974; x_wconf 88' lang='lat' dir='ltr'>puritatem</span> <span class='ocrx_word' id='word_1_462' title='bbox 1756 4894 2112 4974; x_wconf 89' lang='lat' dir='ltr'>pertingere</span> <span class='ocrx_word' id='word_1_463' title='bbox 2143 4912 2336 4974; x_wconf 87' lang='lat' dir='ltr'>quam</span> 
     </span>
     <span class='ocr_line' id='line_1_76' title="bbox 834 4990 2169 5076; baseline -0.003 -19"><span class='ocrx_word' id='word_1_464' title='bbox 834 4992 1159 5076; x_wconf 89' lang='lat' dir='ltr'>optabant,</span> <span class='ocrx_word' id='word_1_465' title='bbox 1209 4991 1456 5053; x_wconf 90' lang='lat' dir='ltr'>sarcina</span> <span class='ocrx_word' id='word_1_466' title='bbox 1504 4990 1711 5052; x_wconf 88' lang='lat' dir='ltr'>carnis</span> <span class='ocrx_word' id='word_1_467' title='bbox 1761 4991 2169 5072; x_wconf 91' lang='lat' dir='ltr'>impediente.</span> 
     </span>
     <span class='ocr_line' id='line_1_77' title="bbox 916 5087 2338 5173; baseline -0.001 -20"><span class='ocrx_word' id='word_1_468' title='bbox 916 5091 1111 5173; x_wconf 87' lang='lat' dir='ltr'>Igitur</span> <span class='ocrx_word' id='word_1_469' title='bbox 1141 5090 1495 5153; x_wconf 89' lang='lat' dir='ltr'>secundum</span> <span class='ocrx_word' id='word_1_470' title='bbox 1528 5087 1959 5150; x_wconf 86' lang='lat' dir='ltr'>institutiones</span> <span class='ocrx_word' id='word_1_471' title='bbox 1990 5089 2338 5152; x_wconf 87' lang='lat' dir='ltr'>doctrinas-</span> 
     </span>
     <span class='ocr_line' id='line_1_78' title="bbox 837 5186 2338 5271; baseline -0.001 -20"><span class='ocrx_word' id='word_1_472' title='bbox 837 5208 962 5271; x_wconf 91' lang='lat' dir='ltr'>que</span> <span class='ocrx_word' id='word_1_473' title='bbox 1001 5190 1277 5261; x_wconf 89' lang='lat' dir='ltr'>Patrum,</span> <span class='ocrx_word' id='word_1_474' title='bbox 1316 5188 1409 5249; x_wconf 89' lang='lat' dir='ltr'>sic</span> <span class='ocrx_word' id='word_1_475' title='bbox 1452 5187 1529 5249; x_wconf 90' lang='lat' dir='ltr'>ad</span> <span class='ocrx_word' id='word_1_476' title='bbox 1571 5186 2029 5268; x_wconf 88' lang='lat' dir='ltr'>perfectionem</span> <span class='ocrx_word' id='word_1_477' title='bbox 2080 5186 2338 5249; x_wconf 82' lang='lat' dir='ltr'>festina-</span> 
     </span>
     <span class='ocr_line' id='line_1_79' title="bbox 838 5283 2332 5367; baseline -0.001 -18"><span class='ocrx_word' id='word_1_478' title='bbox 838 5306 907 5349; x_wconf 89' lang='lat' dir='ltr'>re</span> <span class='ocrx_word' id='word_1_479' title='bbox 946 5286 1251 5351; x_wconf 91' lang='lat' dir='ltr'>debemus</span> <span class='ocrx_word' id='word_1_480' title='bbox 1287 5284 1574 5367; x_wconf 89' lang='lat' dir='ltr'>jejuniis,</span> <span class='ocrx_word' id='word_1_481' title='bbox 1617 5284 1875 5366; x_wconf 78' lang='lat' dir='ltr'>vigiliis,</span> <span class='ocrx_word' id='word_1_482' title='bbox 1916 5283 2332 5360; x_wconf 82' lang='lat' dir='ltr'>orationibuS,</span> 
     </span>
    </p>
   </div>
   <div class='ocr_carea' id='block_1_16' title="bbox 2445 4304 4310 5358">
    <p class='ocr_par' dir='ltr' id='par_1_16' title="bbox 2447 4304 4310 4574">
     <span class='ocr_line' id='line_1_80' title="bbox 2454 4304 4310 4387; baseline 0.009 -24"><span class='ocrx_word' id='word_1_483' title='bbox 2454 4304 2609 4364; x_wconf 89' lang='lat' dir='ltr'>mihi</span> <span class='ocrx_word' id='word_1_484' title='bbox 2653 4304 2719 4365; x_wconf 94' lang='lat' dir='ltr'>in</span> <span class='ocrx_word' id='word_1_485' title='bbox 2763 4305 3050 4366; x_wconf 87' lang='lat' dir='ltr'>salutem.</span> <span class='ocrx_word' id='word_1_486' title='bbox 3101 4304 3176 4366; x_wconf 87' lang='lat' dir='ltr'>Et</span> <span class='ocrx_word' id='word_1_487' title='bbox 3212 4323 3227 4367; x_wconf 92' lang='lat'>:</span> <span class='ocrx_word' id='word_1_488' title='bbox 3265 4304 3400 4367; x_wconf 89' lang='lat' dir='ltr'>Nisi</span> <span class='ocrx_word' id='word_1_489' title='bbox 3444 4306 3596 4386; x_wconf 87' lang='lat' dir='ltr'>quia</span> <span class='ocrx_word' id='word_1_490' title='bbox 3638 4306 3946 4367; x_wconf 90' lang='lat' dir='ltr'>Dominus</span> <span class='ocrx_word' id='word_1_491' title='bbox 4031 4330 4130 4375; x_wconf 66' lang='grc' dir='ltr'>Ρ..</span> <span class='ocrx_word' id='word_1_492' title='bbox 4171 4348 4310 4387; x_wconf 68' lang='lat' dir='ltr'>mn.</span> 
     </span>
     <span class='ocr_line' id='line_1_81' title="bbox 2448 4396 4162 4483; baseline 0.002 -21"><span class='ocrx_word' id='word_1_493' title='bbox 2448 4401 2695 4481; x_wconf 87' lang='lat' dir='ltr'>adjuvit</span> <span class='ocrx_word' id='word_1_494' title='bbox 2737 4420 2858 4475; x_wconf 93' lang='lat' dir='ltr'>me,</span> <span class='ocrx_word' id='word_1_495' title='bbox 2895 4402 3083 4483; x_wconf 89' lang='lat' dir='ltr'>paulo</span> <span class='ocrx_word' id='word_1_496' title='bbox 3124 4401 3336 4464; x_wconf 90' lang='lat' dir='ltr'>minus</span> <span class='ocrx_word' id='word_1_497' title='bbox 3375 4402 3722 4465; x_wconf 87' lang='lat' dir='ltr'>habitasset</span> <span class='ocrx_word' id='word_1_498' title='bbox 3759 4404 3950 4465; x_wconf 90' lang='lat' dir='ltr'>inin·</span> <span class='ocrx_word' id='word_1_499' title='bbox 3989 4396 4162 4440; x_wconf 63' lang='lat'><strong>¹⁷⁴⁹·</strong></span> 
     </span>
     <span class='ocr_line' id='line_1_82' title="bbox 2447 4496 3948 4574; baseline 0.003 -16"><span class='ocrx_word' id='word_1_500' title='bbox 2447 4496 2630 4560; x_wconf 84' lang='lat' dir='ltr'>ferno</span> <span class='ocrx_word' id='word_1_501' title='bbox 2668 4500 2883 4561; x_wconf 87' lang='lat' dir='ltr'>anima</span> <span class='ocrx_word' id='word_1_502' title='bbox 2926 4518 3082 4561; x_wconf 92' lang='lat' dir='ltr'>mea.</span> <span class='ocrx_word' id='word_1_503' title='bbox 3131 4499 3195 4561; x_wconf 94' lang='lat' dir='ltr'>Si</span> <span class='ocrx_word' id='word_1_504' title='bbox 3238 4499 3553 4574; x_wconf 86' lang='lat' dir='ltr'>dicebam,</span> <span class='ocrx_word' id='word_1_505' title='bbox 3598 4500 3800 4563; x_wconf 80' lang='lat' dir='ltr'>Motus</span> <span class='ocrx_word' id='word_1_506' title='bbox 3849 4508 3948 4563; x_wconf 89' lang='lat' dir='ltr'>est</span> 
     </span>
    </p>

    <p class='ocr_par' dir='ltr' id='par_1_17' title="bbox 2450 4597 3948 4678">
     <span class='ocr_line' id='line_1_83' title="bbox 2450 4597 3948 4678; baseline 0.003 -21"><span class='ocrx_word' id='word_1_507' title='bbox 2450 4615 2562 4678; x_wconf 88' lang='lat' dir='ltr'>pes</span> <span class='ocrx_word' id='word_1_508' title='bbox 2602 4615 2819 4676; x_wconf 84' lang='lat' dir='ltr'>meus3</span> <span class='ocrx_word' id='word_1_509' title='bbox 2863 4597 3299 4661; x_wconf 87' lang='lat' dir='ltr'>misericordia</span> <span class='ocrx_word' id='word_1_510' title='bbox 3339 4606 3467 4674; x_wconf 90' lang='lat' dir='ltr'>tua,</span> <span class='ocrx_word' id='word_1_511' title='bbox 3509 4598 3796 4673; x_wconf 88' lang='lat' dir='ltr'>Domine,</span> <span class='ocrx_word' id='word_1_512' title='bbox 3837 4598 3948 4661; x_wconf 89' lang='lat' dir='ltr'>ad-</span> 
     </span>
    </p>

    <p class='ocr_par' dir='ltr' id='par_1_18' title="bbox 2445 4694 3948 4773">
     <span class='ocr_line' id='line_1_84' title="bbox 2445 4694 3948 4773; baseline 0.003 -18"><span class='ocrx_word' id='word_1_513' title='bbox 2445 4694 2709 4773; x_wconf 88' lang='lat' dir='ltr'>juvabat</span> <span class='ocrx_word' id='word_1_514' title='bbox 2753 4714 2873 4757; x_wconf 90' lang='lat' dir='ltr'>me.</span> <span class='ocrx_word' id='word_1_515' title='bbox 2909 4695 3270 4759; x_wconf 89' lang='lat' dir='ltr'>Secundum</span> <span class='ocrx_word' id='word_1_516' title='bbox 3318 4697 3796 4759; x_wconf 90' lang='lat' dir='ltr'>multitudinem</span> <span class='ocrx_word' id='word_1_517' title='bbox 3841 4698 3948 4761; x_wconf 90' lang='lat' dir='ltr'>do-</span> 
     </span>
    </p>

    <p class='ocr_par' dir='ltr' id='par_1_19' title="bbox 2451 4790 3947 4869">
     <span class='ocr_line' id='line_1_85' title="bbox 2451 4790 3947 4869; baseline 0.003 -17"><span class='ocrx_word' id='word_1_518' title='bbox 2451 4790 2654 4853; x_wconf 90' lang='lat' dir='ltr'>lorum</span> <span class='ocrx_word' id='word_1_519' title='bbox 2709 4809 2996 4855; x_wconf 89' lang='lat' dir='ltr'>meorum</span> <span class='ocrx_word' id='word_1_520' title='bbox 3046 4794 3110 4855; x_wconf 91' lang='lat' dir='ltr'>in</span> <span class='ocrx_word' id='word_1_521' title='bbox 3159 4794 3348 4857; x_wconf 91' lang='lat' dir='ltr'>corde</span> <span class='ocrx_word' id='word_1_522' title='bbox 3396 4812 3560 4869; x_wconf 91' lang='lat' dir='ltr'>meo,</span> <span class='ocrx_word' id='word_1_523' title='bbox 3611 4796 3947 4857; x_wconf 90' lang='lat' dir='ltr'>consolati-</span> 
     </span>
    </p>

    <p class='ocr_par' dir='ltr' id='par_1_20' title="bbox 2447 4890 3938 4955">
     <span class='ocr_line' id='line_1_86' title="bbox 2447 4890 3938 4955; baseline 0.002 -3"><span class='ocrx_word' id='word_1_524' title='bbox 2447 4908 2600 4952; x_wconf 91' lang='lat' dir='ltr'>ones</span> <span class='ocrx_word' id='word_1_525' title='bbox 2660 4897 2782 4953; x_wconf 84' lang='lat' dir='ltr'>tuae</span> <span class='ocrx_word' id='word_1_526' title='bbox 2841 4890 3321 4954; x_wconf 75' lang='lat' dir='ltr'>laetificaverunt</span> <span class='ocrx_word' id='word_1_527' title='bbox 3377 4893 3656 4955; x_wconf 89' lang='lat' dir='ltr'>animam</span> <span class='ocrx_word' id='word_1_528' title='bbox 3712 4912 3938 4955; x_wconf 87' lang='lat' dir='ltr'>meam.</span> 
     </span>
    </p>

    <p class='ocr_par' dir='ltr' id='par_1_21' title="bbox 2447 4989 3943 5072">
     <span class='ocr_line' id='line_1_87' title="bbox 2447 4989 3943 5072; baseline 0.001 -21"><span class='ocrx_word' id='word_1_529' title='bbox 2447 4990 2713 5071; x_wconf 89' lang='lat' dir='ltr'>Insuper</span> <span class='ocrx_word' id='word_1_530' title='bbox 2755 4989 3008 5072; x_wconf 88' lang='lat' dir='ltr'>quando</span> <span class='ocrx_word' id='word_1_531' title='bbox 3050 4989 3341 5052; x_wconf 89' lang='lat' dir='ltr'>videmus</span> <span class='ocrx_word' id='word_1_532' title='bbox 3383 5008 3494 5053; x_wconf 89' lang='lat' dir='ltr'>cor</span> <span class='ocrx_word' id='word_1_533' title='bbox 3537 4998 3823 5054; x_wconf 89' lang='lat' dir='ltr'>nostrum</span> <span class='ocrx_word' id='word_1_534' title='bbox 3877 4992 3943 5053; x_wconf 95' lang='lat' dir='ltr'>in</span> 
     </span>
    </p>

    <p class='ocr_par' dir='ltr' id='par_1_22' title="bbox 2449 5086 3938 5170">
     <span class='ocr_line' id='line_1_88' title="bbox 2449 5086 3938 5170; baseline 0.003 -23"><span class='ocrx_word' id='word_1_535' title='bbox 2449 5086 2674 5149; x_wconf 91' lang='lat' dir='ltr'>timore</span> <span class='ocrx_word' id='word_1_536' title='bbox 2706 5087 2816 5149; x_wconf 92' lang='lat' dir='ltr'>Dei</span> <span class='ocrx_word' id='word_1_537' title='bbox 2847 5096 2910 5151; x_wconf 88' lang='lat' dir='ltr'>et</span> <span class='ocrx_word' id='word_1_538' title='bbox 2940 5088 3244 5170; x_wconf 89' lang='lat' dir='ltr'>patientia</span> <span class='ocrx_word' id='word_1_539' title='bbox 3274 5088 3578 5162; x_wconf 89' lang='lat' dir='ltr'>roborari,</span> <span class='ocrx_word' id='word_1_540' title='bbox 3603 5090 3889 5151; x_wconf 86' lang='lat' dir='ltr'>dicamus</span> <span class='ocrx_word' id='word_1_541' title='bbox 3925 5107 3938 5151; x_wconf 92' lang='lat'>:</span> 
     </span>
    </p>

    <p class='ocr_par' dir='ltr' id='par_1_23' title="bbox 2449 5185 4298 5358">
     <span class='ocr_line' id='line_1_89' title="bbox 2449 5185 4298 5263; baseline 0.005 -17"><span class='ocrx_word' id='word_1_542' title='bbox 2449 5185 2526 5246; x_wconf 89' lang='lat' dir='ltr'>Et</span> <span class='ocrx_word' id='word_1_543' title='bbox 2562 5186 2768 5248; x_wconf 81' lang='lat' dir='ltr'>factus</span> <span class='ocrx_word' id='word_1_544' title='bbox 2805 5195 2902 5249; x_wconf 78' lang='lat' dir='ltr'>est.</span> <span class='ocrx_word' id='word_1_545' title='bbox 2945 5187 3250 5249; x_wconf 91' lang='lat' dir='ltr'>Dominus</span> <span class='ocrx_word' id='word_1_546' title='bbox 3290 5185 3766 5249; x_wconf 82' lang='lat' dir='ltr'>firmamentum</span> <span class='ocrx_word' id='word_1_547' title='bbox 3815 5206 3945 5249; x_wconf 90' lang='lat' dir='ltr'>me-</span> <span class='ocrx_word' id='word_1_548' title='bbox 3975 5208 4298 5263; x_wconf 48' lang='lat' dir='ltr'>pannas.</span> 
     </span>
     <span class='ocr_line' id='line_1_90' title="bbox 2451 5271 4052 5358; baseline 0.001 -11"><span class='ocrx_word' id='word_1_549' title='bbox 2451 5304 2582 5358; x_wconf 92' lang='lat' dir='ltr'>um,</span> <span class='ocrx_word' id='word_1_550' title='bbox 2624 5294 2687 5348; x_wconf 90' lang='lat' dir='ltr'>et</span> <span class='ocrx_word' id='word_1_551' title='bbox 2723 5286 2941 5349; x_wconf 84' lang='lat' dir='ltr'>eduxit</span> <span class='ocrx_word' id='word_1_552' title='bbox 2981 5304 3084 5348; x_wconf 92' lang='lat' dir='ltr'>me</span> <span class='ocrx_word' id='word_1_553' title='bbox 3129 5286 3195 5347; x_wconf 91' lang='lat' dir='ltr'>in</span> <span class='ocrx_word' id='word_1_554' title='bbox 3244 5286 3665 5349; x_wconf 87' lang='lat' dir='ltr'>latitudinem.</span> <span class='ocrx_word' id='word_1_555' title='bbox 3707 5287 3942 5349; x_wconf 83' lang='lat' dir='ltr'>Intelli-</span> <span class='ocrx_word' id='word_1_556' title='bbox 3973 5271 4052 5314; x_wconf 77' lang='lat'>²⁰·</span> 
     </span>
    </p>
   </div>
  </div>
 </body>
</html>
