4359 6267
1308 508 1389 553 Dr.
1430 508 1759 553 INSTITUTIS
1802 508 1887 553 SS.
1922 508 2185 553 PATRUM.
2231 526 2312 537 --
2350 510 2527 557 LIBER
2567 511 2675 556 vul
3464 492 3544 554 95

104 693 413 745 lan-mas.
442 674 817 756 Prophetam
865 695 879 739 :
930 676 1057 757 Ego
1104 686 1316 740 autem
1365 694 1559 760 opera
1604 696 1825 740 eorum
1874 686 1937 739 et
1966 677 2017 739 A
2050 686 2113 741 et
2150 679 2412 760 antiqua
2453 680 2668 742 omnia
2710 679 3122 741 inveniuntur
3161 679 3539 760 conscripta,

442 775 857 855 cogitationes
885 777 1076 839 venio
1106 785 1177 837 ut
1206 795 1586 858 congregem
1625 795 1773 837 cum
1807 793 1937 837 om·
2052 776 2348 838 videlicet
2400 777 2536 841 sine
2595 778 2914 841 additione
2967 777 3160 857 hujus
3215 778 3536 854 clausulae,

442 872 633 934 nibus
681 873 982 954 gentibus
1026 881 1089 936 et
1134 874 1411 956 linguis;
1450 882 1518 937 et
1561 893 1781 935 rursus
1823 892 1937 955 per
2049 874 2196 935 Sine
2242 893 2448 936 causa.

108 981 411 1033 Rom-mis,
439 970 703 1032 Paulum
740 990 755 1035 :
795 972 1297 1053 cogitationibus
1338 973 1505 1035 inter
1546 992 1613 1035 se
1658 971 1935 1035 invicem

112 1046 185 1086 ¹⁶·
436 1069 890 1132 accusantibus
957 1078 1068 1133 aut
1132 1070 1645 1143 defendentibuS,
1705 1070 1772 1131 in
1830 1070 1935 1133 die

434 1167 693 1247 quando
758 1166 1075 1247 judicabit
1131 1168 1439 1231 Dominus
1504 1168 1753 1231 occulta
1818 1168 1932 1231 ho-

434 1284 706 1327 minum.

788 1512 1295 1576 CAPITULUM
1356 1512 1577 1575 XXII.

451 1661 665 1715 Utrum
696 1661 1115 1732 recipiendum
1138 1662 1222 1716 sit
1251 1662 1414 1733 quod
1439 1660 1746 1730 adjectum
1772 1665 1859 1715 est
1892 1676 1909 1713 .-

988 1751 1136 1805 Sine
1172 1766 1377 1806 causa.

555 1954 897 2017 ClENDUM
939 1961 1151 2016 tamen
1196 1962 1291 2015 est
1336 1955 1507 2017 circa
1549 1954 1613 2017 id
1653 1957 1822 2037 quod
1864 1957 1926 2018 in

581 2051 969 2134 quibusdam
1000 2052 1473 2134 exemplaribus
1505 2073 1616 2116 seu
1649 2054 1928 2115 textibus

429 2147 777 2222 invenitur,
830 2148 945 2222 Qui
1008 2150 1303 2212 irascitur
1361 2150 1539 2213 fratri
1600 2170 1737 2223 su0,
1790 2151 1927 2213 sine

427 2266 656 2309 causa:
686 2248 809 2310 boc
840 2250 1010 2329 quod
1041 2248 1296 2323 dicitur,
1326 2250 1473 2312 Sine
1506 2268 1714 2322 causa,
1738 2267 1929 2331 appo-

426 2345 625 2406 situm
662 2364 801 2407 esse
832 2345 915 2407 ab
944 2345 1044 2407 his
1075 2345 1185 2426 qui
1220 2346 1377 2407 iram
1409 2363 1524 2428 pro
1560 2346 1751 2426 justis
1783 2365 1926 2407 cau-

426 2443 517 2505 sis
564 2443 1017 2524 amputandam
1068 2460 1195 2505 non
1245 2444 1680 2522 aestimarunt3
1726 2463 1926 2525 quum

428 2549 643 2603 tamen
695 2540 932 2615 nullus,
980 2540 1453 2622 quantumlibet
1496 2541 1635 2604 sine
1685 2541 1926 2603 ratione

427 2645 809 2712 commotuS,
879 2639 1047 2701 dicat.
1114 2658 1181 2700 se
1250 2639 1387 2701 sine
1457 2658 1645 2701 causa
1713 2640 1921 2702 irasci.

424 2732 851 2809 Quamobrem
881 2744 1143 2817 apparet
1174 2737 1293 2797 hoc
1324 2755 1461 2799 esse
1492 2737 1811 2817 adjectum
1845 2738 1925 2799 ab

426 2833 531 2895 his
563 2833 666 2914 qui
701 2850 827 2896 non
861 2834 1307 2897 intellexerunt
1339 2834 1675 2916 Scripturae
1707 2853 1928 2917 propo-

426 2934 644 3004 situm,
668 2951 809 3013 qum
840 2932 1131 3014 praecipit
1162 2932 1449 2995 fomitem
1482 2933 1590 2995 irae
1620 2934 1928 2996 omnimo-

2383 1119 2886 1183 CAPITULUM
2948 1121 3200 1184 XXIII.

2042 1268 2329 1323 Remedia
2359 1267 2581 1341 quibus
2611 1270 2771 1324 iram
2803 1269 3123 1325 eradicare
3149 1271 3222 1326 de
3249 1271 3535 1327 cordibus

2497 1358 2728 1411 nostris
2759 1359 3080 1429 possimne.

2196 1562 2319 1625 lNC
2377 1562 2679 1624 athletam
2741 1561 2974 1625 Christi
3031 1561 3313 1643 legitime
3374 1583 3534 1646 prae-

2223 1662 2504 1734 flantem,
2546 1669 2795 1741 oportet
2837 1660 3140 1723 radicitus
3187 1662 3533 1745 exstirpare

2042 1758 2384 1822 iracundiae
2417 1765 2644 1820 motus
2680 1759 2876 1838 Cujus
2905 1759 3039 1822 haec
3071 1759 3192 1821 erit
3219 1760 3535 1823 medicina

1963 1856 2011 1917 B
2041 1855 2322 1937 perfecta
2355 1874 2369 1917 τ
2404 1864 2474 1917 ut
2513 1856 2723 1936 primo
2761 1856 3092 1919 credamus
3131 1856 3308 1919 nullo
3349 1860 3534 1920 modo

2040 1953 2226 2015 nobis
2277 1952 2526 2014 licitum
2570 1971 2707 2014 esse
2751 1952 2961 2026 irasci,
2994 1972 3203 2035 neque
3247 1972 3323 2015 ex
3367 1954 3534 2034 inju-

2039 2049 2153 2111 stis
2203 2067 2410 2129 neque
2459 2068 2535 2110 ex
2582 2048 2772 2129 justis
2822 2049 3051 2122 causis,
3100 2051 3370 2113 scientes
3419 2069 3534 2113 nos

2039 2147 2330 2229 protinus
2399 2147 2745 2209 amissuros
2819 2147 3034 2209 lumen
3105 2148 3528 2222 discretioniS,

2038 2244 2410 2307 firmitatem
2459 2246 2617 2307 recti
2669 2246 2942 2319 consilii,
2996 2245 3390 2308 honestatem
3441 2254 3530 2309 at-

2037 2362 2160 2424 que
2189 2343 2452 2423 justitiae
2484 2345 2912 2416 moderamen,
2946 2344 2999 2406 si
3033 2344 3406 2425 principalis
3433 2345 3532 2407 vis

2039 2442 2239 2504 nostri
2296 2440 2505 2503 cordis
2555 2439 2752 2501 fuerit
2809 2440 3088 2502 tenebris
3148 2440 3256 2503 irae
3304 2441 3529 2504 obscu-

2038 2546 2220 2617 rata3
2280 2538 2543 2619 insuper
2605 2538 2946 2618 puritatem
3012 2539 3243 2601 mentis
3300 2547 3530 2603 nostrae

2038 2654 2184 2698 mox
2225 2655 2362 2697 6556
2403 2636 2802 2711 turbandam,
2836 2656 2952 2698 1166
2991 2656 3130 2699 eam
3171 2637 3344 2699 effici
3388 2656 3528 2719 pos-

2036 2754 2103 2796 se
2154 2734 2465 2817 templum
2506 2734 2780 2816 Spiritus
2821 2734 3055 2809 Sancti,
3097 2744 3526 2798 commorante

2034 2832 2101 2894 in
2150 2832 2336 2895 nobis
2384 2833 2728 2895 iracundiae
2776 2832 3025 2914 spiritu.
3072 2834 3393 2896 Postremo
3435 2854 3528 2896 re-

2036 2931 2245 2993 media
2282 2931 2390 2993 irae
2422 2937 2569 2992 sunt
2603 2950 2616 2993 :
2651 2931 2926 3011 cogitare
2965 2932 3134 3012 quod
3175 2949 3300 2993 non
3343 2932 3529 2995 liceat

426 3030 507 3091 de
544 3038 897 3111 amputare,
941 3030 1311 3112 nullamque
1353 3031 1607 3112 penitus
1648 3032 1923 3094 occasio·
1960 3028 2004 3093 C
2035 3027 2220 3090 nobis
2261 3028 2436 3090 iratis
2475 3045 2652 3090 orare
2691 3035 2802 3089 aut
2842 3047 3061 3110 preces
3092 3030 3221 3090 Deo
3249 3028 3523 3109 offerre3

428 3146 579 3188 nem
610 3134 721 3189 aut
750 3146 1006 3189 causam
1040 3128 1492 3209 indignationis
1524 3149 1773 3191 servare
1800 3150 1813 3193 :
1842 3150 1922 3192 ne

427 3224 585 3285 dum
623 3223 926 3304 jubemur
968 3224 1154 3286 irasci
1185 3243 1332 3286 cum
1366 3244 1575 3299 causa,
1610 3226 1923 3288 intromit-

426 3328 601 3383 tatur
648 3321 832 3384 nobis
881 3322 1133 3384 occasio
1182 3322 1493 3384 irascendi
1543 3324 1736 3385 etiam
1786 3325 1923 3386 sine

426 3438 638 3481 causa.
674 3419 984 3492 Quoniam
1030 3420 1351 3501 patientiae
1396 3420 1548 3482 finis
1593 3440 1704 3483 seu
1754 3441 1924 3483 man-

426 3516 786 3577 suetudinis
832 3516 1123 3578 consistit
1169 3535 1294 3579 non
1346 3518 1411 3578 in
1459 3518 1786 3581 irascendo
1826 3518 1925 3598 ju-

424 3622 545 3687 ste,
590 3614 700 3675 scd
752 3614 816 3673 in
868 3614 1123 3695 penitus
1177 3633 1303 3677 non
1355 3616 1700 3680 irascendo.
1750 3618 1925 3681 Licet

424 3713 547 3774 hoc
592 3712 806 3793 ipsum
850 3712 1020 3793 quod
1062 3712 1317 3787 dicitur,
1363 3714 1509 3775 Sine
1552 3733 1761 3789 causa,
1805 3717 1923 3778 sci-

420 3830 527 3873 am
562 3830 599 3871 a
635 3809 1023 3892 quibusdam
1064 3812 1149 3873 ita
1185 3813 1439 3893 exponi,
1474 3813 1642 3894 quod
1681 3814 1925 3876 scilicet

421 3909 476 3971 is
523 3909 661 3971 sine
712 3928 903 3971 causa
952 3910 1266 3984 irascitur,
1310 3910 1413 3971 cui
1468 3911 1629 3973 irato
1676 3930 1802 3973 non
1852 3913 1923 3974 li-

420 4016 525 4068 cet
572 4016 872 4088 expetere
923 4007 1250 4069 ultionem.
1298 4008 1517 4069 Melius
1568 4016 1778 4069 tamen
1827 4016 1923 4070 est

420 4104 513 4166 ita
543 4112 782 4180 tencre,
816 4106 982 4168 sicut
1012 4105 1261 4168 novella
1298 4106 1686 4188 exemplaria
1727 4107 1925 4168 multa

2033 3136 2225 3208 atque
2289 3145 2416 3207 prae
2474 3125 2774 3188 omnibus
2829 3125 3066 3207 jugiter
3127 3128 3524 3190 considerare

2034 3226 2350 3286 incertum
2396 3231 2630 3285 statum
2675 3223 3058 3286 conditionis
3103 3224 3416 3301 humanae,
3462 3233 3525 3288 et

2033 3323 2291 3384 credere
2349 3322 2516 3404 quod
2578 3322 2779 3383 simus
2836 3320 3051 3383 forsan
3109 3322 3393 3403 quotidie
3447 3323 3526 3385 de

2033 3438 2298 3503 corpore
2353 3420 2701 3500 migraturi,
2751 3426 2942 3500 atque
2994 3419 3383 3500 perpendere
3432 3420 3527 3481 ni-

2032 3517 2125 3579 hil
2180 3516 2425 3599 praemii
2475 3515 2932 3577 conferendum
2982 3515 3166 3579 nobis
3223 3534 3362 3578 esse
3411 3535 3526 3598 pro

2033 3614 2424 3679 continentia
2462 3614 2787 3688 castitati5‚
2823 3632 2937 3695 pro
2975 3614 3525 3677 abrenuntiatione

2032 3715 2322 3778 omnium
2367 3712 2762 3784 facultatum,
2807 3730 2922 3793 pro
2965 3711 3334 3773 divitiarum
3376 3730 3524 3775 con-

2033 3820 2427 3894 temptu,pro
2453 3810 2840 3892 jejuniorum
2872 3829 2944 3871 ac
2975 3810 3331 3892 vigiliarum
3363 3808 3530 3874 labo-

2032 3910 2234 3984 ribuS,
2269 3910 2320 3971 si
2361 3907 2441 3970 ab
2482 3908 2574 3971 ira
2603 3908 2956 3981 vincamur,
2990 3907 3225 3988 quibus
3266 3916 3524 3990 propter

2033 4006 2427 4069 iracundiam
2478 4006 2673 4068 solam
2724 4013 2786 4067 et
2830 4005 3048 4067 odium
3093 4006 3524 4087 praedicuntur

2032 4125 2070 4169 a
2107 4106 2328 4169 Iudice
2372 4104 2813 4167 universorum
2855 4110 3089 4166 aeterna
3130 4102 3463 4185 supplicia.
