4359 6267
1704 483 1768 528 IN
1769 481 1890 527 DEX
1932 480 2268 529 GBNRRALIS

435 658 736 721 camno
789 670 1139 719 monacum
1194 644 1485 733 (Abbatis
1540 650 1786 714 Chaere·

515 746 724 809 monis
755 744 1078 823 secunda).
1113 744 1200 805 De
1231 741 1514 805 castitate
1580 793 1591 805 .
1674 794 1685 805 .
1765 792 1777 804 .
1818 748 1920 804 281

433 923 762 996 Capitulum
796 924 835 977 Ι.
868 920 1222 979 Prooemium
1301 961 1778 975 ......
1817 918 1921 973 281

429 1012 757 1086 Capitulum
790 1013 856 1067 11.
889 1012 968 1067 De
997 1026 1234 1082 corpore
1265 1007 1481 1083 peccati
1512 1010 1569 1065 et
1597 1023 1783 1064 mem·

497 1100 618 1157 bris
663 1104 790 1173 ejus
831 1140 1775 1155 ...........
1817 1096 1919 1152 281

429 1190 758 1263 Capitulum
803 1190 895 1245 111.
927 1190 1006 1246 De
1051 1186 1495 1244 mortificatione
1539 1185 1783 1243 fornica-

493 1278 672 1335 tionis
699 1282 756 1335 et
794 1276 1190 1334 immunditia}
1213 1318 1780 1333 .......
1817 1275 1924 1329 282

423 1366 756 1440 Capitulum
797 1365 888 1422 1v.
921 1365 1087 1431 Quod
1127 1364 1290 1421 labor
1325 1364 1620 1422 humanus
1663 1378 1781 1419 non

493 1455 747 1511 sufficiat
792 1455 866 1511 ad
915 1453 1364 1527 promerendam
1422 1450 1783 1507 castimoniae

496 1544 809 1617 puritatem
829 1585 1776 1600 ...........
1817 1541 1924 1596 282

421 1633 757 1707 Capitulum
805 1634 870 1687 V.
904 1633 982 1690 De
1029 1631 1277 1689 utilitate
1319 1630 1783 1704 impugnationis

494 1740 628 1796 quoe
659 1725 970 1796 generatur
994 1721 1210 1779 fervore
1241 1720 1686 1777 incentivorum.
1767 1762 1778 1774 .
1817 1719 1923 1774 283

422 1812 756 1885 Capitulum
810 1812 902 1867 VI.
956 1812 1120 1876 Quod
1179 1809 1457 1883 patientia
1509 1809 1780 1865 ardorem

495 1900 900 1957 fornicationis
925 1899 1262 1973 exstinguat
1301 1942 1779 1955 ......
1819 1897 1926 1953 284

423 1990 751 2069 Capitulum
783 1990 898 2045 Vll.
932 1990 1008 2046 De
1050 1986 1391 2045 differentiis
1419 1991 1476 2045 et
1506 1986 1785 2060 gradibus

493 2078 778 2136 castitatis
829 2117 1777 2135 ...........
1819 2075 1927 2129 285

423 2167 754 2241 Capitulum
803 2170 948 2224 Vlll.
995 2168 1158 2234 Quod
1205 2166 1489 2239 inexperti
1537 2168 1784 2221 tractare

499 2275 616 2314 non
650 2258 874 2330 possint
911 2259 981 2315 de
1011 2260 1222 2326 natura
1261 2255 1542 2314 castitatis
1577 2258 1634 2311 et
1660 2258 1785 2326 ejus

499 2348 708 2404 effectu
741 2388 1780 2403 ............
1820 2344 1929 2398 286

430 2435 763 2508 Capitulum
795 2437 885 2493 IX.
920 2434 1317 2509 iuterrogatio,
1349 2452 1422 2491 an
1451 2434 1628 2492 etiam
1659 2434 1787 2490 dor-

499 2526 749 2583 mientes
779 2524 1072 2598 possimus
1107 2526 1346 2583 evadere
1378 2524 1634 2598 corporis
1663 2539 1784 2579 mo-

501 2618 626 2669 tum
654 2657 1780 2671 .............
1821 2612 1927 2667 287

432 2703 762 2776 Capitulum
793 2706 858 2761 Χ.
889 2702 1224 2777 Responsio,
1257 2704 1412 2777 quod
1448 2701 1629 2759 motio
1666 2719 1787 2759 car-

503 2792 595 2848 nis
641 2793 986 2866 contingens
1033 2792 1092 2849 in
1134 2809 1360 2859 somno,
1395 2808 1510 2849 non
1550 2792 1787 2865 deroget

509 2882 758 2939 castitati
837 2925 1780 2939 ...........
1821 2883 1929 2937 288

434 2971 766 3043 Capitulum
815 2973 903 3028 XI.
937 2972 1087 3038 Quid
1134 2971 1362 3029 intersit
1408 2971 1558 3028 inter
1603 2970 1783 3026 conti-

501 3060 765 3117 nentiam
795 3064 852 3117 et
881 3062 1207 3118 castitatem
1215 3103 1780 3117 .......
1821 3060 1930 3115 288

431 3149 760 3221 Capitulum
805 3151 922 3206 XII.
949 3152 1032 3207 De
1072 3149 1436 3207 mirabilibus
1479 3167 1609 3223 quae
1655 3166 1788 3221 ope-

503 3243 668 3296 ratur
692 3239 978 3298 Dominus
1007 3239 1067 3295 in
1098 3239 1324 3296 Sanctis
1362 3240 1502 3297 suis.
1582 3284 1594 3295 .
1675 3283 1687 3295 .
1771 3283 1782 3295 .
1823 3241 1930 3297 289

432 3326 760 3400 Capitulum
812 3328 952 3383 Xlll.
985 3328 1148 3394 Quod
1200 3328 1573 3385 dulcedinem
1617 3328 1786 3385 casti-

500 3416 633 3472 tatis
664 3433 778 3472 uon
812 3420 1148 3489 agnoscant,
1181 3416 1292 3473 nisi
1323 3418 1422 3489 qui
1452 3434 1582 3474 eam
1613 3436 1783 3491 expe-

499 3501 737 3558 riuntur
741 3545 1778 3560 ............
1819 3504 1928 3561 290

429 3589 758 3662 Capitulum
804 3591 940 3646 XIV.
991 3591 1242 3657 Quaestio
1287 3593 1358 3649 de
1405 3591 1684 3664 qualitate
1728 3596 1786 3649 et

499 3682 762 3752 tempore
793 3678 1198 3747 continentum
1230 3684 1286 3737 et
1315 3680 1373 3736 in
1406 3697 1520 3753 quo
1549 3681 1782 3737 castitas

495 3768 693 3841 perfici
721 3768 899 3841 possit
932 3812 1776 3827 ..........
1819 3772 1921 3827 291

425 3856 757 3929 Capitulum
788 3857 898 3912 XV.
931 3858 1248 3930 Responsio
1286 3860 1362 3915 ad
1398 3859 1780 3931 quaestionem

496 3946 798 4002 inductam
834 3988 1775 4005 ...........
1817 3951 1921 4005 291

425 4034 758 4106 Capitulum
789 4036 926 4091 XVI.
959 4035 1038 4092 De
1067 4036 1180 4093 fine
1209 4040 1382 4109 atque
1406 4038 1668 4095 remedio
1695 4056 1784 4096 ca-

497 4123 708 4179 stItatis
740 4167 1776 4184 ............
1817 4129 1919 4184 291

425 4299 723 4363 Consano
770 4317 1222 4365 Tanrunscma
1269 4303 1563 4384 (Abbatis
1617 4304 1786 4368 Chae-

505 4389 786 4453 remonis
818 4391 1046 4471 tertia).
1086 4393 1172 4454 De
1203 4393 1599 4474 protectione
1629 4394 1740 4457 Dei
1767 4447 1778 4459 .
1818 4405 1926 4460 293

425 4565 754 4638 Capitulum
796 4569 834 4623 Ι.
867 4568 1221 4627 Prooemium
1301 4614 1776 4629 ......
1819 4575 1924 4630 293

424 4654 754 4726 Capitulum
784 4657 850 4711 II.
882 4658 1281 4731 lutei-rogatio,
1306 4675 1412 4716 cur
1439 4659 1649 4718 merita
1674 4662 1784 4718 vir·

493 4746 686 4801 tutum
734 4761 854 4802 non
901 4748 1311 4805 adscribantur
1357 4748 1663 4807 industria}
1703 4750 1780 4807 la-

493 4834 755 4891 borantis
823 4878 1774 4897 ...........
1815 4843 1921 4898 293

421 4922 750 4995 Capitulum
786 4926 875 4979 Ill.
913 4927 1244 5000 Responsio,
1277 4930 1434 5001 quod
1465 4930 1588 4987 sine
1617 4932 1780 5005 adju-

489 5012 638 5069 torio
669 5012 767 5069 Dei
799 5029 905 5070 nec
932 5015 1213 5073 castitatis
1244 5018 1518 5090 perfectio
1549 5036 1654 5077 nec
1672 5020 1778 5076 ali-

489 5102 630 5173 quid
661 5102 1026 5161 meritorium
1057 5122 1179 5162 esse
1211 5107 1392 5178 possit
1481 5152 1492 5164 .
1573 5154 1584 5165 .
1665 5154 1676 5165 .

418 5190 748 5264 Capitulum
782 5193 870 5247 IV.
905 5194 1182 5267 Objectio,
1211 5200 1505 5269 quomodo
1533 5200 1775 5271 gentiles

489 5280 706 5353 absque
738 5280 924 5352 gratia
949 5282 1049 5340 Dei
1088 5285 1498 5343 castimoniam
1537 5288 1771 5345 habuis·

3406 466 3529 530 497

2104 665 2164 706 se
2205 647 2477 706 dicantur
2539 693 3384 708 ..........
3424 650 3532 708 294

2031 737 2363 809 Capitulum
2417 739 2479 794 V.
2529 740 2843 812 Responsio
2890 742 2961 798 de
3016 740 3390 814 philosopho-

2101 844 2238 884 rum
2268 826 2619 899 imaginaria
2642 829 2902 887 castitate
2908 872 3384 887 ......
3424 829 3533 885 294

2033 915 2363 987 Capitulum
2405 917 2493 970 VI.
2528 918 2690 982 Quod
2730 918 2853 975 sine
2894 919 3080 991 gratia
3116 919 3215 977 Dei
3260 920 3389 977 nul-

2101 1005 2191 1061 los
2220 1009 2461 1063 conatus
2495 1006 2777 1064 naturalis
2815 1007 3121 1065 industriae
3147 1009 3386 1081 exsequi

2100 1093 2401 1150 valeamus
2443 1137 3383 1153 ...........
3424 1099 3533 1155 295

2032 1182 2363 1256 Capitulum
2421 1185 2671 1241 V11.De
2732 1186 3040 1260 principali
3096 1187 3389 1261 proposito

2102 1272 2224 1337 Dei,
2254 1276 2309 1329 et
2337 1272 2699 1346 providentia
2728 1274 3197 1348 quotidiana..

2032 1360 2363 1434 Capitulum
2401 1363 2543 1419 VIII.
2577 1363 2655 1420 De
2694 1364 2880 1436 gratia
2918 1364 3037 1432 Dei,
3069 1367 3128 1422 et
3163 1320 3387 1423 arbitrii

2103 1448 2367 1507 libertate
2437 1495 3382 1511 ...........
3422 1456 3532 1513 296

2032 1538 2362 1611 Capitulum
2394 1541 2481 1595 IX.
2514 1542 2679 1607 Quod
2710 1542 2860 1599 Deus
2894 1541 3139 1615 inspiret
3165 1543 3389 1602 deside-

2101 1626 2191 1684 ria
2218 1631 2437 1694 sancta,
2470 1632 2526 1685 et
2550 1630 2881 1687 occasiones
2910 1634 3142 1702 praestet
3168 1632 3383 1690 salutis.
3424 1635 3532 1691 297

2032 1716 2362 1789 Capitulum
2394 1718 2460 1773 X.
2484 1719 2561 1774 De
2584 1716 2922 1776 infirmitate
2946 1719 3111 1777 liberi
3142 1721 3385 1779 arbitrii.
3425 1724 3533 1780 298

2033 1810 2362 1882 Capitulum
2389 1811 2481 1867 Xl.
2504 1812 2710 1869 Utrum
2739 1812 3097 1870 voluntatem
3129 1818 3389 1872 nostram

2105 1898 2321 1955 bonam
2342 1901 2632 1972 praecedat
2651 1917 2725 1956 an
2753 1904 3029 1973 sequatur
3050 1903 3236 1975 gratia
3264 1904 3385 1961 Dei.
3426 1906 3535 1961 298

2034 1987 2367 2059 Capitulum
2406 1990 2523 2045 Xll.
2554 1990 2891 2062 Indigemus
2933 1990 3130 2047 divino
3171 1992 3391 2049 auxilio

2108 2078 2182 2132 ad
2212 2078 2601 2134 exercendum
2634 2095 2779 2151 opus
2816 2079 3021 2136 salutis
3095 2121 3108 2135 .
3189 2125 3201 2137 .
3282 2126 3293 2137 .
3376 2084 3535 2139 ,299

2035 2165 2367 2237 Capitulum
2423 2167 2563 2222 Xlll.
2624 2169 2789 2233 Quod
2850 2167 3093 2225 humani
3150 2174 3393 2228 conatus

2107 2271 2484 2327 compensare
2515 2272 2633 2312 non
2663 2257 2888 2330 possint
2917 2259 3165 2331 gratiam
3196 2259 3295 2317 Dei
3373 2304 3386 2316 .
3426 2262 3535 2317 300

2035 2343 2367 2416 Capitulum
2420 2345 2557 2400 XIV.
2618 2346 2864 2402 Summa
2920 2350 3133 2404 nostrae
3186 2348 3391 2405 salutis

2107 2433 2443 2506 deputanda
2470 2436 2557 2491 est
2582 2434 2795 2493 coelesti
2828 2436 3029 2508 gratiae
3095 2480 3109 2493 .
3189 2482 3201 2494 .
3281 2483 3293 2495 .
3374 2483 3385 2495 .
3427 2440 3530 2495 301

3371 1278 3531 1335 ,296

2037 2614 2335 2677 Consano
2364 2630 2840 2686 Quanrsnacma
2869 2614 3159 2696 (Abbatis
3188 2617 3398 2680 Neste-

2117 2703 2271 2766 rotis
2302 2704 2553 2785 prima).
2587 2703 2676 2764 De
2706 2704 2973 2767 scientia
3001 2704 3319 2786 spirituali
3370 2759 3383 2771 .
3426 2715 3533 2773 302

2037 2877 2367 2951 Capitulum
2417 2880 2455 2934 1.
2490 2879 2567 2935 De
2616 2877 2925 2951 multiplici
2964 2894 3171 2952 genere
3210 2880 3391 2938 scien-

2109 2967 2325 3024 tiarum
2352 3010 3387 3027 ............
3428 2971 3536 3028 302

2038 3056 2366 3130 Capitulum
2397 3058 2466 3113 11.
2498 3059 2576 3114 De
2605 3058 3099 3131 apprehendenda
3125 3057 3391 3131 spiritua·
3516 3062 3523 3067 ’

2110 3145 2255 3202 lium
2286 3161 2483 3202 rerum
2515 3146 2844 3219 cognitione
2903 3189 3386 3205 ......
3428 3149 3535 3205 302

2038 3235 2367 3308 Capitulum
2419 3235 2511 3290 Ill.
2544 3237 2709 3301 Quod
2756 3236 2999 3293 actualis
3045 3236 3289 3295 scientia
3331 3236 3391 3294 in

2107 3325 2335 3382 duobus
2370 3324 2646 3381 consistat
2723 3368 3386 3385 ........
3429 3328 3535 3385 302

2036 3414 2367 3488 Capitulum
2400 3414 2487 3469 IV.
2531 3415 2695 3479 Quod
2734 3416 2977 3472 actualis
3014 3415 3133 3473 vita
3174 3417 3392 3475 derive-

2106 3509 2203 3562 tur
2230 3504 2387 3561 circa
2426 3504 2642 3561 multas
2679 3504 3065 3578 professiones
3092 3509 3149 3562 et
3176 3508 3387 3565 studia.
3428 3509 3535 3567 303

2033 3594 2364 3667 Capitulum
2396 3595 2458 3650 V.
2484 3595 2561 3652 De
2592 3599 2838 3668 arreptae
2868 3594 3243 3667 professionis
3272 3614 3396 3670 per-

2105 3683 2447 3741 severantia.
2534 3728 3385 3745 ..........
3427 3690 3534 3746 303

2033 3773 2363 3846 Capitulum
2393 3776 2485 3829 Vl.
2518 3775 2596 3831 De
2634 3774 3111 3848 imperfectorum
3152 3776 3391 3834 instabi-

2103 3860 2264 3918 litate
2289 3865 2347 3919 et
2374 3862 2693 3920 mutatione
2718 3907 3384 3923 ........
3427 3869 3537 3925 304

2033 3950 2364 4023 Capitulum
2405 3952 2521 4006 Vll.
2558 3951 2905 4023 Exemplum
2955 3953 3237 4010 castitatis
3274 3972 3389 4027 quo

2104 4041 2343 4096 docetur
2390 4055 2507 4095 non
2557 4040 2759 4096 omnia
2808 4056 2931 4098 esse
2987 4043 3060 4099 ab
3113 4044 3389 4102 omnibus

2105 4128 2439 4185 aemulanda
2528 4170 3382 4191 ..........
3424 4136 3534 4193 304

2033 4218 2362 4291 Capitulum
2394 4220 2535 4275 Vlll.
2568 4220 2646 4275 De
2676 4216 2964 4291 spirituali
2995 4220 3237 4278 scientia
3278 4267 3289 4279 .
3370 4268 3382 4280 .
3424 4226 3533 4282 305

2033 4307 2363 4379 Capitulum
2413 4308 2501 4363 IX.
2554 4309 2718 4373 Quod
2767 4309 2839 4367 de
2884 4310 3095 4368 actuali
3148 4310 3392 4369 scientia

2103 4394 2441 4467 proficiatur
2477 4398 2553 4454 ad
2592 4395 2955 4469 spiritualem
2998 4444 3381 4458 .....
3424 4404 3531 4459 306

2033 4484 2362 4557 Capitulum
2392 4487 2455 4543 X.
2480 4487 2558 4543 De
2586 4486 3079 4559 apprehendenda
3107 4507 3256 4547 verae
3284 4491 3393 4559 sci-

2103 4574 2275 4630 entiae
2312 4574 2619 4647 disciplina
2626 4619 3382 4639 .........
3424 4583 3532 4639 307

2032 4662 2363 4735 Capitulum
2425 4665 2515 4720 XI.
2576 4664 2654 4722 De
2712 4665 3023 4739 multiplici
3089 4667 3389 4729 intellectu

2102 4752 2417 4825 Scripturae
2440 4797 3380 4817 ...........
3424 4761 3532 4818 308

2031 4843 2360 4915 Capitulum
2393 4843 2507 4899 XII.
2541 4844 2937 4917 Interrogati0‚
2971 4847 3223 4919 qualiter
3257 4867 3389 4921 pos-

2102 4932 2176 4987 sit
2224 4934 2297 4987 ad
2355 4931 2705 4989 oblivionem
2753 4934 3123 4991 saecularium
3178 4937 3386 4993 carmi-

2101 5040 2245 5079 num
2276 5022 2563 5094 perveniri
2626 5066 3379 5085 .........
3422 5030 3528 5087 309

1759 5156 1770 5167 .
1813 5113 1919 5168 293
2027 5112 2359 5185 Capitulum
2406 5112 2547 5166 Xlll.
2594 5110 2927 5182 Responsio,
2973 5112 3222 5184 qualiter
3263 5133 3383 5173 me-

2101 5201 2351 5258 moriam
2382 5200 2587 5257 talium
2610 5198 2941 5256 carminum
2970 5202 3262 5273 possimus
3290 5207 3386 5261 ab·

2097 5292 2250 5348 olere
2338 5332 3374 5350 ............
3416 5296 3524 5353 309
