4359 6267
1323 518 1402 565 DE
1443 519 1772 565 INSTITUTIS
1815 520 1898 564 SS.
1935 520 2197 565 PATRmt.
2240 538 2320 548 —
2360 521 2537 567 LIBER
2576 521 2619 566 11
3447 502 3525 567 27

423 682 722 746 volumus
785 686 1091 749 excedere
1153 688 1414 750 modum
1474 706 1512 749 a
1568 688 1919 769 majoribus
1949 687 2002 750 A

421 780 777 863 antiquitus
820 784 1206 857 institutum,
1241 794 1661 867 supputantes
1701 804 1921 848 nume-

425 897 570 940 rum
631 881 1036 944 residuorum
1101 884 1515 965 psalmorum,
1580 885 1658 945 ad
1720 883 1920 946 finem

423 978 682 1041 tendere
742 998 1180 1061 perurgemuS,
1233 983 1310 1044 de
1365 982 1712 1045 refectione
1772 982 1919 1043 lassi

424 1076 708 1157 corporis
749 1077 961 1159 potius
995 1080 1362 1159 cogitantes,
1396 1100 1590 1163 quam
1619 1080 1921 1143 orationis

424 1172 767 1237 utilitatem
805 1193 878 1238 ac
909 1178 1242 1240 commoda
1281 1179 1696 1259 requirentes.
1731 1179 1920 1240 Porro

423 1272 594 1351 apud
635 1272 775 1336 illos
822 1292 952 1337 non
990 1274 1078 1336 ita
1119 1283 1236 1349 est,
1278 1277 1387 1339 sed
1428 1284 1769 1358 antequam
1809 1276 1921 1339 fle-

424 1378 599 1431 ctant
634 1390 861 1451 genua,
894 1382 1074 1435 orant
1112 1374 1458 1456 paulisper,
1491 1382 1554 1437 et
1591 1376 1813 1437 stando
1852 1374 1918 1436 in

425 1468 708 1531 oratione
740 1470 1048 1550 majorem
1079 1473 1384 1553 temporis
1415 1480 1658 1555 partem
1691 1492 1920 1555 expen-

425 1568 623 1645 dunt3
663 1575 852 1650 atque
891 1576 1032 1650 post
1080 1569 1213 1633 haec
1251 1569 1635 1635 brevissimo
1682 1580 1921 1653 puncto

426 1666 828 1747 procidentes
881 1668 945 1728 in
995 1674 1228 1730 terram
1276 1677 1340 1731 et
1386 1670 1717 1732 adorantes
1765 1670 1922 1731 divi-

425 1783 576 1825 nam
619 1764 1046 1839 clementiam,
1081 1767 1481 1829 velocissime
1518 1776 1805 1849 surgunt,
1848 1787 1920 1830 ac

2436 745 2939 809 CAPITULUM
3001 746 3121 808 IX.

2027 900 2112 955 De
2139 900 2309 955 modo
2338 906 2395 955 et
2422 906 2587 956 statu
2614 902 2940 965 orationi-3,
2970 902 3043 956 de
3072 916 3187 973 quo
3223 902 3292 955 in
3330 900 3526 957 Colla-

2101 990 2373 1045 tionibus
2428 991 2683 1047 Patr-um
2730 992 2978 1063 plenior
3031 996 3379 1046 reservatur
3434 992 3527 1045 in-

2100 1080 2374 1135 structio.

2162 1275 2209 1337 T
2253 1274 2555 1356 quoniam
2598 1277 2751 1339 ordo
2800 1278 3175 1340 narrationis
3226 1279 3523 1359 perduxit

2179 1391 2295 1436 nos
2340 1375 2419 1436 ad
2470 1375 2731 1437 modum
2786 1376 3146 1438 orationum
3196 1377 3526 1440 canonica-

2030 1490 2173 1533 rum
2221 1480 2682 1552 consequenter
2741 1473 3198 1548 institutarum,
3252 1494 3523 1556 quarum

2029 1576 2367 1631 tractatum
2405 1572 2699 1651 quamvis
2738 1590 3135 1635 reservemus
3167 1574 3526 1636 Collationi-

2032 1665 2152 1728 bus
2199 1668 2545 1742 seniorum,
2579 1669 2817 1731 ibidem
2863 1671 3009 1733 inde
3053 1672 3305 1754 plenius
3358 1672 3527 1733 locu-

2031 1764 2157 1826 turi
2212 1784 2414 1847 quum
2469 1768 2547 1829 de
2599 1786 2817 1829 earum
2868 1768 3170 1849 qualitate
3227 1788 3339 1831 seu
3392 1789 3529 1851 per-

427 1879 648 1924 rursus
705 1862 922 1937 erecti,
974 1864 1106 1925 suis
1165 1865 1558 1927 orationibus
1615 1866 1920 1928 intentius
1957 1868 2005 1930 B
2034 1862 2339 1941 potuitate
2392 1863 2563 1945 loqui
2614 1865 2997 1944 coeperimus
3044 1884 3122 1926 ex
3167 1865 3379 1927 verbis
3428 1883 3531 1928 eo-

429 1959 850 2023 immorantur
879 1962 1173 2043 expansis
1210 1964 1504 2026 manibus
1535 1966 1758 2027 eodem
1792 1983 1921 2027 mo·

427 2057 511 2120 do
570 2076 698 2140 quo
759 2068 944 2122 antea
1002 2061 1227 2123 stando
1287 2070 1557 2124 oranteS.
1619 2063 1924 2125 Asserunt

429 2175 708 2239 namque
737 2157 803 2219 in
833 2166 1066 2221 terram
1096 2166 1481 2240 prostratum
1513 2160 1774 2233 diutiuS,
1795 2177 1922 2222 non

430 2254 638 2317 solum
676 2256 923 2336 gravari
961 2273 1207 2330 somn0,
1241 2258 1350 2319 sed
1385 2259 1575 2320 etiam
1617 2258 1926 2320 distracti-

430 2352 662 2415 onibus
713 2354 964 2416 mentiS.
1007 2355 1184 2428 Quod
1227 2374 1449 2417 verum
1493 2374 1632 2418 esse
1680 2357 1924 2417 utinam

431 2468 558 2513 non
603 2451 796 2515 etiam
833 2452 1226 2534 experientia
1265 2462 1330 2515 et
1370 2455 1740 2535 quotidiana
1782 2473 1927 2517 con-

431 2549 768 2611 suetudine
799 2567 1229 2625 nosceremuS,
1249 2551 1360 2633 qui
1393 2552 1757 2633 frequenter
1789 2570 1928 2634 pro-

431 2648 803 2710 strationem
838 2648 904 2710 in
937 2656 1168 2712 terram
1208 2651 1566 2733 prolongari
1607 2656 1923 2732 optamuS,

432 2763 560 2807 non
593 2752 721 2807 tam
752 2746 1055 2810 orationis
1095 2756 1156 2809 et
1187 2748 1540 2810 devotionis
1571 2767 1763 2830 quam
1796 2765 1929 2809 cor-

432 2844 668 2925 poralis
699 2845 1161 2927 repausationis
1195 2847 1449 2909 intuitu.
1476 2848 1681 2920 Quum
1711 2855 1926 2909 autem

431 2942 490 3003 is
537 2942 645 3025 qui
696 2942 1048 3006 orationem
1101 2943 1404 3006 finiturus
1463 2953 1579 3018 est,
1631 2946 1709 3006 de
1764 2953 1930 3007 terra

2034 1979 2198 2033 rum,
2233 1962 2662 2024 necessarium
2697 1970 2905 2024 tamen
2936 1963 3209 2026 arbitror
3238 1964 3431 2027 etiam
3464 1965 3531 2026 in

2034 2057 2329 2137 praesenti
2374 2058 2452 2120 de
2495 2061 2615 2121 hoc
2665 2078 2867 2141 pauca
2913 2062 3340 2143 perstringere
3390 2081 3533 2144 pro-

2033 2162 2172 2236 pter
2220 2156 2763 2236 opportunitatem
2819 2157 2938 2220 loci
2986 2165 3176 2240 atque
3226 2160 3529 2223 narratio-

2030 2253 2145 2325 nis,
2162 2254 2455 2334 quoniam
2487 2254 2572 2316 ita
2602 2274 2669 2316 se
2699 2254 2890 2317 offert
2919 2257 3202 2320 occasio:
3222 2266 3530 2339 quatenus

2033 2348 2293 2411 interim
2358 2351 2792 2414 describentes
2853 2354 3184 2417 exterioris
3252 2355 3529 2417 hominis

2031 2455 2266 2522 motuS,
2300 2456 2363 2511 et
2393 2450 2576 2531 quasi
2616 2449 3029 2514 fundamenta
3065 2454 3355 2534 quaedam
3396 2470 3531 2515 ora-

2033 2546 2223 2607 tionis
2273 2554 2605 2628 ponenteS,
2660 2548 2891 2611 minori
2944 2550 3156 2612 labore
3208 2558 3349 2633 post
3397 2551 3531 2613 baec

2034 2644 2393 2706 orationum
2443 2646 2889 2709 celsitudinem
2940 2649 3280 2711 doceamus
3331 2668 3531 2730 quum

2035 2742 2115 2804 de
2176 2750 2343 2805 statu
2413 2743 2729 2806 interioris
2797 2746 3077 2808 hominis
3146 2748 3533 2829 coeperimus

2037 2847 2439 2921 pertractare.
2493 2841 2655 2903 lllud
2706 2844 2769 2904 in
2819 2844 3044 2926 primis
3104 2846 3530 2927 providenteS,

2039 2946 2110 2999 ut
2147 2938 2203 2999 si
2244 2956 2357 3001 nos
2398 2940 2794 3021 praeveniens
2836 2941 2987 3003 finis
3019 2943 3164 3005 vitae
3204 2942 3533 3025 praesentis

428 3040 800 3114 surrexerit,
855 3058 1076 3103 omnes
1137 3042 1372 3123 pariter
1428 3043 1781 3123 eriguntur,
1846 3043 1932 3105 ita
1967 3040 2010 3103 C
2040 3035 2381 3098 excluserit
2431 3037 2511 3098 ab
2561 3036 2670 3098 illa
2719 3040 3076 3101 narratione
3128 3041 3190 3101 in
3242 3040 3532 3103 Collatio-

429 3147 504 3201 ut
553 3139 770 3201 nullus
818 3148 1159 3221 praesumat
1206 3160 1413 3223 genua
1461 3140 1721 3203 flectere
1763 3148 1932 3202 ante-

429 3256 626 3319 quam
657 3237 765 3299 ille
797 3236 1144 3299 inclinetur
1174 3258 1286 3301 seu
1315 3258 1523 3320 genua
1553 3238 1790 3311 flectat,
1814 3257 1931 3300 nec

431 3336 502 3397 in
531 3335 953 3417 prostratione
983 3354 1238 3399 manere
1270 3345 1606 3419 postquam
1637 3336 1773 3418 ipse
1802 3355 1935 3398 sur-

431 3434 690 3507 rexerit,
723 3454 804 3497 ne
843 3434 1134 3497 videatur
1171 3437 1383 3518 potius
1422 3437 1746 3520 propriam
1794 3456 1933 3517 pre-

431 3550 576 3593 cem
609 3531 872 3605 fudisse,
903 3551 1095 3613 quam
1126 3534 1300 3597 illius
1330 3536 1681 3599 orationem
1712 3542 1776 3597 et
1807 3535 1934 3597 lau-

431 3630 586 3691 dem
629 3648 768 3693 esse
813 3640 1089 3693 secutus,

817 3920 1322 3985 CAPITULUM
1366 3921 1551 3985 VIII.

719 4094 803 4149 De
859 4094 1138 4149 oratione
1193 4099 1469 4167 sequente
1518 4100 1658 4166 post

1029 4182 1348 4254 psalmum.

521 4404 738 4468 LLUD
777 4423 1031 4487 quoque
1073 4424 1401 4488 nunquam
1440 4405 1505 4466 in
1537 4412 1666 4467 toto
1694 4405 1934 4467 oriente

539 4504 1011 4585 conspeximuS,
1075 4505 1244 4585 quod
1305 4504 1372 4565 in
1431 4504 1551 4566 ista
1608 4503 1937 4585 provincia

436 4601 745 4675 vidimuS,
791 4609 861 4663 ut
906 4618 1036 4663 uno
1083 4602 1402 4683 psalmum
1450 4608 1764 4675 cantante,
1807 4619 1939 4664 om-

437 4718 558 4763 nes
600 4699 714 4782 qui
760 4699 1010 4761 adstant
1053 4698 1120 4760 in
1167 4698 1301 4761 fine
1350 4700 1576 4780 psalmi
1626 4719 1774 4761 cum
1819 4700 1939 4761 ela·

438 4817 620 4863 more
667 4805 918 4861 cantent
969 4816 983 4861 :
1035 4797 1248 4861 Gloria
1300 4797 1487 4872 Patri,
1537 4807 1600 4861 et
1647 4798 1827 4871 Filio,
1877 4807 1938 4860 et

439 4898 712 4979 Spiritui
770 4896 1015 4958 Sancto.
1074 4894 1196 4958 Sed
1257 4895 1501 4975 psalmo
1554 4895 1636 4957 ab
1693 4913 1769 4958 eo
1828 4895 1938 4976 qui

439 5002 656 5059 cantat
703 4994 912 5069 finito,
961 4994 1244 5055 vidimus
1294 4992 1384 5053 ibi
1436 5012 1583 5055 cum
1627 4993 1802 5056 omni
1861 4993 1942 5055 si-

439 5094 644 5157 lentio
672 5092 1024 5155 orationem
1055 5090 1301 5173 psalmo
1331 5092 1691 5165 succedere,
1725 5100 1788 5153 et
1813 5091 1944 5171 glo-

437 5191 870 5255 rificationem
919 5206 1186 5251 summae
1226 5188 1550 5251 Trinitatis
1593 5208 1739 5251 cum
1784 5190 1943 5251 anti-

437 5291 658 5375 phona
699 5287 1140 5381 tantummodo
1181 5287 1537 5351 terminari.

2041 3133 2231 3194 nibus
2282 3142 2618 3215 praestante
2666 3136 2936 3199 Domino
2984 3136 3291 3211 facienda,
3343 3138 3531 3201 relin-

2041 3250 2311 3311 quamus
2356 3232 2580 3293 saltem
2630 3233 2812 3296 initia
2854 3234 2944 3295 rei
2988 3242 3118 3296 tam
3161 3237 3533 3300 necessariae

2042 3329 2226 3391 nobis
2258 3329 2322 3391 in
2353 3330 2649 3411 praesenti
2680 3349 2894 3412 opere,
2928 3333 3028 3395 his
3062 3333 3296 3414 quibus
3328 3342 3531 3397 totum

2041 3428 2294 3489 videtur
2323 3428 2572 3489 tardum
2612 3447 2724 3491 seu
2766 3430 2958 3492 nimis
2990 3430 3238 3493 differri
3281 3451 3410 3514 prae
3440 3452 3537 3494 ar-

2041 3526 2191 3588 dore
2244 3526 2544 3587 desiderii
2600 3526 2721 3601 sui,
2776 3536 2846 3589 ut
2895 3529 3046 3590 dum
3103 3529 3286 3593 nobis
3339 3530 3539 3592 tribu-

2044 3631 2237 3685 untur
2282 3624 2554 3687 induciae
2596 3624 2789 3706 hujus
2838 3625 3181 3701 dilationiS,
3229 3629 3536 3709 quasdam

2039 3723 2265 3785 saltem
2302 3723 2660 3786 orationum
2712 3724 2908 3787 lineas
2952 3726 3259 3810 tantisper
3308 3746 3537 3809 praeos-

2041 3820 2399 3893 tendamuS,
2451 3820 2685 3901 quibus
2735 3822 2984 3884 valeant
3030 3824 3391 3905 aliqualiter
3443 3825 3536 3887 in-

2040 3916 2302 3979 formari
2343 3918 2409 3979 hi
2452 3918 2724 3981 maxime
2764 3920 2875 3999 qui
2916 3920 2981 3981 in
3023 3921 3330 3985 coenobiis
3371 3940 3537 3985 com·

2041 4023 2388 4077 morantur.
2422 4015 2828 4078 Providentes
2856 4018 3051 4079 etiam
3089 4018 3189 4081 his
3220 4022 3331 4101 qui
3363 4022 3535 4086 hune

2041 4113 2280 4175 librum
2329 4112 2591 4175 forsitan
2642 4114 2848 4175 solum
2895 4115 3117 4189 visuri,
3168 4118 3245 4179 ad
3296 4119 3535 4181 librum

1963 4209 2014 4273 D
2042 4212 2461 4275 Collationum
2505 4212 2758 4273 Patrum
2802 4230 2931 4274 non
2974 4221 3271 4294 poterunt
3314 4234 3533 4297 perve-

2043 4311 2179 4373 nire
2216 4327 2229 4373 ε
2264 4318 2575 4394 quatenus
2608 4310 3026 4374 instructione
3059 4315 3375 4394 praesenti,
3412 4316 3533 4376 cir-

2045 4429 2117 4472 ca
2163 4410 2466 4472 orationis
2521 4408 2891 4491 qualitatem
2952 4411 3356 4473 inveniantur
3412 4412 3533 4474 sal-

2045 4515 2174 4569 tem
2225 4527 2302 4570 ex
2351 4515 2527 4589 parte
2585 4508 2832 4587 edocti3
2883 4516 2947 4571 et
2995 4509 3533 4590 quemadmodum

2045 4606 2122 4667 de
2179 4605 2429 4667 habitu·
2458 4613 2521 4668 et
2579 4606 2811 4667 vestitu
2870 4607 3198 4669 exterioris
3257 4608 3536 4671 bominis

2047 4711 2196 4764 sunt
2254 4703 2567 4777 instructi,
2620 4704 2712 4765 sic
2760 4704 2952 4766 etiam
3010 4704 3215 4767 sciant
3261 4706 3537 4789 qualiter

2045 4801 2124 4862 ad
2153 4800 2484 4863 offerenda
2512 4800 2867 4883 spiritualia
2904 4802 3222 4865 sacrificia
3251 4824 3400 4867 eum
3432 4807 3539 4868 de-

2048 4898 2238 4959 beant
2298 4898 2614 4959 exhibere.
2682 4898 2929 4961 Etenim
2989 4899 3055 4960 hi
3117 4900 3318 4964 libelli
3377 4922 3537 4985 quos

2049 5014 2242 5069 nunc,
2267 4995 2395 5057 Deo
2420 4995 2703 5075 juvante,
2734 4997 3078 5078 compilare
3110 5000 3535 5081 disponimuS,

2048 5094 2127 5155 ad
2156 5092 2485 5154 exterioris
2523 5092 2800 5155 hominis
2830 5093 3297 5158 observantiam
3330 5116 3539 5162 coeno-

2048 5190 2429 5279 biorumtque
2462 5190 2923 5253 institutionem
2956 5193 3165 5273 aptius
3196 5196 3535 5275 pertinent.

2049 5290 2239 5351 Porro
2276 5288 2420 5350 libri
2454 5288 2875 5352 Collationum
2916 5290 3117 5371 magis
3161 5293 3540 5374 spectabunt
