4359 6267
876 490 993 557 180

1594 520 2010 568 COLLATIONUM
2050 523 2135 568 SS.
2164 522 2409 568 pamm!
2449 522 2624 569 LIBER
2665 524 2705 569 1.
2751 542 2832 551 ·—
2871 523 3159 571 COLLATIO
3200 525 3260 570 1v

872 699 1092 746 versus
1152 686 1475 767 spiritum,
1536 689 1798 771 spiritus
1855 708 2006 753 vero
2061 691 2364 754 adversus
2396 689 2447 752 A
2475 690 2630 753 tiam
2661 692 2982 774 patientiae
3008 693 3347 775 possidere,
3371 692 3792 755 humilitatem
3819 708 3980 773 quo-

870 798 1129 845 carnem
1176 802 1191 846 :
1241 786 1374 849 haec
1425 788 1597 849 enim
1647 788 1769 851 sibi
1821 789 2096 851 invicem
2146 790 2367 852 adver-

868 887 1111 955 santur,
1146 891 1217 945 ut
1256 903 1379 947 non
1424 906 1843 969 quaecumque
1885 888 2100 961 vultiS‚
2136 888 2243 950 illa
2282 888 2369 950 fa-

869 976 1071 1041 ciatis.
1097 980 1245 1053 Quae
1276 992 1542 1066 utraque
1570 986 1883 1048 desideria
1912 986 2119 1048 carnis
2148 994 2213 1048 et
2243 988 2368 1069 spi-

869 1074 1030 1138 ritus
1060 1096 1259 1159 quum
1292 1082 1419 1143 sint
1450 1083 1515 1145 in
1547 1102 1676 1147 uno
1705 1084 2051 1165 eodemque
2082 1084 2362 1159 homine,

872 1173 1244 1239 intestinum
1285 1179 1525 1243 bellum
1558 1182 1723 1244 intra
1762 1201 1877 1246 nos
1916 1183 2159 1263 geritur
2189 1183 2363 1245 omni

871 1271 995 1345 die,
1030 1274 1183 1336 dum
1226 1280 1742 1358 concupiscentia
1784 1282 1993 1343 carnis
2031 1300 2171 1362 quae
2215 1300 2366 1362 prae-

872 1370 1215 1453 cipitanter
1256 1374 1459 1437 fert-ur
1498 1378 1577 1439 ad
1616 1379 1794 1452 vitia,
1841 1380 2071 1460 gaudet
2116 1379 2365 1441 deliciis

872 1488 1012 1550 quae
1041 1472 1119 1533 ad
1150 1482 1525 1553 praesentem
1561 1476 1879 1558 pertinent
1910 1478 2198 1559 requiem
2230 1495 2364 1541 cor-

873 1569 1152 1649 poralem
1200 1589 1213 1633 :
1260 1572 1495 1653 quibus
1542 1575 2059 1657 concupiscentia
2102 1576 2364 1657 spiritus

869 1666 1231 1744 adversanS,
1274 1670 1359 1732 ita
1401 1672 1715 1735 desiderat
1756 1672 2198 1755 spiritualibus
2240 1680 2366 1735 stu-

868 1763 991 1826 diis
1031 1766 1305 1829 totaliter
1344 1769 1671 1844 inhaerere,
1705 1778 1775 1832 ut
1813 1780 1987 1851 optet
2024 1771 2214 1833 etiam
2257 1790 2364 1833 ne-

2476 808 2600 871 que
2641 791 3119 873 apprehendere
3163 790 3502 853 Salvatoris
3545 791 3683 853 sine
3722 789 3980 870 jactura

2477 888 2782 950 mundani
2827 888 3108 963 honoriS,
3155 890 3379 952 sectari
3424 889 3616 951 etiam
3661 888 3979 970 simplici-

2477 994 2668 1048 tatem
2729 987 3052 1068 religionis
3111 1006 3258 1049 cum
3317 988 3592 1049 vanitate
3649 986 3980 1050 saecularis

2475 1084 2868 1160 ambitioniS,
2913 1093 2974 1147 et
3019 1086 3268 1149 Christo
3310 1087 3548 1148 servire
3591 1104 3738 1147 cum
3784 1085 3978 1147 laude

2477 1183 2810 1245 hominum
2857 1202 2931 1245 ac
2979 1184 3217 1257 favore,
3264 1184 3726 1247 districtionem
3775 1183 3980 1264 aequi·

2476 1281 2621 1342 tatis
2663 1299 2737 1343 ac
2765 1282 3048 1344 veritatis
3090 1283 3374 1364 proferre
3415 1282 3656 1363 absque
3693 1282 3978 1363 alicujus

2475 1378 2851 1453 offensione,
2898 1388 3240 1462 postremo,
3293 1380 3385 1443 sic
3441 1380 3749 1461 consequi
3805 1380 3980 1443 bona

2476 1477 2712 1553 futura,
2746 1485 2815 1539 ut
2846 1496 2969 1541 non
3010 1480 3259 1541 amittat
3301 1479 3654 1561 praesentia.
3689 1478 3840 1552 Quae
3871 1496 3980 1541 vo-

2477 1577 2686 1638 luntas
2715 1595 3043 1657 nunquam
3075 1576 3242 1639 sinet
3263 1595 3383 1639 nec
3406 1576 3597 1639 faciet
3620 1594 3736 1639 nos
3765 1577 3846 1639 ad
3873 1594 3978 1639 ve-

2475 1693 2611 1736 ram
2642 1674 3100 1757 perfectionem
3128 1675 3460 1756 attingere,
3493 1675 3604 1737 sed
3634 1675 3976 1737 collocabit

2476 1790 2592 1835 nos
2638 1772 2701 1834 in
2748 1773 3075 1836 teterrimo
3115 1775 3390 1855 quodam
3435 1780 3674 1854 tepore,
3711 1780 3773 1833 et
3818 1774 3978 1835 assi-

870 1863 1175 1925 cessarios
1224 1867 1431 1928 carnis
1480 1887 1632 1930 usus
1680 1868 2017 1931 excludere
2053 1886 2068 1947 3
2116 1869 2210 1931 sic
2259 1888 2363 1931 cu·
2399 1871 2448 1935 B
2478 1872 2726 1933 milabit
2753 1889 2869 1934 nos
2899 1872 2993 1933 illi
3023 1873 3129 1933 cui
3157 1873 3222 1933 in
3253 1872 3632 1954 Apocalypsi
3662 1871 3976 1934 Dominus

872 1960 1052 2041 piens
1111 1963 1550 2045 spiritualibus
1615 1966 1854 2047 jugiter
1909 1968 2232 2050 occupari,
2295 1976 2365 2030 ut

870 2065 1126 2140 appetat
1182 2062 1424 2124 nullam
1492 2082 1710 2126 curam
1770 2063 2094 2147 fragilitati
2154 2066 2363 2127 carnis

874 2156 1260 2237 impendere.
1316 2160 1471 2225 Caro
1519 2162 1789 2225 luxuriis
1846 2171 2036 2245 atque
2096 2163 2362 2226 libidine

871 2253 1241 2331 delectatur,
1274 2259 1537 2340 spiritus
1572 2278 1723 2323 vero
1763 2281 1878 2324 nec
1920 2262 2075 2344 ipsis
2116 2270 2366 2323 natura—

871 2351 1041 2414 libus
1071 2354 1401 2418 desideriis
1431 2358 1797 2439 acquiescit.
1824 2360 1982 2423 Caro
2009 2360 2187 2441 cupit
2219 2358 2366 2422 cibo

870 2469 945 2513 ac
988 2468 1212 2514 somno
1255 2455 1508 2535 repleri,
1552 2457 1815 2536 spiritus
1860 2457 2126 2538 Jejuniis
2173 2465 2364 2539 atque

872 2547 1109 2629 vigiliis
1138 2552 1473 2631 saginatur,
1494 2561 1562 2615 ut
1586 2555 1803 2617 cibum
1832 2575 1905 2618 ac
1936 2574 2233 2619 somnum
2265 2576 2368 2620 cu-

876 2647 1006 2729 piat
1044 2666 1170 2711 non
1211 2650 1545 2715 admittere
1588 2655 1666 2715 ad
1706 2656 2133 2717 necessarium
2175 2674 2364 2718 usum

872 2746 1037 2809 vitae.
1075 2747 1230 2810 Caro
1258 2750 1501 2831 appetit
1530 2752 1853 2815 abundare
1884 2753 2086 2835 copiis
2114 2754 2366 2815 univer-

873 2846 982 2920 εἰς,
1008 2846 1269 2929 spirit-us
1302 2867 1381 2911 ne
1413 2868 1641 2930 panem
1674 2852 1933 2933 quide-m
1966 2851 2103 2913 vult
2131 2851 2365 2914 hahere

872 2944 1193 3025 exiguum.
1245 2946 1399 3009 Caro
1443 2948 1620 3030 cupit
1666 2948 1931 3010 lavacris
1976 2949 2177 3011 nitida
2224 2949 2365 3011 fieri

2477 1969 2896 2052 increpatorie
2926 1970 3208 2051 loquitur
3231 1990 3244 2034 :
3270 1970 3414 2033 Scio
3442 1987 3636 2051 opera
3665 1976 3797 2041 tua,
3825 1970 3976 2050 quia

2474 2086 2592 2129 nec
2623 2066 2894 2147 frigidus
2933 2087 3000 2129 es
3041 2085 3159 2129 nec
3191 2067 3475 2143 calidus;
3508 2068 3755 2129 utinam
3794 2067 3975 2147 frigi-

2474 2165 2594 2227 dus
2623 2184 2794 2227 esses
2822 2173 2930 2227 aut
2955 2166 3229 2228 calidus!
3259 2184 3429 2228 nunc
3458 2174 3672 2228 autem
3704 2166 3860 2247 quia
3889 2174 3976 2227 te-

2476 2263 2665 2345 pidus
2694 2282 2780 2337 eS,
2805 2263 3110 2345 incipiam
3140 2272 3204 2327 te
3233 2282 3528 2327 evomere
3557 2284 3634 2326 ex
3665 2282 3776 2327 ore
3809 2283 3970 2327 meo,

2555 2360 2732 2423 Tales
2775 2379 2926 2442 ergo
2968 2378 3082 2423 nos
3124 2360 3276 2423 facit
3320 2362 3453 2425 haec
3497 2363 3812 2436 voluntas,
3846 2362 3978 2425 nisi

2477 2458 2643 2520 bella
2684 2458 3062 2521 altrinsecus
3109 2459 3501 2541 insurgentia
3543 2460 3978 2541 confregerint

2476 2557 2648 2618 hunc
2699 2557 3173 2639 tepidissimum
3224 2565 3479 2619 statum.
3527 2558 3771 2638 Nempe
3820 2559 3978 2621 dum

2475 2654 2986 2736 obtemperantes
3034 2655 3185 2717 huic
3225 2662 3456 2718 nostrae
3495 2654 3828 2729 voluntati,
3873 2674 3979 2719 vo-

2477 2753 2785 2814 luerimus
2816 2770 2932 2815 nos
2970 2754 3048 2815 ad
3082 2753 3246 2831 hanc
3281 2753 3722 2816 remissionem
3754 2754 3982 2836 paulu-

2478 2851 2610 2913 lum
2657 2850 2958 2925 relaxare,
3007 2851 3344 2913 confestim
3388 2852 3726 2932 insurgunt
3767 2852 3976 2914 aculei

2477 2948 2706 3020 carniS,
2746 2949 2857 3030 qui
2898 2966 3012 3011 nos
3054 2950 3185 3010 suis
3225 2948 3400 3011 vitiis
3441 2949 3980 3031 passionibusque

873 3051 936 3105 et
965 3045 1351 3124 quotidianis
1382 3046 1585 3108 turbis
1624 3047 2022 3109 adulantium
2056 3048 2369 3129 constipa-
2404 3048 2448 3112 C
2481 3047 2798 3119 laedenteS,
2835 3065 3233 3127 nequaquam
3280 3046 3651 3127 permittunt
3695 3064 3810 3109 nos
3855 3056 3981 3109 sta·

874 3140 951 3213 ri,
1004 3141 1265 3223 spiritus
1317 3145 1545 3224 gaudet
1602 3144 1903 3227 pauperie
1956 3146 2240 3207 sordium
2294 3166 2367 3208 ac

876 3239 1166 3301 vastitate
1199 3240 1657 3305 inaccessibilis
1691 3243 1903 3306 eremi.
1933 3244 2087 3307 Caro
2118 3243 2369 3306 fovetur

874 3337 1225 3400 honoribus
1264 3357 1337 3400 ac
1378 3339 1671 3402 laudibus
1706 3342 2062 3415 hominum,
2106 3343 2369 3425 spiritus

875 3434 1182 3515 gloriatur
1226 3437 1715 3501 adversitatibus
1766 3439 2267 3503 tribulationum.

1262 3690 1765 3755 CAPITULUM
1828 3692 1980 3754 XII.

1044 3840 1189 3906 Quoe
1214 3839 1296 3892 sit
1326 3838 1605 3894 voluntas
1633 3846 1841 3897 nostra
1873 3857 2009 3914 quoe
2037 3842 2203 3897 inter·

871 3928 1419 4000 concupiscentiam
1454 3930 1663 3984 carnis
1698 3944 1771 3985 ac
1806 3931 2063 4002 spiritus
2087 3931 2367 4002 ponitur.

960 4126 1187 4189 NTER
1230 4127 1343 4189 has
1382 4144 1531 4207 ergo
1573 4135 1870 4207 utrasque
1916 4127 2370 4209 concupiscen-

2479 3164 2546 3207 re
2593 3145 2656 3205 in
2704 3144 2812 3205 illa
2855 3144 3149 3224 puritatis
3193 3144 3496 3225 qualitate
3537 3164 3662 3225 qua
3703 3145 3976 3207 delecta-

2481 3263 2624 3305 mur
2658 3263 2672 3306 :
2714 3243 2845 3304 imo
2883 3243 2962 3304 ad
3004 3242 3178 3304 illam
3220 3260 3334 3305 nos
3379 3242 3634 3304 trahunt
3677 3242 3976 3325 frigidam

2480 3342 2870 3424 voluptatem
2914 3360 2986 3402 ac
3033 3341 3204 3403 viam
3257 3342 3580 3422 spinosam
3629 3361 3822 3422 quam
3870 3343 3980 3405 ab·

2478 3442 2831 3504 horremus,
2868 3440 3100 3502 Rursus
3147 3440 3202 3501 si
3248 3439 3506 3520 spiritus
3549 3438 3797 3502 fervore
3839 3459 3980 3501 suc·

2480 3539 2676 3613 censi,
2711 3547 2774 3600 et
2811 3556 3002 3620 opera
3041 3537 3252 3599 carnis
3293 3537 3578 3600 volentes
3617 3537 3980 3618 exstingue-

2481 3656 2569 3711 re,
2615 3637 3072 3699 tentaverimus
3122 3652 3236 3697 nos
3279 3642 3442 3698 totos
3486 3634 3774 3698 conferre
3826 3654 3976 3697 cum

2480 3735 2752 3818 quadam
2809 3734 3008 3795 animi
3063 3733 3336 3795 elatione
3387 3734 3466 3795 ad
3519 3734 3732 3795 studia
3783 3733 3980 3794 virtu-

2479 3842 2618 3896 tum
2670 3832 3104 3905 immoderata,
3158 3831 3298 3893 sine
3347 3831 3478 3893 ulla
3527 3830 3976 3893 consideratio-

2481 3951 2561 3995 ne
2611 3930 2971 4011 fragilitatis
3021 3931 3338 4003 humanae,
3393 3929 3806 4011 interpellans
3855 3928 3978 3990 im-

2480 4029 2794 4092 becillitas
2835 4028 3042 4090 carnis
3074 4036 3327 4090 revocat
3355 4036 3419 4089 et
3451 4028 3725 4089 retardat
3754 4026 3837 4088 ab
3870 4026 3978 4088 illa

2482 4127 2823 4189 indiscreta
2851 4126 3112 4208 spiritus
3143 4125 3471 4188 nimietate
3497 4145 3511 4188 z
3547 4125 3768 4207 sicque
3800 4124 3877 4187 fit
3909 4131 3977 4185 ut

983 4226 1101 4287 tias
1141 4226 1433 4287 voluntas
1469 4224 1700 4287 animae
1739 4225 2092 4287 consistens
2133 4226 2200 4287 in
2241 4245 2369 4289 me·
2401 4232 2452 4295 D
2483 4233 2873 4307 repugnante
2919 4224 3042 4286 sibi
3088 4233 3312 4286 mutuo
3359 4230 3626 4305 utraque
3675 4222 3976 4304 concupi-

878 4324 984 4386 dio
1014 4322 1554 4405 vituperabiliore,
1588 4341 1705 4385 nec
1742 4323 2045 4385 vitiorum
2080 4324 2368 4404 volupta-

880 4422 1052 4486 tibus
1101 4422 1475 4495 oblectatur,
1517 4440 1635 4484 nec
1681 4422 1993 4484 virtutum
2044 4422 2368 4485 doloribus

882 4520 1233 4603 acquiescit
1268 4538 1283 4581 ε
1317 4520 1409 4581 sic
1441 4538 1729 4601 quaerens
1760 4540 1797 4581 a
1828 4520 2231 4602 passionibus
2260 4521 2368 4583 ab-

881 4620 1114 4682 stinere
1156 4618 1539 4692 carnalibuS‚
1574 4625 1644 4679 ut
1676 4626 1889 4679 tamen
1923 4635 2049 4680 non
2081 4618 2236 4681 velit
2267 4638 2372 4681 ne-

880 4716 1185 4779 cessarios
1242 4716 1557 4777 sustinere
1623 4715 1871 4778 dolores
1938 4717 2075 4778 sine
2134 4715 2370 4798 quibus

880 4814 1195 4878 desideria
1234 4814 1497 4896 spiritus
1532 4821 1858 4895 nequeunt
1894 4815 2244 4895 possideri3
2275 4815 2376 4878 de-

880 4915 1165 4978 siderans
1232 4912 1519 4975 obtinere
1588 4912 2027 4974 castimoniam
2092 4914 2375 4995 corporis

880 5013 1121 5095 absque
1170 5011 1580 5093 castigatione
1631 5010 1851 5091 ipsiuS‚
1907 5010 2376 5092 puritatemque

884 5111 1094 5175 cordis
1137 5111 1275 5173 sine
1314 5109 1679 5191 vigiliarum
1724 5107 1960 5183 labore,
1997 5117 2187 5190 atque
2232 5128 2378 5171 cum

885 5211 1104 5294 requie
1149 5211 1358 5274 carnis
1405 5208 1846 5292 spiritualibus
1894 5207 2218 5270 abundare
2261 5208 2385 5270 vir-

887 5310 1153 5385 tutibus,
1198 5317 1262 5371 et
1301 5310 1543 5392 absque
1587 5308 1719 5370 ulla
1759 5306 2210 5369 convitiatione
2251 5324 2386 5387 gra-

2482 4323 2724 4386 scentia
2772 4322 3220 4385 colluctatione
3266 4321 3530 4395 alterna,
3585 4321 3694 4382 illa
3745 4320 3977 4383 animae

2483 4422 2798 4494 voluntaS‚
2835 4439 2977 4502 quae
3016 4437 3145 4482 non
3185 4419 3324 4480 vult
3366 4438 3434 4480 se
3479 4426 3673 4481 totam
3717 4418 3980 4480 carnali-

2484 4519 2603 4581 bus
2643 4518 2974 4581 desideriis
3015 4518 3186 4591 dare,
3221 4535 3429 4598 neque
3461 4517 3770 4578 virt-utum
3812 4516 3981 4578 labo-

2484 4618 2662 4680 ribus
2713 4618 3031 4690 insudare,
3078 4623 3470 4697 temperet-ur
3511 4615 3980 4697 quodammodo

2487 4716 2917 4779 moderamine
2944 4714 3150 4795 just03
3183 4715 3336 4775 dum
3367 4713 3501 4776 haec
3533 4713 3858 4777 contentio
3887 4714 3980 4775 in-

2485 4822 2581 4876 ter
2630 4822 2931 4896 utrasque
2981 4812 3530 4895 concupiscentias
3578 4813 3859 4875 excludit
3909 4812 3978 4874 il-

2487 4913 2615 4975 lam
2684 4912 3206 4993 perniciosiorem
3273 4910 3506 4973 animae
3562 4911 3976 4984 voluntatem,

2490 5028 2732 5093 ponens
2793 5008 2858 5070 in
2917 5026 3181 5090 corpore
3240 5015 3457 5070 nostro
3513 5008 3980 5071 observantiam

2490 5108 2829 5191 aequitatiS‚
2881 5126 3024 5189 quae
3076 5107 3250 5187 justo
3308 5106 3602 5168 examine
3655 5106 3977 5178 discernit,

2493 5207 2853 5269 moderatur
2875 5213 3065 5287 atque
3090 5211 3522 5287 contemperat
3550 5203 3834 5266 confinia
3861 5224 3982 5267 car-

2496 5304 2597 5367 nis
2646 5323 2721 5367 ac
2769 5303 3056 5385 spirituS‚
3100 5320 3229 5365 non
3275 5302 3654 5385 permittens
3704 5310 3978 5366 mentem

4051 1982 4198 2037 Aput.
4217 1996 4262 2031 ιιι,

4011 2048 4080 2095 ¹5,
4105 2047 4176 2086 ¹6.
