4359 6267
546 3328 765 3379 Eccle.x‚¹
777 3332 812 3378 1,

542 3392 668 3446 Juxta
694 3390 812 3434 Lxx.

848 482 967 546 156

1568 502 1986 551 COLLATIONUM
2028 500 2112 547 SS.
2148 501 2394 547 mmm!
2433 500 2608 546 LIBER
2651 501 2688 545 1.
2729 517 2812 529 —
2851 498 3138 547 counio
3179 500 3226 545 11

844 669 1005 732 Hinc
1045 670 1165 733 iste
1208 670 1639 753 nequissimus
1684 670 1946 751 spiritus
1990 675 2133 750 post
2177 667 2342 729 hanc
2371 666 2422 729 A
2448 666 2572 729 alio
2603 665 2760 728 vitio
2801 666 3073 728 Zabulus
3113 674 3242 728 tam
3275 665 3596 747 praecipue
3635 662 3955 745 pertrahit

842 776 1019 830 tuam
1059 770 1557 852 publicationem
1590 776 1651 829 te
1683 768 2038 850 inquietare
2077 783 2204 828 non
2237 783 2345 848 po-

844 866 1013 941 terit,
1046 885 1165 929 nec
1196 886 1457 949 serpens
1500 867 1605 929 ille
1637 866 2000 928 'teterrimus
2040 864 2343 944 deinceps

842 964 1179 1046 usurpabit
1215 964 1338 1027 sibi
1380 964 1719 1026 latibulum
1762 964 1826 1024 in
1866 970 1951 1036 te,
1986 969 2204 1043 utpote
2235 968 2344 1021 tua

843 1062 1103 1123 salutari
1153 1062 1549 1124 confessione
1599 1068 1954 1143 protractus
2003 1060 2081 1121 ad
2132 1060 2372 1119 lucem.

843 1159 921 1220 de
988 1160 1285 1221 tenebris
1350 1160 1632 1222 Necdum
1696 1177 1889 1221 senex
1949 1158 2086 1219 haec
2147 1156 2344 1218 verba

844 1258 1295 1338 compleverat,
1348 1265 1410 1319 et
1456 1276 1605 1319 ecce
1658 1257 1899 1337 lampas
1948 1273 2215 1317 accensa
2262 1255 2339 1315 de

842 1356 987 1416 sinu
1042 1374 1185 1418 meo
1234 1356 1605 1438 procedens,
1660 1356 1745 1417 ita
1794 1354 2063 1434 replevit
2111 1352 2338 1413 cellam

841 1453 1032 1515 odore
1071 1453 1377 1527 sulfureo,
1408 1461 1479 1515 ut
1514 1452 1915 1515 vehementia
1954 1451 2053 1512 sui
2094 1449 2338 1512 foetoris

841 1552 949 1613 vix
979 1552 1375 1632 permitteret
1405 1569 1520 1613 nos
1560 1552 1778 1613 sedere
1811 1550 1874 1611 in
1909 1568 2001 1611 ea.
2038 1548 2214 1609 Tunc
2245 1566 2338 1608 se-

840 1667 963 1710 nex
994 1650 1495 1711 exhortationem
1528 1668 1879 1720 resumenS,
1915 1648 2164 1708 locutus
2197 1653 2290 1707 est
2321 1662 2335 1706 :

842 1746 1025 1820 Ecce,
1071 1765 1109 1809 o
1155 1747 1276 1819 fili,
1322 1747 1628 1809 Dominus
1678 1746 1796 1807 tibi
1845 1744 2188 1806 visibiliter
2234 1744 2339 1804 de-

2447 782 2522 825 ac
2552 764 2844 845 perducit
2885 765 3269 826 monachum
3308 763 3387 825 ad
3426 771 3716 835 mortem,
3747 779 3950 843 quam

2451 880 2650 942 quum
2691 880 2838 923 eum
2880 862 3266 943 persuaserit
3309 860 3634 923 confidere
3673 858 3954 941 proprias

2448 958 2780 1021 assertioni
2829 978 2903 1021 ac
2952 977 3069 1022 suo
3117 966 3283 1021 stare
3329 958 3594 1039 judicio,
3640 955 3954 1036 neglectis

2450 1058 2734 1119 consiliis
2781 1057 3125 1119 seniorum.
3178 1057 3420 1138 Nempe
3473 1074 3672 1137 quum
3719 1072 3954 1117 omnes

2449 1162 2615 1217 artes
2645 1175 2718 1217 ac
2748 1155 3106 1237 disciplinae
3137 1156 3393 1236 ingenio
3424 1155 3705 1216 humano
3733 1171 3953 1233 reper-

2449 1260 2548 1324 tae,
2592 1260 2656 1313 et
2700 1252 2849 1315 solis
2901 1253 3252 1315 commodis
3296 1253 3442 1315 vitae
3493 1251 3822 1333 praesentis
3871 1268 3952 1310 ac

2449 1351 2816 1432 temporalis
2860 1352 3312 1424 deservientes,
3344 1357 3664 1431 nequeant
3704 1348 3784 1410 ab
3833 1346 3953 1409 ali—

2447 1466 2575 1530 quo
2629 1449 3021 1530 apprehendi
3070 1450 3208 1511 sine
3255 1450 3516 1511 alterius
3572 1446 3952 1509 instruentis

2447 1547 2756 1621 doctrina,
2791 1547 2939 1608 licet
2983 1565 3174 1608 manu
3217 1554 3454 1628 queant
3503 1544 3746 1627 palpari
3796 1562 3954 1606 ocu-

2451 1643 2654 1725 lisque
2699 1644 2898 1705 videri
2935 1662 2950 1705 :
2982 1664 3174 1726 quam
3218 1645 3508 1725 ineptum
3551 1651 3648 1704 est
3685 1642 3950 1704 credere

2449 1743 2613 1804 hanc
2645 1742 2843 1804 solam
2875 1742 3323 1805 discretionem
3363 1760 3490 1804 non
3523 1742 3806 1821 indigere
3835 1740 3952 1801 do-

842 1844 1217 1907 monstravit
1261 1862 1548 1907 meorum
1593 1844 1923 1905 veritatem
1969 1840 2334 1914 verborum,
2375 1840 2422 1900 B
2451 1847 2644 1913 ctore,
2678 1860 2818 1922 quae
2849 1840 3098 1902 occulta
3127 1839 3599 1921 invisibilisque
3631 1838 3947 1909 consistit,

841 1951 912 2004 ut
941 1944 1217 2024 propriis
1246 1941 1447 2005 oculis
1477 1959 1769 2003 cerneres
1802 1940 2337 2001 inflammatorem

841 2041 1375 2122 concupiscentia>
1428 2048 1551 2102 tuae
1600 2040 1677 2101 de
1728 2040 1915 2101 corde
1966 2046 2075 2099 tuo
2122 2037 2342 2118 expul-

840 2156 985 2199 sum
1016 2137 1414 2200 confessione
1455 2137 1718 2210 salubri,
1750 2142 1940 2216 atque
1979 2141 2199 2216 aperta
2230 2133 2342 2195 ho-

840 2236 953 2297 stis
985 2235 1078 2296 tui
1110 2234 1483 2317 expulsione
1515 2252 1949 2315 cognosceres,
1977 2232 2147 2313 quod
2180 2231 2247 2291 in
2277 2238 2340 2292 te

840 2332 1052 2395 locum
1096 2332 1372 2413 amplius
1415 2350 1543 2394 non
1586 2330 1865 2393 habebit.

920 2432 1137 2512 ltaque
1178 2430 1360 2511 juxta
1402 2429 1783 2491 sententiam
1825 2428 2016 2500 seniS‚
2054 2426 2339 2489 domina-

839 2529 928 2591 tio
969 2528 1298 2591 diabolicae
1339 2527 1512 2590 illius
1560 2526 1926 2589 tentationis
1969 2526 2055 2588 ita
2099 2532 2196 2586 est
2235 2543 2338 2585 ex-

840 2627 1072 2689 stincta
1119 2626 1186 2688 in
1237 2644 1339 2687 me
1390 2624 1809 2688 confessionis
1860 2624 2032 2686 illius
2076 2623 2336 2695 virtute,

840 2733 909 2786 ut
939 2720 1267 2806 nunquam
1300 2724 1558 2786 tentarit
1590 2724 1893 2784 inimicus
1927 2729 2148 2803 postea
2178 2719 2337 2781 mihi

840 2822 1127 2903 ingerere
1177 2822 1551 2885 memoriam
1598 2819 2133 2901 concupiscentiae
2182 2836 2339 2879 meae

840 2939 1013 2982 nunc
1058 2919 1356 3001 praefatae,
1390 2939 1510 2982 nec
1559 2918 1966 3001 postmodum
2013 2916 2184 2978 sensi
2237 2933 2338 2975 me

2449 1944 2512 1997 et
2543 1956 2667 1999 non
2707 1938 2829 1999 nisi
2873 1938 3218 2023 purissimo
3258 1938 3540 1999 cernitur
3575 1936 3801 2013 corde3
3837 1954 3952 1995 cu-

2443 2036 2550 2115 jus
2581 2054 2756 2098 error
2783 2044 2894 2097 aut
2925 2036 3278 2115 ignorantia
3305 2053 3432 2097 non
3465 2035 3630 2116 parit
3659 2033 3955 2095 transito-

2449 2134 2614 2194 rium
2646 2152 2718 2195 ac
2749 2133 3184 2215 recuperabile
3216 2134 3543 2206 damnum,
3576 2132 3684 2194 sed
3715 2132 3952 2192 animae

2449 2231 2871 2312 perditionem
2902 2250 2974 2292 ac
3006 2239 3274 2293 mortem
3318 2238 3712 2312 perpetuam.
3745 2228 3954 2290 Habet

2447 2330 2688 2412 quippe
2741 2329 3039 2391 discretio
3088 2330 3392 2392 diurnum
3445 2337 3637 2409 atque
3689 2334 3950 2389 noctur-

2448 2447 2602 2489 num
2636 2427 3034 2501 conflictum,
3067 2445 3194 2490 non
3235 2434 3456 2489 contra
3489 2424 3800 2497 visibileS,
3830 2424 3948 2486 sed

2448 2526 2736 2587 crudeles
2795 2533 2858 2587 et
2915 2524 3272 2587 invisibiles
3326 2526 3580 2603 hostes;
3629 2530 3693 2585 et
3750 2522 3950 2584 habet

2449 2624 2777 2705 spirituale
2819 2630 3137 2685 certamen
3178 2642 3306 2686 non
3348 2631 3566 2685 contra
3599 2641 3804 2683 unum
3835 2628 3948 2683 aut

2449 2722 2628 2795 duOS,
2663 2722 2774 2783 sed
2817 2729 3036 2783 contra
3079 2730 3361 2783 catervas
3404 2721 3790 2782 innumeras
3828 2718 3951 2781 Gu-

2445 2819 2550 2898 jus
2601 2838 2783 2881 casus
2835 2828 2932 2881 est
2984 2826 3157 2881 tanto
3208 2818 3625 2901 perniciosior
3671 2817 3946 2889 cunctiS,

2449 2925 2686 2998 quanto
2733 2917 2933 2979 hostis
2984 2916 3274 2979 infestior
3318 2925 3380 2978 et
3430 2934 3806 2996 congressus
3853 2932 3953 2976 se-

841 3036 1124 3098 unquam
1166 3017 1487 3099 pulsatum
1533 3015 1847 3077 desiderio
1885 3014 2040 3075 furti
2083 3011 2333 3093 prioris,
2377 3012 2419 3075 C
2451 3015 2699 3077 cretior.
2763 3016 3036 3097 Ideoque
3093 3015 3418 3077 seniorum
3473 3014 3742 3094 vestigia
3797 3020 3952 3073 sunt

840 3115 1040 3188 Quem
1074 3133 1331 3175 sensum
1367 3113 1636 3195 legimus
1678 3114 1743 3175 in
1774 3111 2153 3173 Ecclesiaste
2186 3127 2338 3191 quo-

842 3231 966 3294 que
1016 3212 1443 3293 pulcherrime
1497 3211 1598 3274 his
1658 3210 1917 3292 quidem
1967 3207 2180 3269 verbis
2239 3225 2341 3267 ex-

842 3329 1134 3392 pressum
1170 3326 1184 3371 :
1221 3310 1284 3372 Si
1334 3310 1745 3373 momorderit
1796 3326 2057 3389 serpens
2100 3324 2229 3369 non
2275 3306 2339 3366 in

842 3405 1053 3479 sibilo,
1119 3423 1245 3467 non
1309 3412 1406 3467 est
1464 3403 1851 3465 abundantia
1916 3401 2337 3479 incantatori3

842 3503 1275 3585 perniciosum
1326 3520 1465 3564 esse
1518 3500 1856 3581 designans
1913 3517 2198 3561 morsum
2250 3506 2342 3559 ta-

841 3600 1043 3663 centis
1084 3598 1419 3681 serpentiS,
1452 3598 1573 3661 hoc
1616 3605 1733 3670 est,
1768 3597 1821 3658 si
1862 3596 2182 3677 suggestio
2227 3614 2340 3657 seu

841 3698 1136 3780 cogitatio
1180 3696 1495 3759 diabolica
1532 3713 1660 3757 non
1703 3694 1898 3757 fuerit
1937 3714 2051 3777 per
2098 3692 2341 3756 confes-

839 3797 1087 3860 sionem
1130 3794 1444 3877 patefacta
1484 3793 1882 3867 incantatori,
1918 3794 1979 3855 id
2020 3801 2116 3854 est
2146 3791 2338 3853 alicui

839 3895 1157 3977 spirituali
1202 3894 1341 3956 viro
1383 3894 1493 3975 qui
1539 3891 1717 3956 novit
1761 3893 2052 3973 protinus
2097 3890 2336 3953 mederi

838 3992 1214 4057 vulneribus
1272 3992 1629 4054 animarum
1682 4008 1795 4071 per
1842 3990 2127 4052 carm'ina
2174 3988 2338 4051 Scri-

839 4100 1193 4174 pturarum,
1246 4098 1309 4152 et
1360 4090 1548 4152 noxia
1600 4088 1913 4170 serpentis
1962 4106 2208 4150 venena
2260 4087 2337 4148 de

2449 3130 2702 3192 semper
2732 3130 2878 3173 cum
2911 3130 3160 3172 summa
3199 3112 3490 3174 cautione
3531 3110 3848 3182 sectanda,
3881 3116 3948 3171 et

2452 3209 2747 3271 universa
2775 3228 2917 3290 quae
2948 3209 3013 3270 in
3045 3209 3279 3271 nostris
3311 3208 3609 3271 cordibus
3648 3208 3947 3269 oriuntur

2448 3308 2527 3369 ad
2559 3324 2664 3369 eos
2696 3314 2846 3369 sunt
2875 3307 3224 3381 referenda,
3259 3306 3634 3370 confusione
3669 3304 3940 3367 sublata.

2829 3594 3333 3657 CAPITULUM
3397 3594 3553 3657 ΧΠ.

2449 3775 2760 3846 Confessio
2796 3776 3174 3832 verecundia·
3211 3781 3438 3831 nostra·
3476 3773 3548 3830 ob
3586 3790 3768 3847 quam
3803 3791 3944 3830 con-

2514 3865 2912 3936 funderemur
2955 3865 3354 3935 cogitationes
3399 3870 3641 3920 nostras
3681 3865 3945 3920 seniori-

2519 3953 2626 4009 bus
2665 3954 2952 4009 revelare.

839 4190 1027 4251 corde
1058 4189 1409 4263 extrahere,
1444 4206 1571 4250 non
1603 4187 1835 4269 poterit
1870 4186 2202 4247 subveniri
2234 4204 2338 4266 pe·
2366 4193 2415 4255 D
2586 4184 2945 4248 ERMANUS
2980 4202 2994 4245 ε
3027 4184 3156 4247 Hoc
3197 4184 3384 4247 nobis
3427 4184 3750 4267 praecipue
3795 4202 3943 4246 cau·

838 4288 1141 4349 riclitanti
1198 4294 1308 4348 aut
1366 4286 1667 4367 perituro.
1721 4285 1851 4346 Hoc
1906 4284 2101 4364 igitur
2149 4284 2338 4345 modo

838 4385 1189 4467 poterimus
1229 4384 1505 4446 faciliter
1533 4381 1866 4464 pervenire
1906 4382 1985 4443 ad
2018 4400 2181 4444 verae
2212 4382 2336 4442 dis-

838 4482 1138 4545 cretionis
1182 4482 1539 4553 scientiam,
1578 4488 1647 4541 ut
1690 4487 2029 4561 sequentes
2069 4479 2338 4559 vestigia

836 4580 1184 4653 seniorum,
1220 4596 1346 4641 non
1395 4596 1858 4660 praesumamus
1908 4585 2125 4639 nostro
2170 4576 2338 4657 judi-

837 4678 938 4740 cio
979 4677 1222 4759 aliquid
1265 4676 1414 4738 novi
1458 4694 1643 4755 agere
1687 4693 1896 4756 neque
1946 4675 2331 4749 discernere,

836 4776 947 4838 sed
991 4775 1057 4837 in
1101 4773 1399 4837 omnibus
1442 4773 1805 4854 gradiamur
1850 4780 2039 4853 prout
2082 4790 2196 4834 nos
2242 4773 2336 4833 in-

835 4874 1068 4936 format
1107 4872 1364 4935 illorum
1404 4871 1691 4934 doctrina
1730 4878 1839 4932 aut
1870 4870 2001 4931 vita
2037 4870 2338 4951 probissi-

837 4991 959 5035 ma.
994 4972 1127 5045 Qua
1167 4970 1565 5032 institutione
1596 4968 1928 5043 formatus,
1962 4985 2089 5031 non
2126 4967 2334 5031 solum

835 5072 914 5133 ad
946 5069 1294 5153 perfectam
1334 5067 1735 5130 discretionis
1777 5068 2085 5129 rationein
2117 5085 2336 5148 perve-

838 5170 991 5243 niet,
1024 5187 1248 5231 verum
1288 5167 1483 5229 etiam
1522 5185 1559 5227 a
1599 5166 1845 5228 cunctis
1892 5165 2137 5226 inimici
2184 5165 2336 5226 insi-

839 5267 963 5329 diis
992 5265 1351 5328 tutissimus
1381 5262 2131 5345 permanebitzquoniam
2161 5263 2338 5327 nullo

2612 4290 2708 4344 sat
2755 4282 3154 4345 occasionem
3205 4301 3415 4363 pravae
3463 4289 3526 4343 et
3567 4282 3944 4363 periculosae

2445 4381 2860 4454 confusionis,
2902 4399 3028 4462 qua
3071 4380 3482 4460 cogitationes
3524 4388 3770 4441 nostras
3815 4390 3946 4442 stu-

2444 4480 2670 4541 demus
2711 4478 2937 4552 celare,
2971 4478 3273 4560 quoniam
3313 4477 3553 4539 scimus
3595 4478 3766 4559 quod
3805 4477 3947 4559 qui·

2445 4578 2590 4639 dam
2645 4577 2710 4637 in
2769 4576 2967 4657 Syria,
3021 4576 3132 4657 qui
3191 4574 3532 4656 putabatur
3579 4576 3944 4658 praecipuus

2445 4674 2790 4747 seniorum,
2821 4672 3097 4753 graviter
3134 4680 3230 4734 est
3263 4679 3618 4735 commotus
3657 4672 3948 4754 aliquan-

2445 4773 2526 4835 do
2573 4779 2791 4834 contra
2841 4772 3120 4832 Fratrem
3171 4771 3282 4852 qui
3332 4771 3743 4851 cogitationes
3795 4790 3944 4833 suas

2445 4870 2724 4952 prodidit
2761 4870 2820 4930 ei
2864 4869 3145 4951 simplici
3190 4870 3399 4943 corde,
3433 4877 3497 4931 et
3533 4868 3946 4951 exprobravit

2445 4968 2641 5030 Fratri
2685 4967 2913 5030 eidem.
2956 4967 3131 5030 Unde
3170 4966 3248 5028 fit
3288 4974 3359 5027 ut
3397 4967 3798 5029 curationum
3847 4984 3944 5028 re-

2445 5067 2656 5128 media
2698 5065 3001 5147 consequi
3050 5083 3462 5147 nequeamus,
3506 5066 3660 5127 dum
3705 5063 3944 5145 cogita-

2443 5166 2649 5227 tiones
2691 5171 2936 5226 nostras
2971 5164 3035 5224 in
3072 5163 3258 5225 nobis
3296 5162 3771 5235 abscondimuS,
3805 5181 3946 5225 eas-

2447 5282 2572 5345 que
2615 5261 2975 5325 senioribus
3019 5261 3299 5324 revelare
3342 5261 3870 5323 verecundamur.
