4359 6267
181 2587 363 2643 &aaa

1041 532 1458 580 commonuit
1499 536 1585 582 SS.
1620 536 1864 582 unum
1905 537 2079 583 LIBER
2120 538 2185 583 11.
2229 557 2309 566 —
2350 537 2636 585 GOLLATIO
2676 539 2761 586 XX

3327 513 3449 580 365

1331 929 1406 1040 C
1432 929 1518 1041 Ο
1553 931 1632 1040 L
1663 930 1742 1039 L
1769 930 2016 1040 ΑΤΙ
2052 930 2138 1042 Ο
2267 932 2361 1042 Χ
2390 932 2481 1041 Χ

1475 1161 1847 1256 (Abbatcs
1899 1162 2329 1264 Pinaphii)

781 1407 885 1460 DE
950 1407 1136 1460 FINE
1201 1407 1740 1460 POENITENTIAE
1807 1409 1906 1461 ET
1970 1409 2625 1464 SATISFACTIONIS
2692 1412 3023 1466 INDICIO.

641 1735 1145 1802 CAPITULUM
1197 1737 1567 1802 PRIMUM.

537 1887 619 1942 De
658 1886 1006 1943 humilitate
1049 1886 1354 1959 Pinupltii
1400 1886 1664 1943 abbatis.

507 2083 896 2147 ELATURUS
944 2085 1326 2147 documenta
1371 2085 1618 2148 abbatis
1668 2086 1850 2149 Pinu-

523 2183 673 2263 phii,
699 2182 986 2264 praeclari
1018 2183 1486 2265 singularisque
1516 2184 1662 2258 viri,
1685 2184 1852 2246 vide-

385 2297 447 2341 or
478 2281 623 2342 mihi
668 2289 1000 2362 amputare
1039 2300 1332 2362 magnam
1377 2291 1618 2363 partem
1660 2290 1853 2354 mate-

388 2378 498 2452 riae,
527 2379 574 2440 si
603 2379 708 2440 hic
739 2379 995 2443 silentio
1026 2380 1503 2461 praetermittam
1535 2381 1852 2463 praeconia

387 2475 736 2540 humilitatis
781 2496 932 2551 suae,
965 2497 1108 2560 quae
1150 2477 1330 2540 brevi
1374 2496 1665 2540 sermone
1711 2499 1849 2561 per-

385 2575 581 2636 strinxi
611 2576 979 2656 (consulens
1023 2576 1275 2638 lectoris
1315 2575 1598 2658 fastidio)
1627 2585 1851 2664 quarto

385 2673 452 2734 de
484 2674 786 2736 Institutis
823 2674 1076 2736 Patrum
1118 2673 1305 2748 libro,
1340 2675 1451 2756 qui
1493 2675 1850 2738 intitulatus

385 2779 484 2844 est,
531 2773 613 2834 De
660 2772 1060 2835 institutione
1109 2773 1611 2835 renuntiantium
1672 2794 1852 2835 mun-

1877 1690 1928 1753 A
1957 1692 2148 1756 nibus
2179 1695 2571 1776 provolutus
2598 1695 2874 1758 Tandem
2906 1696 3185 1760 obtinuit
3212 1697 3450 1780 suscipi

1959 1797 2100 1871 post
2129 1791 2432 1854 diuturna
2460 1793 2748 1854 Fratrum
2787 1792 3060 1870 fastidia,
3094 1795 3205 1876 qui
3239 1796 3316 1857 ad
3346 1813 3452 1857 ex-

1959 1888 2334 1970 periendum
2366 1889 2751 1954 desiderium
2783 1891 2946 1972 ejuS,
2978 1892 3275 1956 dicebant
3303 1912 3451 1956 eum

1959 1986 2185 2048 ultima
2224 1996 2404 2050 aetate
2445 1989 2831 2064 confectum,
2866 1998 2929 2052 et
2958 1991 3140 2073 panis
3177 2000 3453 2073 egestate

1960 2086 2387 2168 compulsum,
2423 2095 2719 2170 expetere
2759 2089 3157 2152 sanctitatem
3198 2107 3454 2154 conver-

1958 2184 2220 2248 sationis
2260 2185 2433 2247 illius
2473 2203 2599 2248 non
2630 2187 2877 2249 sincera
2908 2188 3277 2251 intentione.
3312 2189 3457 2251 Sus-

1959 2290 2180 2364 ceptus
2212 2291 2449 2358 autem,
2474 2284 2812 2367 deputatus
2842 2293 2937 2347 est
2968 2287 3033 2347 in
3064 2286 3452 2367 adjutorium

1959 2381 2215 2442 cuidam
2256 2382 2453 2443 Fratri
2492 2383 2899 2458 adolescenti,
2934 2384 3039 2446 cui
3074 2385 3455 2448 commissus

1960 2477 2083 2539 fuit
2113 2478 2332 2541 hortus
2367 2480 2443 2541 ad
2476 2481 2897 2543 excolendum
2923 2482 3066 2544 :cui
3096 2501 3211 2565 per
3240 2484 3457 2546 omnia

1959 2575 2264 2650 obedivit,
2284 2596 2401 2640 nec
2432 2579 2640 2641 solum
2672 2579 2916 2660 peregit
2945 2600 3087 2662 quae
3116 2580 3290 2643 illius
3318 2581 3459 2644 offi-

1960 2673 2044 2736 cii
2077 2693 2231 2736 cura
2265 2676 2495 2756 exegit,
2529 2695 2752 2739 verum
2789 2679 2981 2739 etiam
3012 2678 3299 2760 quaedam
3332 2679 3457 2741 alia

1961 2773 2317 2835 necessaria
2364 2793 2555 2857 opera
2602 2795 2743 2857 quae
2789 2775 2871 2839 ob
2920 2795 3101 2838 suam
3145 2775 3453 2839 vilitatem

385 2870 454 2931 do
483 2887 496 2932 :
528 2871 873 2953 praesertim
909 2891 1110 2953 quum
1151 2871 1338 2933 multi
1379 2890 1504 2934 non
1545 2872 1849 2935 habentes
1882 2875 1929 2937 B
1959 2879 2022 2933 et
2051 2871 2379 2934 horrorem
2412 2872 2776 2935 vitabantur
2803 2893 2841 2935 a
2870 2874 3128 2953 ceteris3
3154 2894 3297 2957 quae
3327 2881 3456 2938 tam

383 2969 646 3032 notitiam
689 2969 838 3031 libri
884 2969 1081 3043 illius,
1123 2970 1367 3051 possint
1413 2971 1737 3033 incurrere
1783 2971 1848 3032 in

381 3066 691 3131 lectionem
743 3067 890 3130 libri
947 3067 1153 3142 istius,
1206 3075 1269 3130 et
1317 3069 1526 3130 omnis
1580 3071 1850 3133 auctori-

379 3171 460 3226 tas
495 3165 799 3228 dictorum
833 3165 1110 3242 vacillet,
1143 3164 1197 3228 si
1239 3166 1508 3228 dicentis
1549 3167 1850 3230 meritum

377 3261 772 3325 subtrahatur.

465 3361 569 3422 Hie
621 3361 832 3444 itaque
891 3381 1090 3443 quum
1151 3361 1346 3424 abbas
1405 3370 1469 3424 et
1520 3363 1851 3446 presbyter

383 3459 722 3538 praesideret
773 3460 993 3541 grandi
1053 3461 1346 3523 coenobio
1397 3479 1524 3524 non
1577 3463 1762 3544 longe
1813 3482 1852 3524 a

381 3556 734 3642 Panephysi,
797 3559 954 3621 urbe
1013 3559 1291 3642 AEgypti,
1353 3567 1416 3621 et
1475 3561 1852 3623 excellentia

381 3655 662 3719 virtutum
707 3677 966 3719 suarum
1010 3665 1198 3740 atque
1238 3659 1564 3739 signorum
1612 3659 1676 3721 in
1717 3667 1850 3721 tan·

380 3760 504 3816 tum
557 3755 961 3818 sublimasset
1007 3775 1154 3818 eum
1207 3757 1272 3818 in
1320 3759 1496 3821 omni
1556 3758 1665 3820 illa
1715 3777 1852 3840 pro-

383 3852 591 3928 vincia,
643 3861 713 3916 ut
760 3853 1085 3917 videretur
1141 3855 1264 3918 sibi
1326 3856 1642 3938 recepisse
1693 3876 1852 3918 mer-

381 3953 580 4015 cedem
636 3953 926 4016 laborum
985 3972 1246 4016 suorum
1295 3973 1374 4016 ex
1433 3955 1851 4018 retributione

1958 2970 2208 3032 occulte
2257 2969 2525 3053 perfecit
2572 2979 2883 3034 nocturno
2931 2971 3165 3047 labore,
3208 2980 3280 3034 ut
3326 2981 3457 3036 tota

1959 3069 2361 3149 congregatio
2411 3069 2726 3150 ignoraret
2768 3070 2845 3132 de
2894 3088 3079 3132 mane
3131 3077 3455 3134 auctorem

1959 3174 2088 3228 tam
2133 3167 2391 3229 utilium
2433 3185 2719 3249 operum.

2041 3265 2376 3346 Quumque
2435 3265 2501 3326 in
2560 3266 2678 3327 hac
2735 3265 3049 3329 laboriosa
3105 3273 3169 3328 et
3226 3267 3457 3329 humili

1960 3362 2357 3443 subjectione
2398 3364 2687 3427 durasset
2720 3365 2900 3446 quasi
2941 3383 3055 3446 per
3094 3373 3219 3428 tres
3258 3383 3457 3428 annos

1959 3482 2106 3524 cum
2150 3462 2403 3543 gaudio,
2444 3463 2677 3524 accidit
2719 3464 2887 3545 quod
2939 3464 3150 3526 Frater
3196 3464 3457 3545 quidam

1960 3561 2016 3623 ei
2069 3560 2358 3642 cognitus
2408 3568 2471 3622 et
2517 3562 2935 3643 compatriota
2985 3562 3353 3642 adveniret3
3394 3570 3457 3625 et

1961 3679 2092 3741 prae
2122 3659 2388 3720 vestitus
2419 3659 2662 3722 vilitate
2702 3669 2890 3742 atque
2929 3659 3134 3722 officii
3172 3661 3313 3741 ejus
3346 3661 3455 3723 vix

1960 3776 2108 3819 eum
2150 3774 2559 3838 cognoscenS,
2595 3759 2849 3820 tandem
2890 3767 3030 3841 post
3066 3759 3317 3840 longam
3351 3778 3454 3821 ex-

1963 3855 2375 3937 plorationem
2404 3863 2467 3917 et
2491 3856 3060 3921 considerationem
3088 3858 3297 3940 ipsum
3327 3877 3456 3920 cer-

1961 3953 2207 4016 tissime
2268 3973 2557 4028 noscenS‚
2609 3955 2878 4042 projecit
2936 3963 2999 4017 et
3046 3956 3327 4018 advolvit
3384 3976 3451 4018 se

382 4047 563 4112 laudis
601 4051 914 4124 humanm,
950 4050 1182 4114 timens
1221 4073 1302 4115 ne
1332 4053 1576 4115 vanitas
1617 4053 1851 4117 favoris
1882 4057 1926 4121 C
1963 4052 2233 4135 pedibus
2266 4053 2385 4114 viri
2428 4053 2623 4126 illius,
2656 4055 2823 4135 quod
2866 4054 3111 4116 cunctis
3150 4073 3451 4135 magnum

381 4147 617 4212 humani
676 4157 1012 4213 evacuaret
1070 4149 1193 4213 sibi
1257 4152 1540 4213 fructum
1603 4153 1850 4234 pree-mii

378 4249 688 4323 aeternalis,
750 4249 992 4313 occulte
1055 4250 1317 4312 recessit
1372 4269 1409 4312 a
1471 4251 1852 4313 monasterio

379 4363 502 4420 sun,
531 4347 828 4430 venitque
867 4348 945 4409 ad
991 4348 1448 4410 monasterium
1488 4349 1853 4411 Tabennen-

381 4441 529 4504 sium
569 4444 1044 4519 monachorum,
1081 4443 1191 4506 ubi
1232 4445 1422 4526 elegit
1461 4463 1587 4508 non
1633 4446 1853 4509 solitu-

381 4539 576 4605 dinem
631 4544 853 4617 eremi‚
910 4561 1034 4606 non
1095 4545 1501 4607 securitatem
1559 4545 1855 4608 solitariae

383 4639 530 4714 vitae,
583 4661 773 4724 quam
839 4642 1200 4724 imperfecti
1263 4661 1389 4705 non
1453 4643 1727 4706 ferentes
1788 4644 1853 4706 in

382 4739 668 4803 coenobiis
706 4740 1085 4804 obedientia>
1121 4741 1370 4822 jugum,
1404 4742 1856 4823 aggrediuntur

381 4838 731 4920 quandoque
762 4839 1254 4921 praesumptione
1286 4839 1701 4922 superba,sed
1735 4859 1858 4901 ma-

384 4931 488 4995 luit
515 4936 930 4999 celeberrimo
961 4937 1346 5001 monasterio
1377 4938 1722 5019 subjugari.
1749 4938 1860 5001 De-

383 5031 556 5114 nique
599 5055 680 5098 ne
720 5035 1094 5118 proderetur
1138 5036 1228 5098 ibi
1276 5037 1492 5119 aliquo
1531 5037 1712 5118 signo
1750 5037 1857 5099 ha-

385 5128 536 5194 bitus
592 5135 713 5208 sui,
766 5141 1008 5197 vestem
1069 5135 1280 5197 induit
1340 5135 1733 5208 saecularem,
1794 5144 1855 5197 et

1963 4151 2232 4213 incussit
2273 4159 2617 4233 stuporem.
2661 4151 2898 4213 Deinde
2942 4153 3152 4214 Frater
3194 4153 3302 4215 ille
3343 4171 3452 4216 no-

1963 4269 2108 4312 men
2167 4250 2366 4312 Patris
2424 4250 2599 4312 illius
2657 4251 3095 4332 pronuntianS,
3146 4249 3297 4312 fecit
3344 4270 3453 4315 eos

1961 4350 2162 4431 magis
2204 4349 2537 4426 attonitos3
2582 4367 2731 4409 nam
2773 4355 2837 4408 et
2878 4366 3111 4411 nomen
3153 4349 3293 4430 ejus
3340 4350 3453 4411 du-

1962 4450 2117 4511 dum
2178 4447 2455 4510 innotuit
2518 4446 2674 4528 ipsis
2736 4465 2811 4508 ex
2874 4445 3043 4508 fama
3102 4448 3454 4511 sanctitatis

1963 4546 2156 4609 illius.
2194 4545 2571 4627 Compuncti
2611 4552 2758 4606 sunt
2792 4563 2941 4628 ergo
2979 4545 3091 4628 qui
3130 4545 3289 4608 tanti
3329 4566 3457 4610 me-

1963 4645 2068 4706 riti
2121 4663 2195 4706 ac
2243 4643 2577 4706 sacerdotii
2627 4643 2837 4705 virum
2887 4652 3015 4706 tam
3062 4643 3303 4707 vilibus
3349 4645 3454 4708 de-

1965 4749 2341 4825 putaverant
2379 4741 2846 4823 operibus.·llle
2884 4749 3097 4804 autem
3138 4742 3301 4805 flens
3336 4742 3487 4804 lar-'

1963 4840 2146 4922 giter‚
2190 4848 2252 4902 et
2294 4839 2474 4922 quasi
2516 4858 2773 4920 gravem
2827 4859 3045 4902 casum
3095 4841 3457 4904 manifesta-

1965 4939 2157 5001 tionis
2207 4957 2337 5001 suae
2384 4936 2752 5000 adscribens
2801 4937 3130 5002 diabolicae
3179 4939 3455 5014 invidiae,

1967 5037 2265 5098 reductus
2310 5043 2407 5097 est
2444 5035 2524 5097 ad
2572 5037 3025 5098 monasterium
3074 5057 3262 5099 suum
3312 5057 3459 5100 cum

1966 5134 2323 5198 honorifica
2371 5134 2660 5195 Fratrum
2714 5135 3016 5196 custodia.
3065 5135 3182 5198 Ubi
3232 5135 3461 5217 exiguo

385 5231 582 5294 multis
621 5233 845 5295 diebus
889 5252 1020 5315 prae
1059 5233 1308 5296 foribus
1344 5233 1546 5315 jacuit
1576 5233 1853 5316 ploranS‚
1888 5245 1937 5306 D
1969 5241 2253 5317 tempore
2315 5234 2698 5306 demoratus,
2764 5240 2826 5294 et
2888 5252 3105 5296 rursus
3168 5243 3461 5315 gravatus

398 5335 458 5388 ut
485 5331 670 5392 moris
709 5339 806 5392 est
844 5330 957 5405 ibi,
991 5332 1409 5414 omniumque
1441 5333 1726 5395 Fratrum
1767 5351 1869 5414 ge-

1974 5350 2090 5396 suo
2127 5332 2405 5416 primatu
2445 5339 2635 5413 atque
2673 5331 3023 5394 honoribus
3063 5332 3187 5396 sibi
3228 5332 3466 5416 impen-
