4359 6267
851 484 969 549 162

1564 505 1980 552 COLLATIONUM
2022 506 2107 551 SS.
2143 505 2387 551 PATRUM
2427 504 2603 550 LIBER
2643 506 2682 550 1.
2729 523 2810 532 -
2850 504 3137 551 commo
3177 506 3223 550 11

848 682 1041 736 retur.
1094 674 1211 747 Qui
1272 694 1349 737 ex
1396 674 1820 738 obstinatione
1870 682 1932 736 et
1989 673 2339 755 pertinacia
2365 672 2417 734 A
2449 673 2677 735 horum
2717 672 3252 754 reprehensibiles
3285 672 3549 746 erimus,
3581 674 3634 734 si
3664 672 3960 735 tenueri-

846 790 977 833 suae
1040 772 1268 834 mentis
1331 772 1529 853 magis
1588 772 1998 853 acquiescens
2063 772 2336 853 propriis

840 869 1404 932 adinventionibus
1454 890 1644 952 quam
1689 870 2012 932 seniorum
2059 868 2340 930 traditio-

841 967 1055 1041 nibus,
1102 968 1274 1049 quali
1319 968 1452 1030 fine
1492 969 1886 1030 vocationem
1931 986 2110 1028 suam
2156 967 2338 1029 finie-

840 1065 945 1138 rit,
988 1065 1209 1146 utique
1254 1066 1449 1127 scitis.
1496 1066 1724 1127 Eremo
1767 1084 2043 1146 namque
2092 1064 2332 1138 relicta,

842 1163 1177 1225 devolutus
1217 1172 1311 1225 est
1344 1182 1561 1225 rursus
1600 1164 1678 1225 ad
1714 1163 1906 1244 hujus
1947 1163 2169 1224 mundi
2202 1162 2338 1244 phi-

842 1260 1197 1341 losophiam
1235 1280 1309 1322 ac
1352 1261 1567 1323 saeculi
1604 1262 1969 1334 vanitatem,
2012 1267 2075 1322 et
2115 1260 2337 1342 praedi-

840 1366 1007 1420 ctam
1038 1360 1291 1421 Patrum
1321 1359 1674 1421 doctrinam
1705 1358 2062 1421 verificavit
2093 1358 2332 1440 proprii

842 1476 1023 1517 casus
1084 1457 1399 1537 exemplo,
1450 1465 1639 1538 atque
1698 1457 1882 1518 ruina
1942 1476 2056 1518 sua
2113 1457 2335 1518 edocet

844 1554 1194 1629 universos,
1229 1555 1550 1617 neminem
1599 1555 1858 1635 proprio
1896 1554 2141 1635 judicio
2186 1572 2332 1616 eon-

842 1650 1171 1725 fidentem,
1216 1670 1400 1733 posse
1459 1653 1713 1714 culmen
1772 1652 2179 1732 perfectionis
2237 1671 2332 1713 as-

844 1750 1133 1824 cendere,
1168 1769 1286 1812 nec
1328 1750 1712 1831 perniciosas
1744 1750 1960 1811 Zabuli
2003 1750 2332 1812 illusiones

842 1847 1125 1909 evadere.

1193 2101 1696 2165 CAPITULUM
1758 2100 1971 2163 XXV.

834 2249 1267 2320 Interroqatio,
1298 2250 1568 2323 qualiter
1595 2250 1795 2321 possit
1834 2266 2063 2321 semper
2094 2250 2334 2305 servari

1188 2354 1311 2394 una
1340 2338 1659 2411 eademque
1686 2354 1987 2393 mensura.

982 2533 1341 2595 ERMANUS
1376 2550 1389 2594 :
1424 2532 1747 2605 Quomodo
1788 2549 1938 2613 ergo
1982 2533 2332 2614 poterimus

896 2616 980 2694 Ῐ
1000 2631 1163 2693 hano
1210 2650 1571 2694 mensuram
1624 2631 2077 2694 inviolabiliter
2125 2639 2334 2693 custo-

840 2730 998 2803 dire,
1035 2730 1338 2812 quoniam
1373 2730 1692 2792 interdum
1732 2728 2331 2812 supervenientibus

840 2827 1163 2889 Fratribus
1207 2846 1373 2890 nona
1415 2828 1590 2902 hora,
1625 2828 1813 2890 solita
1850 2826 2194 2889 refectione
2239 2828 2334 2887 in-

838 2933 1063 2997 stante,
1097 2944 1357 2988 necesse
1397 2933 1494 2988 est
1530 2927 1759 2988 addere
1798 2925 2041 3007 aliquid
2072 2932 2332 3006 propter

2449 791 2592 834 mus
2623 773 3148 835 consuetudinem
3189 773 3376 835 istam
3413 790 3426 834 :
3464 780 3530 833 ut
3560 772 3799 834 scilicet
3831 772 3962 833 ho-

2448 889 2516 932 ra
2545 887 2713 932 nona
2755 890 2956 931 unum
2988 870 3414 952 paximacium
3457 870 3952 943 manducemuS‚

2447 976 2510 1030 et
2539 968 2711 1030 aliud
2755 986 3152 1030 reservemus
3191 969 3270 1029 ad
3300 986 3654 1049 vesperam,
3687 968 3738 1029 si
3776 967 3954 1030 forte

2447 1066 2680 1147 aliquis
2711 1066 3118 1146 superveniat
3147 1066 3371 1143 nobis3
3403 1074 3466 1127 et
3495 1066 3550 1127 si
3580 1066 3723 1148 quis
3750 1085 3954 1128 vene-

2449 1164 2551 1237 rit,
2585 1163 2992 1225 comedamus
3035 1183 3183 1225 cum
3223 1163 3333 1225 illo
3376 1164 3799 1245 paximacium
3848 1182 3954 1225 re-

2447 1269 2790 1335 servatum,
2823 1262 2914 1322 nil
2955 1262 3122 1323 ultra
3159 1261 3418 1323 solitum
3463 1262 3944 1323 manducantes.

2447 1360 2522 1421 Et
2561 1359 2680 1421 hoc
2726 1360 2913 1421 modo
2950 1377 3078 1421 non
3118 1358 3516 1421 contristabit
3554 1378 3669 1421 nos
3709 1359 3950 1420 Fratris

2444 1459 2763 1526 adventus,
2779 1458 2888 1538 qui
2921 1458 3109 1519 debet
3139 1458 3323 1519 nobis
3351 1476 3490 1519 esse
3518 1458 3944 1537 gratissimus:

2447 1575 2594 1618 nam
2654 1556 2746 1618 sic
2806 1556 2862 1617 ei
2925 1556 3355 1637 impendimus
3412 1574 3606 1637 opera
3662 1556 3946 1637 pietatiS,

2447 1662 2516 1714 ut
2555 1653 2716 1715 nihil
2749 1654 2827 1716 de
2867 1654 3074 1734 rigore
3115 1654 3521 1716 continentiae
3560 1654 3942 1715 relaxemus,

2445 1752 2634 1813 Porro
2677 1752 2731 1813 si
2770 1751 2986 1813 nullus
3029 1752 3377 1825 advenerit,
3411 1751 3947 1813 manducabimus

2369 1850 2416 1910 B
2447 1849 2564 1912 soli
2613 1850 3040 1931 paximacium
3086 1849 3265 1922 illud,
3299 1857 3600 1931 tanquam
3651 1849 3946 1911 debitum

2445 1947 2629 2009 nobis
2687 1967 2764 2009 ex
2821 1948 3218 2009 institutione
3278 1947 3604 2020 canoniea,
3654 1948 3804 2029 quia
3861 1966 3946 2009 ex

2446 2045 2555 2108 illo
2609 2046 2971 2108 stomachus
3024 2046 3271 2125 gravari
3323 2064 3450 2108 non
3507 2045 3759 2128 poterit,
3810 2064 3946 2107 uno

2445 2143 2801 2225 paximacio
2831 2144 2985 2205 hora
3013 2161 3180 2205 nona
3211 2152 3528 2205 comesto:
3553 2163 3694 2225 quae
3723 2162 3945 2224 aggra-

2443 2242 2612 2303 vatio
2664 2242 3042 2323 plerumque
3096 2243 3406 2323 contingit
3455 2242 3555 2304 his
3609 2242 3722 2324 qui
3773 2243 3945 2305 aesti-

2445 2345 2688 2400 mantes
2724 2340 2997 2419 rigorem
3035 2340 3436 2402 abstinentiae
3473 2358 3540 2401 se
3580 2348 3818 2413 tenere,
3853 2348 3947 2402 to-

2445 2445 2570 2498 tam
2625 2436 2933 2498 differunt
2991 2436 3404 2499 refectionem
3453 2437 3531 2498 ad
3580 2455 3938 2518 vesperam.

2442 2535 2768 2616 Perceptio
2828 2553 3103 2616 namque
3166 2535 3294 2596 cibi
3354 2543 3504 2596 tunc
3561 2534 3748 2607 facta,
3811 2554 3944 2597 non

2442 2632 2595 2695 sinit
2633 2651 2891 2694 sensum
2937 2651 3074 2694 esse
3115 2633 3416 2695 subtilem
3458 2652 3530 2695 ac
3569 2633 3942 2714 expeditum

2443 2732 2507 2793 in
2567 2730 2960 2792 orationibus
3008 2731 3391 2812 vespertinis
3448 2739 3638 2812 atque
3690 2739 3946 2793 noctur-

2441 2829 2562 2890 nis,
2600 2828 2744 2890 Ideo
2779 2835 3033 2909 tempus
3076 2827 3408 2890 reficiendi
3449 2828 3692 2890 utiliter
3719 2836 3820 2891 est
3848 2828 3946 2890 in-

2442 2927 2691 2987 dultum
2723 2926 2878 2987 hora
2906 2943 3094 3000 nona,
3131 2926 3196 2987 in
3229 2945 3356 3007 qua
3393 2925 3692 2988 reficiens
3723 2944 3944 2989 mona-

834 3041 942 3086 eos
972 3024 1137 3085 ultra
1168 3024 1495 3105 praefixam
1528 3025 1906 3105 solitamque
1939 3041 2325 3095 mensuram,
2365 3026 2408 3089 C
2441 3024 2592 3085 chus
2625 3041 2747 3085 non
2779 3024 2978 3085 solum
3008 3023 3130 3085 erit
3155 3032 3487 3085 evacuatus
3517 3032 3581 3085 et
3608 3024 3943 3105 expeditus

831 3129 941 3184 aut
998 3121 1457 3184 humanitatem
1520 3120 1838 3201 negligere
1900 3141 2091 3203 quam
2156 3128 2328 3183 tene-

834 3237 979 3279 mur
1020 3218 1319 3281 omnibus
1361 3219 1703 3281 exhibere?

1174 3470 1681 3535 CAPITULUM
1745 3470 1993 3534 XXVI.

998 3619 1330 3690 Responsio
1359 3619 1432 3673 de
1459 3618 1630 3673 modo
1660 3620 2011 3691 refectionis
2039 3636 2159 3675 non

1397 3708 1756 3763 eoecedendo.

990 3904 1229 3965 OYSES
1264 3920 1277 3965 :
1310 3904 1659 3983 Utrumque
1694 3904 1959 3964 istorum
1992 3904 2328 3966 observare

1016 4000 1324 4062 debemus
1387 4017 1515 4062 uno
1577 4001 1763 4061 modo
1828 4000 2091 4081 parique
2154 4021 2322 4063 cura.

831 4101 989 4162 Nam
1034 4098 1349 4161 custodire
1393 4098 1699 4159 debemus
1744 4116 1892 4159 cum
1938 4099 2110 4159 omni
2155 4114 2328 4160 scru-

2443 3122 2504 3183 in
2538 3123 2867 3183 nocturnis
2899 3121 3157 3202 vigiliis,
3182 3121 3314 3183 imo
3346 3122 3540 3183 etiarn
3574 3122 3942 3185 invenietur

2437 3220 2809 3300 aptissimus
2859 3220 2924 3281 in
2967 3219 3348 3300 vespertinis
3396 3218 3658 3292 officiis,
3691 3220 3940 3301 digesto

2436 3318 2567 3397 jam
2613 3317 2776 3379 cibo.

2519 3404 2775 3477 Talibus
2812 3414 3022 3495 epulis
3061 3415 3331 3495 geminae
3365 3415 3722 3496 duplicisve
3761 3416 3940 3478 insti-

2439 3512 2705 3575 tutionis
2766 3513 3076 3593 saginavit
3134 3530 3248 3574 nos
3307 3514 3548 3594 Moyses
3605 3522 3863 3575 sanctus
3920 3532 3934 3576 :

2440 3610 2879 3675 demonstrans
2937 3628 3010 3671 ac
3069 3611 3302 3671 docens
3361 3628 3475 3672 nos
3536 3629 3662 3673 non
3727 3612 3940 3673 solum

2438 3708 2743 3769 virtutem
2785 3727 2857 3769 ac
2900 3708 3168 3788 gratiam
3211 3708 3614 3771 discretionis
3657 3709 3940 3773 collatio-

2442 3824 2520 3867 ne
2580 3806 2898 3885 praesenti,
2952 3806 3061 3867 sed
3115 3806 3308 3867 etiam
3366 3806 3940 3869 abrenuntiationis

2441 3904 2772 3975 rationem,
2807 3904 3294 3966 destinationem
3331 3921 3585 3986 quoque
3623 3924 3696 3966 ac
3735 3904 3938 3967 finem

2441 4000 2750 4082 propositi
2795 4002 2994 4063 nostri
3043 4001 3379 4064 collatione
3429 4001 3818 4084 praehabita3
3869 4013 3940 4065 ut

2439 4100 2609 4181 quod
2669 4107 2852 4161 antea
2911 4100 3312 4161 sectabamur
3363 4099 3612 4162 fervore
3673 4100 3938 4181 spiritus

832 4199 985 4280 pulo
1034 4197 1358 4278 praefatam
1412 4196 1538 4258 cibi
1587 4215 1950 4257 mensuram
1998 4215 2189 4258 causa
2237 4215 2331 4259 so-
2359 4201 2408 4262 D
2440 4203 2686 4258 tantum
2734 4214 2808 4258 ac
2857 4195 2991 4259 zelo
3035 4196 3168 4269 Dei,
3215 4196 3418 4258 oculis
3467 4198 3938 4278 quodammodo

832 4296 1118 4359 brietatis
1148 4314 1221 4357 ac
1254 4295 1570 4376 puritatiS‚
1602 4302 1793 4375 atque
1828 4294 2124 4355 similiter
2154 4294 2326 4357 exhi-

832 4393 981 4454 bere
1012 4391 1500 4454 advenientibus
1532 4390 1848 4452 Fratribus
1880 4390 2330 4453 humanitatem

831 4508 905 4552 ac
952 4490 1384 4552 adorationem
1434 4489 1667 4550 intuitu
1719 4488 1999 4550 caritatis
2048 4506 2061 4549 :
2106 4490 2333 4571 quoni-

832 4608 935 4650 am
975 4587 1127 4649 satis
1169 4587 1516 4648 absurdum
1561 4594 1677 4659 est,
1711 4594 1781 4647 ut
1821 4586 2109 4667 praebens
2155 4606 2328 4649 men-

833 4705 967 4747 sam
1010 4685 1231 4760 Fratri,
1266 4685 1395 4746 imo
1434 4683 1682 4745 Christo
1717 4683 1781 4744 in
1814 4685 2045 4758 Fratre,
2080 4703 2208 4747 non
2249 4686 2329 4747 si-

837 4785 969 4845 mul
1031 4784 1374 4845 manduces
1426 4800 1571 4842 cum
1622 4798 1719 4854 e0,
1773 4789 1882 4843 aut
1937 4782 2218 4845 alienum
2270 4791 2328 4845 te

833 4881 1029 4944 facias
1070 4881 1150 4943 ab
1193 4880 1333 4961 ejus
1379 4878 1739 4941 refectione.
1782 4880 1998 4961 ltaque
2042 4881 2108 4942 in
2153 4882 2331 4943 nullo

2440 4294 2694 4367 clausiS,
2719 4296 2992 4376 aperiret
3025 4294 3209 4356 nobis
3241 4295 3474 4356 clarius
3506 4295 3669 4370 luce,
3693 4296 3935 4359 faciens

2438 4410 2552 4454 nos
2609 4392 2844 4453 sentire
2903 4400 3212 4474 quantum
3272 4392 3603 4474 hucusque
3661 4392 3938 4455 distaba-

2440 4508 2582 4551 mus
2621 4510 2659 4551 a
2697 4490 2907 4553 cordis
2950 4490 3263 4552 munditia
3301 4490 3829 4573 discretionisque
3861 4491 3934 4552 li-

2439 4606 2591 4649 nea:
2611 4589 2851 4670 quippe
2877 4608 3076 4670 quum
3104 4588 3294 4650 etiam
3321 4590 3608 4652 doctrina
3637 4609 3749 4653 seu
3781 4591 3942 4653 ratio

2441 4686 2726 4747 omnium
2765 4686 3116 4747 visibilium
3160 4686 3391 4747 artium
3434 4686 3501 4748 in
3536 4687 3655 4748 hoc
3697 4688 3938 4750 mundo

2440 4802 2566 4845 non
2612 4784 2810 4865 possit
2851 4784 3198 4846 subsistere
3243 4802 3360 4846 nec
3403 4785 3649 4865 acquiri
3690 4785 3934 4867 absque

2441 4882 2677 4943 intuitu
2727 4884 2998 4965 propriae
3041 4882 3482 4945 destinationis
3524 4901 3597 4945 ac
3641 4882 3814 4947 finis.
