4359 6267
614 1174 629 1219 1
648 1174 751 1220 Cor.
767 1190 854 1228 1111,

605 2249 723 2293 [bid.
741 2253 827 2293 4-6.

876 491 996 555 138

1613 507 2031 555 COLLATIONUM
2071 508 2157 553 SS.
2192 507 2436 553 PATRUM
2475 506 2653 553 LIBER
2692 508 2732 552 1.
2778 525 2859 535 —
2898 506 3186 554 coLLA'rlo
3227 508 3248 553 1

875 677 1149 739 tinentes
1180 685 1392 739 tamen
1433 678 1777 760 pristinum
1818 676 2024 739 cordis
2064 675 2371 738 affectum
2406 675 2455 737 A
2489 682 2734 737 tantum
2777 684 2873 737 est
2917 676 3150 758 iejunii
3204 676 3477 750 lucrum,
3511 682 3824 757 quantum
3871 674 3989 736 irae

877 775 941 836 in
989 776 1273 837 minimis
1323 776 1535 849 rebus,
1578 784 1641 837 et
1686 794 1800 857 pro
1848 775 2001 856 ipsis
2053 775 2372 835 interdum

877 873 1101 936 leviter
1144 875 1507 948 irascentes,
1551 875 1900 936 redduntur
1947 873 2027 934 ab
2075 871 2374 934 omnibus

879 971 1261 1034 infructuosi
1320 990 1394 1033 ac
1456 971 1723 1045 steriles,
1784 971 1983 1033 veluti
2049 970 2375 1031 caritatem

878 1071 1289 1151 apostolicam
1347 1088 1475 1133 non
1532 1070 1856 1132 habentes,
1918 1068 2093 1142 Quod
2152 1068 2376 1131 beatus

880 1168 1217 1249 Apostolus
1262 1170 1327 1230 in
1372 1169 1601 1250 spiritu
1645 1168 2023 1250 praevidenS,
2057 1168 2218 1229 dixit
2251 1186 2265 1229 :
2301 1167 2378 1228 Et

880 1267 932 1327 si
983 1266 1369 1330 distribuero
1412 1268 1477 1327 in
1527 1266 1703 1329 cibos
1753 1284 2107 1348 pauperum
2153 1282 2376 1327 omnes

880 1363 1211 1427 facultates
1276 1383 1470 1436 meaS,
1533 1373 1595 1426 et
1654 1364 1707 1425 si
1766 1364 2081 1427 tradidero
2144 1381 2375 1444 corpus

881 1479 1095 1523 meum
1128 1462 1214 1523 ita
1245 1468 1315 1522 ut
1342 1462 1619 1533 ardeam,
1644 1462 1972 1524 caritatem
2002 1470 2216 1523 autem
2249 1478 2375 1521 non

877 1558 1181 1633 habuero,
1216 1559 1376 1621 nihil
1414 1559 1571 1621 mihi
1614 1560 1886 1640 prodest.
1924 1559 2096 1621 Unde
2128 1559 2378 1620 eviden-

878 1663 973 1716 ter
1013 1656 1317 1737 probatur
1356 1656 1813 1738 perfectionem
1854 1674 1981 1719 non
2021 1656 2236 1717 statim
2277 1674 2376 1717 ac-

878 1752 1046 1833 quiri
1112 1754 1418 1829 nuditate,
1480 1762 1588 1816 aut
1646 1754 1934 1817 omnium
1998 1753 2374 1815 facultatum

2487 774 2917 854 dispendium,
2951 794 3068 835 nec
3099 781 3310 836 tantus
3349 773 3700 855 acquiritur
3734 772 3990 833 fructus

2490 871 2774 951 legend0‚
2808 878 3117 953 quantum
3151 872 3498 933 incurritur
3527 871 3989 932 detrimentum

2487 969 2748 1031 fratrem
2781 970 3156 1050 spernendo.
3201 969 3288 1032 Ea
3320 986 3470 1050 ergo
3506 988 3647 1050 quae
3683 968 3993 1031 secunda-

2489 1067 2582 1128 ria
2611 1077 2780 1141 sunt,
2814 1076 2968 1149 puta
2993 1068 3261 1149 jejunia,
3294 1067 3548 1148 vigiliae,
3581 1065 3992 1129 anachoresis

2490 1183 2601 1226 seu
2648 1164 2955 1227 habitatio
2998 1165 3299 1238 solitaria,
3343 1172 3408 1227 et
3451 1164 3778 1226 meditatio
3821 1163 3994 1225 Scri-

2490 1270 2844 1343 pturarum,
2895 1270 3144 1344 oportet
3201 1280 3317 1324 nos
3375 1280 3670 1325 exercere
3727 1269 3994 1343 propter

2490 1360 2910 1442 principalem
2953 1379 3214 1442 scopon,
3257 1360 3320 1422 id
3362 1368 3459 1422 est
3500 1360 3707 1422 cordis
3751 1359 3994 1440 purita-

2493 1465 2643 1531 tem,
2688 1477 2829 1540 quae
2871 1467 2968 1521 est
3012 1460 3239 1521 caritas
3289 1466 3527 1531 sancta,
3568 1466 3630 1519 et
3674 1475 3800 1520 non
3845 1474 3990 1537 per-

2490 1556 2746 1617 turbare
2779 1557 2940 1617 hanc
2972 1556 3392 1637 principalem
3422 1556 3728 1617 virtutem
3757 1561 3820 1616 et
3851 1573 3994 1635 pas-

2489 1652 2700 1715 siones
2760 1662 3088 1735 praetactas
3148 1662 3409 1736 propter
3455 1653 3828 1715 secundaria
3876 1651 3992 1713 illa

2489 1770 2567 1812 ex
2604 1751 2966 1814 rationabili
3006 1770 3195 1814 causa
3230 1752 3465 1814 omissa
3499 1771 3513 1814 :
3549 1750 3850 1833 quoniam
3889 1768 3992 1811 ca-

880 1850 1233 1931 privatione
1272 1870 1385 1913 seu
1415 1852 1796 1932 dignitatum
1836 1850 2215 1931 abJectione,
2249 1850 2374 1911 nisi
2413 1856 2460 1917 B
2491 1849 2673 1912 ritate
2715 1850 2780 1911 in
2821 1850 3006 1911 nobis
3048 1850 3291 1931 integra
3328 1857 3391 1911 et
3430 1849 3626 1912 illaesa
3663 1856 3987 1921 manente,

878 1946 1155 2009 adfuerit
1185 1950 1409 2010 caritas
1445 1950 1554 2011 illa
1588 1948 1773 2030 cujus
1810 1948 2102 2010 membra
2134 1966 2246 2009 seu
2280 1966 2380 2009 ac-

878 2052 979 2107 tus
1028 2046 1332 2108 describit
1372 2046 1732 2128 ApostoluS,
1770 2066 1913 2127 quae
1958 2046 2023 2107 in
2066 2045 2202 2107 sola
2241 2063 2374 2108 cor-

877 2142 975 2205 dis
1024 2144 1297 2225 puritate
1347 2145 1655 2207 consistit.
1708 2145 1949 2225 Nempe
1998 2144 2154 2225 quid
2202 2143 2375 2205 aliud

877 2249 993 2315 est,
1029 2260 1156 2305 non
1184 2242 1491 2317 aemulari,
1527 2260 1653 2305 non
1686 2242 1922 2316 inflari,
1955 2259 2083 2304 non
2116 2240 2372 2315 irritari,

876 2356 1005 2401 non
1062 2358 1247 2420 agere
1305 2358 1663 2421 perperam,
1714 2357 1841 2402 non
1900 2358 2186 2420 quaerere
2234 2358 2375 2419 quae

876 2456 993 2498 sua
1040 2446 1209 2511 sunt,
1259 2456 1387 2501 non
1443 2438 1719 2519 gaudere
1771 2457 1962 2519 super
2012 2437 2371 2519 iniquitate,

875 2552 1003 2597 non
1055 2536 1329 2617 cogitare
1381 2536 1643 2610 malum,
1694 2544 1757 2597 et
1806 2535 2051 2616 reliqua
2108 2554 2250 2615 quae
2297 2535 2374 2596 de

875 2632 1133 2695 caritate
1170 2632 1393 2696 scribit
1424 2634 1785 2715 ApostoluS,
1820 2633 1943 2694 nisi
1982 2632 2216 2694 offerre
2247 2632 2375 2694 Deo

874 2746 983 2792 cor
1030 2730 1385 2812 perfectum
1435 2739 1625 2813 atque
1676 2732 2117 2813 purissimum,
2160 2738 2223 2792 et
2267 2749 2374 2792 cu-

872 2829 1107 2891 stodire
1169 2829 1328 2892 illud
1386 2850 1425 2892 a
1482 2829 2067 2912 perturbationibus
2126 2829 2373 2890 cunctis

873 2926 1182 2990 intactum
1216 2931 1239 2989 2

1254 3208 1758 3272 CAPITULUM
1824 3208 1973 3271 VII.

1024 3381 1108 3436 De
1137 3380 1478 3453 appetenda
1506 3380 1710 3435 cordis
1740 3382 2218 3453 tranquillitate.

1016 3610 1207 3673 MNIA
1238 3629 1388 3692 ergo
1417 3611 1712 3692 gerenda,
1748 3611 2117 3673 sustinenda
2155 3631 2228 3673 ac
2269 3630 2375 3693 ap-

1036 3711 1305 3790 petenda
1354 3718 1503 3772 sunt
1551 3709 1735 3771 nobis
1784 3710 1983 3790 gratia
2040 3718 2230 3791 atque
2281 3709 2376 3771 in-

873 3805 1038 3868 tuitu
1072 3806 1364 3886 puritatis
1406 3806 1609 3868 istius,
1645 3808 1760 3869 Pro
1790 3826 1917 3888 qua
1955 3825 2373 3888 agnoscamus

872 3921 989 3966 nos
1035 3902 1265 3965 debere
1312 3904 1635 3985 suscipere
1676 3904 1943 3985 jejunia,
1980 3905 2255 3985 vigilias,
2292 3906 2378 3966 la-

872 4000 1081 4075 boreS,
1136 4002 1417 4083 corporis
1466 4002 1844 4076 nuditatem,
1898 4002 2225 4076 lectioneS,
2281 4022 2378 4064 ce-

874 4106 1166 4179 terasque
1210 4100 1499 4173 virtuteS‚
1544 4107 1613 4161 ut
1656 4119 1770 4181 per
1818 4099 1957 4161 illas
2002 4118 2376 4163 conservare

2491 1946 2578 2008 nil
2631 1946 2837 2009 oberit
2885 1948 2938 2009 si
2997 1948 3237 2028 aliquid
3289 1966 3366 2009 ex
3415 1946 3806 2009 secundariis
3857 1945 3990 2007 illis

2488 2041 2681 2105 fuerit
2726 2063 2804 2105 ex
2849 2045 3224 2106 necessitate
3267 2045 3615 2122 omissum3
3657 2044 3824 2105 sicut
3865 2060 3990 2103 nec

2488 2141 2770 2222 proderit
2817 2142 3032 2204 omnia
3090 2142 3198 2205 illa
3254 2142 3504 2215 fecisse,
3556 2142 3814 2223 dempta
3866 2140 3990 2202 hac

2488 2240 2827 2321 principali
2880 2241 3136 2314 virtute,
3189 2240 3374 2322 cujus
3432 2240 3633 2320 gratia
3689 2240 3992 2301 universa

2487 2344 2636 2397 sunt
2684 2325 3058 2418 peragenda.
3113 2338 3205 2401 Ob
3253 2339 3373 2401 hoc
3432 2338 3672 2419 quippe
3727 2336 3991 2398 festinat

2486 2434 2630 2515 quis
2689 2435 2813 2497 sibi
2863 2435 3250 2498 constituere
3300 2455 3412 2498 seu
3473 2453 3694 2517 parare
3752 2434 3989 2495 instru-

2488 2540 2700 2594 menta
2729 2533 3076 2614 cujuslibet
3105 2534 3284 2607 artis,
3303 2551 3430 2596 non
3463 2540 3533 2595 ut
3563 2551 3636 2595 ea
3667 2531 3991 2613 possideat

2483 2629 2706 2704 otiosa,
2742 2649 2950 2712 neque
2994 2640 3064 2692 ut
3105 2637 3298 2712 ponat
3339 2629 3620 2692 fructum
3663 2629 3987 2692 commodi

2485 2745 2675 2808 quem
2710 2738 2920 2810 sperat
2951 2747 3028 2789 ex
3059 2728 3500 2790 instrumentis
3527 2727 3881 2809 acquirere,
3917 2727 3990 2788 in

2485 2826 2654 2887 nuda
2695 2826 3263 2889 instrumentorum
3305 2826 3739 2908 possessione3
3771 2825 3883 2887 sed
3913 2834 3992 2886 ut

2483 2942 2703 2986 eorum
2753 2924 3059 3006 obsequio
3117 2923 3468 2987 efficaciter
3524 2924 3985 3006 apprehendat,

2409 3024 2452 3087 C
2483 3021 2703 3096 discat,
2747 3022 2882 3084 sive
2923 3032 3213 3085 exerceat
3257 3023 3551 3105 peritiam
3594 3023 3769 3096 artiS,
3801 3029 3866 3083 et
3909 3020 3989 3083 fi-

2485 3137 2630 3180 nem
2681 3119 2821 3200 ejus
2872 3120 3176 3195 obtineat,
3232 3120 3336 3182 cui
3392 3120 3816 3182 instrumenta
3873 3118 3990 3181 illa

2484 3216 2912 3279 subserviunt.
2960 3219 3158 3299 Igitur
3194 3218 3462 3299 jejunia,
3495 3218 3751 3299 vigiliae,
3785 3217 3992 3279 medi-

2485 3314 2636 3377 tatio
2667 3316 3160 3396 Scripturarum,
3195 3317 3448 3378 nuditas
3487 3324 3678 3397 atque
3709 3315 3990 3397 privatio

2482 3412 2771 3474 omnium
2823 3413 3216 3487 facultatum,
3271 3432 3397 3477 non
3457 3422 3606 3476 sunt
3655 3414 3794 3495 ipsa
3841 3432 3990 3495 per·

2484 3507 2696 3582 sectio,
2716 3512 2826 3572 sed
2857 3509 3267 3592 perfectionis
3300 3511 3724 3573 instrumenta
3750 3530 3826 3573 ac
3859 3530 3994 3572 me-

2484 3608 2587 3669 dia
2631 3625 2644 3669 :
2688 3609 2990 3690 quoniam
3038 3608 3192 3671 finis
3243 3609 3600 3692 disciplinae
3647 3609 3793 3672 vitae
3841 3609 3994 3671 reli-

2483 3706 2674 3786 giosae
2723 3723 2848 3768 non
2901 3706 3192 3768 consistit
3241 3707 3306 3767 in
3356 3706 3534 3789 ipsiS‚
3587 3707 3695 3769 sed
3746 3726 3862 3788 per
3913 3726 3992 3770 ea

2487 3806 2741 3866 venitur
2797 3806 2874 3866 ad
2933 3804 3154 3866 finem.
3208 3805 3449 3867 Idcirco
3500 3806 3772 3867 inaniter
3829 3805 3990 3868 facit

2486 3903 2786 3964 exercitia
2821 3903 2950 3976 illa,
2984 3904 3096 3984 qui
3127 3903 3220 3965 eis
3250 3911 3552 3985 tanquam
3591 3922 3842 3967 summo
3877 3904 3992 3966 bo—

2487 4019 2569 4062 no
2609 4010 2944 4063 contentus
2987 4011 3102 4075 est,
3137 4021 3254 4063 nec
3295 4002 3502 4065 cordis
3545 4002 3645 4064 sui
3691 4002 3992 4065 intentio—

2488 4119 2635 4161 nem
2686 4099 2983 4163 defixerit
3030 4101 3242 4174 altius,
3294 4120 3412 4163 nec
3459 4118 3647 4163 omne
3696 4101 3988 4164 studium

874 4197 1193 4279 possimus
1234 4198 1502 4261 illaesum
1546 4217 1653 4260 cor
1691 4206 1979 4261 nostrum
2010 4199 2091 4262 ab
2126 4200 2378 4260 univer·
2406 4210 2455 4271 D
2487 4197 2740 4259 virtutis
2781 4199 3152 4279 expenderit
3187 4200 3266 4260 ad
3299 4198 3750 4280 acquirendum
3780 4199 3990 4261 finem

874 4296 962 4357 sis
1017 4297 1419 4377 passionibus
1474 4298 1702 4371 noxiiS,
1756 4306 1818 4358 et
1868 4298 2025 4359 illud
2081 4300 2213 4361 Deo
2268 4316 2376 4379 pa-

875 4410 1063 4472 rare3
1114 4394 1192 4455 ad
1253 4393 1534 4456 caritatis
1592 4412 1846 4475 quoque
1913 4395 2372 4476 perfectionem

872 4490 1213 4552 ascendere
1261 4492 1585 4553 valeamus
1636 4492 1966 4555 innitendo
2018 4493 2118 4553 his
2173 4494 2376 4573 gradi-

875 4586 1013 4648 bus.
1050 4587 1293 4649 Interea
1330 4588 1385 4650 si
1424 4587 1585 4650 forte
1618 4590 1924 4669 praeventi
1957 4589 2374 4671 occupatione

872 4684 1086 4766 aliqua
1125 4686 1481 4747 necessaria
1520 4695 1628 4747 aut
1667 4686 1951 4759 honesta,
1985 4706 2111 4749 non
2154 4695 2374 4769 potue-

874 4782 1077 4845 rimus
1119 4782 1469 4865 adimplere
1508 4784 1757 4846 solitam
1800 4784 2263 4846 districtionem
2310 4786 2374 4847 in

875 4882 1195 4943 exercitiis
1245 4882 1394 4955 illis,
1440 4899 1567 4943 non
1610 4882 1917 4944 debemus
1967 4891 2226 4965 propter
2269 4884 2377 4945 ob-

878 4980 1225 5041 servantias
1286 4979 1439 5041 tales
1499 4981 1787 5054 omissaS,
1848 4981 2127 5043 incidere
2189 4982 2371 5057 iram,

880 5078 1345 5160 impatientiam
1392 5086 1503 5139 aut
1550 5079 2072 5160 indignationem,
2116 5088 2376 5161 propter

878 5195 1149 5257 quarum
1190 5176 1633 5257 expulsionem
1677 5178 1992 5257 agendum
2039 5175 2161 5238 fuit
2204 5179 2373 5259 quod

878 5274 1047 5336 circa
1084 5274 1386 5337 exercitia
1430 5274 1595 5336 bona
1635 5275 1989 5337 omisimus.
2024 5276 2161 5338 Non
2201 5277 2374 5337 enim

2487 4304 2746 4376 propter
2784 4315 2976 4377 quem
3018 4298 3374 4379 appetenda
3417 4304 3566 4359 sunt
3601 4296 3711 4358 illa
3743 4316 3758 4360 :
3792 4297 3992 4360 habet

2487 4395 2660 4456 enim
2711 4395 3130 4457 instrumenta
3181 4396 3354 4458 illius
3400 4396 3575 4468 artiS,
3618 4395 3730 4457 sed
3776 4394 3986 4458 finem

2485 4492 2626 4574 ejus
2668 4493 2928 4574 ignorat.
2965 4493 3284 4575 Quidquid
3334 4494 3524 4575 igitur
3567 4502 3773 4576 potest
3816 4494 3986 4557 hanc

2487 4591 2718 4651 mentis
2767 4598 2998 4653 nostrae
3047 4591 3389 4671 puritatem
3437 4610 3510 4653 ac
3561 4592 3986 4673 tranquillita-

2485 4696 2614 4749 tem
2645 4689 2921 4762 turbare,
2953 4689 3364 4751 devitandum
3403 4697 3498 4751 est
3531 4697 3832 4772 tanquam
3871 4709 3988 4754 no-

2487 4786 2722 4857 civum,
2766 4788 3058 4866 quamvis
3103 4787 3533 4849 necessarium
3577 4788 3866 4850 videatur
3907 4808 3986 4850 ac

2489 4884 2660 4945 utile.
2685 4884 2812 4946 Hoc
2843 4885 3080 4946 etenim
3115 4885 3299 4948 modo
3333 4885 3682 4967 poterimus
3710 4886 3986 4949 evadere

2485 4983 2883 5062 evagationes
2927 4991 2990 5043 et
3030 4982 3492 5063 dispersionem
3543 4984 3832 5047 omnium
3875 5002 3986 5048 co-

2484 5080 2860 5160 gitationum
2895 5088 3310 5155 terrenarum,
3343 5090 3406 5143 et
3434 5082 3860 5144 desideratum
3889 5091 3986 5144 at·

2487 5178 2731 5258 tingere
2762 5177 2960 5240 finem
2993 5196 3107 5260 per
3131 5186 3318 5243 certae
3348 5180 3716 5243 directionis
3746 5179 3986 5243 lineam

2489 5295 2562 5339 ac
2605 5284 2985 5357 respectum.
