4359 6267
586 4127 775 4235 ¹gluttit.
788 4142 845 4181 vi,

880 481 999 547 148

1600 507 2015 555 coLLATlONUM
2056 508 2143 554 SS.
2175 508 2420 554 PATmm
2460 506 2636 553 mmm
2678 508 2716 553 1.
2761 526 2843 535 —
2882 507 3170 555 contulo
3209 508 3230 553 1

878 673 1225 737 tentatione
1286 677 1564 740 humana
1626 686 1736 741 aut
1792 678 2007 760 aliqua
2067 675 2368 741 novitatis
2396 675 2449 738 A
2477 694 2585 740 eos
2623 678 2891 758 vestigia
2929 685 3080 741 sunt
3120 677 3516 759 indagatione
3558 676 3980 761 prudentissi-

879 774 1399 854 praesumptione,
1443 794 1522 837 an
1563 776 1763 857 gloria
1803 795 1962 839 vana
2000 794 2129 839 non
2170 775 2370 839 mino-

877 869 1111 931 raverit
1142 871 1276 935 sive
1309 873 1643 935 abstulerit
1675 874 1922 955 pondus
1956 874 2167 937 meriti
2204 875 2363 955 ejus.

878 965 1109 1049 Sicque
1168 970 1548 1034 trutinantes
1608 972 1900 1034 examine
1957 972 2240 1053 publico,
2305 972 2367 1034 id

876 1073 992 1139 est,
1028 1067 1427 1132 conferentes
1472 1089 1546 1133 ea
1586 1070 1665 1132 ad
1698 1077 1877 1133 actus
1912 1077 1975 1132 et
2003 1070 2369 1132 testimonia

877 1163 1332 1245 Prophetarum
1390 1176 1455 1231 et
1509 1168 1977 1250 Apostolorum,
2039 1176 2368 1230 teneamus

875 1280 949 1324 ea
980 1271 1281 1346 tanquam
1320 1266 1625 1329 damnosa
1652 1274 1713 1328 et
1746 1266 2140 1348 imperfecta,
2175 1286 2213 1328 a
2243 1284 2370 1328 me-

875 1360 1171 1423 tallorum
1217 1365 1495 1444 pondere
1536 1364 1811 1438 dissona,
1847 1365 1911 1427 id
1951 1372 2047 1426 est
2089 1384 2126 1426 a
2166 1364 2370 1446 gravi-

874 1465 1001 1521 tate
1045 1460 1353 1524 virtutum
1398 1462 1783 1525 deficientia.

1244 1715 1746 1779 CAPITULUM
1789 1714 2011 1777 XXII.

1140 1856 1227 1911 De
1272 1856 1673 1929 quadruplici
1718 1854 2104 1911 discretione.

1009 2049 1133 2112 RIT
1172 2069 1322 2132 ergo
1364 2051 1662 2114 discretio
1705 2052 1825 2114 ista
1864 2053 2221 2115 necessaria
2262 2070 2371 2116 no-

1027 2148 1127 2210 bis
1158 2151 1511 2212 secundum
1544 2150 1804 2212 modum
1835 2151 2367 2233 quadripartitum

877 2246 1287 2327 praedictum:
1313 2255 1382 2310 ut
1413 2248 1640 2329 prim0,
1660 2266 1775 2312 nos
1806 2267 1933 2312 non
1963 2250 2154 2312 lateat
2184 2256 2371 2311 mate-

875 2345 970 2406 ria
1008 2344 1147 2406 auri
1177 2347 1311 2408 veri
1351 2354 1462 2408 aut
1491 2348 1855 2429 apparentis
1894 2366 2006 2409 seu
2048 2348 2368 2431 simulati3

875 2444 1176 2517 secund0,
1212 2452 1281 2505 ut
1323 2444 1737 2526 reprobemus
1785 2446 2196 2527 cogitationes
2239 2454 2371 2508 tan-

876 2560 1068 2622 quam
1108 2542 1464 2605 adulterina
1501 2542 1905 2617 numismata,
1940 2564 2082 2626 quae
2120 2563 2372 2625 persua-

875 2640 1027 2701 dent
1057 2640 1223 2703 bona
1250 2660 1389 2704 esse
1420 2660 1563 2723 quae
1594 2641 1759 2704 mala
1790 2650 2198 2725 sunt,utpote
2229 2661 2371 2724 quae

874 2756 1003 2801 non
1042 2738 1288 2819 signata
1327 2739 1631 2821 legitime,
1666 2740 1993 2802 continent
2022 2740 2248 2803 falsam
2279 2760 2372 2803 re-

872 2836 969 2918 gis
1018 2838 1217 2899 nostri
1268 2838 1647 2919 imaginem;
1696 2838 1905 2913 tertio,
1957 2846 2026 2900 ut
2074 2838 2372 2901 similiter

873 2934 1151 2998 refutare
1199 2936 1518 3017 possimus
1567 2936 1676 2998 illa
1724 2956 1865 3019 quae
1915 2937 1980 2999 in
2028 2955 2186 3000 auro
2234 2957 2373 3019 pre-

2478 795 2583 839 ma
2639 777 3053 851 retractanda,
3105 796 3186 839 ne
3243 776 3406 839 forte
3461 776 3674 858 aliqua
3727 776 3979 839 intelle-

2479 874 2708 937 ctualis
2757 873 2982 949 bestia,
3035 883 3109 936 ut
3153 875 3255 937 leo
3300 883 3411 936 aut
3459 875 3647 937 draco
3697 873 3788 935 ibi
3837 893 3983 955 per-

2477 972 2815 1047 transienS,
2843 970 3133 1035 'latenter
3179 972 3573 1055 impresserit
3621 973 3984 1054 perniciosa

2478 1070 2758 1151 vestigia,
2774 1088 2889 1152 per
2912 1090 3054 1152 quae
3083 1070 3440 1155 praebeatur
3467 1088 3760 1132 accessus
3783 1069 3980 1132 etiam

2479 1170 2706 1232 ceteris
2751 1168 2984 1232 talibus
3034 1169 3257 1232 hestiis
3299 1168 3366 1231 in
3410 1177 3654 1231 secreta
3701 1169 3982 1251 pectoris

2478 1267 2676 1330 nostri
2728 1286 2843 1349 per
2887 1267 3340 1349 negligentiam
3393 1265 3811 1349 cogitationis.
3865 1267 3980 1329 Ta-

2479 1366 2622 1427 liter
2669 1384 2820 1447 ergo
2877 1374 3245 1429 exercentes
3293 1373 3358 1428 et
3405 1366 3684 1429 colentes
3741 1371 3979 1427 terram

2479 1464 2688 1527 cordis
2739 1463 2938 1527 nostri
2992 1482 3107 1546 per
3155 1464 3436 1545 singulas
3485 1463 3671 1527 horas
3717 1481 3792 1525 ac
3841 1480 3978 1525 mo-

2479 1570 2694 1625 menta
2735 1562 3102 1643 evangelico
3143 1569 3373 1637 aratro,
3406 1562 3528 1625 hoc
3565 1570 3664 1624 est
3697 1560 3834 1643 jugi
3880 1580 3978 1623 re-

2479 1660 2840 1723 cordatione
2879 1660 3192 1742 passionis
3232 1660 3589 1735 dominicae,
3625 1659 3980 1742 poterimus

2477 1759 2798 1821 eradicare
2827 1777 2906 1821 ex
2944 1757 3130 1821 nobis
3153 1757 3408 1843 ‘cubilia
3445 1758 3782 1821 noxiarum
3819 1758 3982 1821 fera-

2404 1862 2451 1923 B
2481 1875 2646 1931 rum,
2698 1856 2962 1919 latibula
3017 1874 3274 1939 quoque
3331 1864 3790 1919 venenatorum
3847 1875 3980 1918 ser-

2480 1956 2796 2038 pentium,
2838 1955 2900 2016 id
2945 1962 3041 2016 est
3084 1954 3334 2017 diversa
3375 1973 3606 2036 genera
3649 1954 3975 2017 vitiorum.

2824 2244 3328 2309 CAPITULUM
3378 2245 3633 2309 XXIII.

2478 2423 2562 2478 De
2590 2436 2857 2476 sermone
2884 2420 3151 2475 doctoris
3171 2420 3494 2476 secundum
3511 2420 3984 2493 dispositionem

2834 2514 2892 2564 et
2917 2510 3198 2565 meritum
3223 2506 3626 2566 audientium.

2619 2738 2668 2800 D
2714 2738 2850 2801 haec
2894 2756 3087 2801 senex
3125 2735 3600 2820 obstupefactos
3647 2756 3764 2801 nos
3811 2738 3986 2801 intu-

2638 2835 3257 2918 ens,insatiabilique
3286 2836 3508 2899 ardore
3538 2854 3878 2899 succensos
3899 2837 3982 2898 ad

2479 2936 2675 2998 verba
2713 2956 2843 2999 suae
2874 2935 3274 3008 narrationiS,
3309 2952 3621 3017 suspenso
3651 2935 3985 3017 paulisper

872 3033 1221 3097 tiosissimo
1288 3034 1755 3116 Scripturarum
1829 3054 1955 3098 non
2023 3035 2370 3118 praeferunt
2407 3034 2451 3098 C
2481 3053 2772 3097 sermone
2813 3052 2928 3116 pro
2957 3034 3374 3096 admiratione
3412 3032 3710 3096 desiderii
3750 3035 3981 3107 nostri,

873 3134 1123 3195 vultum
1163 3133 1298 3195 veri
1344 3133 1530 3213 regiS,
1564 3134 1674 3195 sed
1718 3134 1989 3217 tyranni,
2022 3152 2100 3197 ex
2142 3135 2372 3198 vitiosa

872 3238 1063 3313 atque
1102 3229 1395 3293 haeretica
1434 3232 1866 3312 expositione3
1899 3240 2143 3313 quarto,
2176 3233 2369 3295 etiam

875 3346 1243 3390 recusemus
1282 3348 1359 3390 ea
1387 3346 1659 3410 quorum
1703 3331 1951 3410 pondus
1983 3350 2059 3392 ac
2092 3332 2370 3411 pretium

873 3444 1085 3507 aerugo
1133 3427 1429 3489 vanitatis
1490 3429 1849 3501 corrodenS,
1902 3447 2027 3491 non
2088 3429 2243 3492 sinit
2299 3450 2372 3493 ea

873 3524 1189 3605 adaequari
1221 3523 1470 3587 actibus
1502 3524 1823 3587 seniorum
1850 3544 1864 3588 τ
1894 3526 2038 3589 ideo
2067 3534 2370 3609 tanquam

875 3622 1261 3684 numismata
1291 3622 1455 3684 levia
1492 3641 1565 3684 ac
1596 3624 1898 3685 damnosa
1926 3632 1989 3685 et
2021 3624 2235 3687 minus
2266 3644 2371 3686 va-

877 3720 1070 3782 lentia
1119 3728 1269 3782 sunt
1315 3720 1593 3795 vitanda,
1644 3741 1725 3783 ne
1776 3730 2141 3785 corruentes
2191 3722 2257 3784 in
2308 3723 2370 3785 id

875 3818 1048 3900 quod
1084 3837 1161 3880 ex
1202 3826 1519 3901 praecepto
1552 3820 1783 3883 Christi
1825 3827 2116 3882 tenemur
2145 3822 2368 3897 vitare,

876 3916 1206 3998 privemur
1250 3917 1564 3979 universis
1610 3917 1854 3980 meritis
1900 3925 2091 3999 atque
2134 3920 2371 4001 stipen-

875 4014 997 4077 diis
1036 4014 1325 4077 laborum
1364 4021 1750 4098 actuumque
1791 4023 2190 4096 nostrorum3
2223 4036 2371 4078 nam

873 4113 982 4187 ait,
1014 4113 1220 4176 Nolite
1261 4113 1685 4176 thesaurizare
1715 4113 1897 4176 vobis
1936 4115 2266 4177 thesauros
2307 4114 2370 4176 in

2481 3152 2700 3195 rursus
2743 3132 2978 3214 adjecit
3013 3150 3026 3193 :
3061 3132 3239 3205 Quia,
3273 3149 3313 3194 o
3349 3130 3496 3205 filii,
3530 3132 3834 3193 sedulitas
3877 3151 3988 3195 ve-

2479 3236 2608 3291 stra
2645 3248 2759 3292 nos
2801 3229 3169 3310 provocavit
3206 3229 3284 3291 ad
3315 3229 3811 3310 disputationem
3846 3237 3984 3291 tam

2480 3329 2755 3409 longam,
2789 3335 2852 3390 et
2895 3327 3058 3409 ignis
3101 3328 3337 3390 amoris
3379 3326 3822 3390 subministrat
3869 3346 3988 3390 no—

2479 3434 2624 3489 strae
2654 3425 2998 3500 collationi,
3021 3427 3248 3489 merito
3277 3423 3574 3489 desiderii
3601 3426 3814 3501 vestri,
3839 3446 3988 3489 sen-

2480 3544 2587 3587 sus
2627 3524 3065 3598 ferventioreS,
3099 3532 3172 3585 ut
3200 3543 3276 3587 ex
3315 3524 3436 3586 hoc
3467 3524 3607 3605 ipso
3639 3523 3986 3587 manifeste

2481 3624 2870 3706 conspiciam
2910 3642 3022 3686 vos
3061 3623 3297 3686 sentire
3339 3642 3412 3685 ac
3450 3623 3627 3685 sitire
3666 3624 3990 3685 veraciter

2480 3722 2832 3785 doctrinam
2877 3721 3284 3803 perfectionis
3320 3741 3333 3785 ε
3368 3722 3513 3785 volo
3553 3720 3733 3784 vobis
3769 3722 3990 3783 adhuc

2480 3839 2683 3902 pauca
2721 3820 3032 3883 disserere
3071 3819 3148 3881 de
3187 3820 3535 3882 eminentia
3567 3828 3630 3881 et
3656 3820 3860 3899 gratia
3889 3819 3994 3881 di-

2480 3918 2814 3982 scretionis
2851 3918 3020 3999 (quae
3071 3917 3235 3978 inter
3274 3924 3535 3979 cunctas
3579 3916 3848 3979 virtutes
3892 3926 3992 3980 te-

2481 4024 2590 4077 net
2647 4016 2992 4097 primatum
3050 4034 3124 4077 ac
3180 4014 3440 4095 arcem),
3489 4014 3994 4079 demonstrando

2479 4114 2922 4176 excellentiam
2969 4113 3111 4194 ejus
3159 4131 3284 4176 non
3334 4113 3542 4176 solum
3590 4113 3992 4195 quotidianis

874 4220 1061 4286 terra,
1114 4213 1224 4276 ubi
1282 4230 1495 4294 aerugo
1550 4221 1613 4275 et
1665 4214 1837 4276 tinea
1894 4214 2257 4288 demolitur,
2308 4222 2370 4277 et
2401 4218 2452 4280 D
2479 4212 2814 4293 exemplis,
2837 4212 2949 4274 sed
2978 4211 3259 4293 antiquis
3289 4229 3544 4293 quoque
3571 4212 3825 4274 Patrum
3857 4213 3992 4275 col·

877 4311 985 4373 ubi
1031 4310 1205 4375 fures
1247 4311 1565 4374 effodiunt
1603 4319 1666 4374 et
1706 4312 2015 4374 furantur.
2049 4313 2370 4394 Quidquid

873 4410 1045 4472 enim
1098 4410 1331 4472 intuitu
1389 4410 1604 4491 gloriae
1661 4411 1956 4473 humanae
2003 4410 2367 4483 fecerimuS,

874 4508 995 4570 hoe
1031 4508 1212 4589 juxta
1252 4508 1482 4571 Christi
1523 4509 1903 4571 sententiam
1944 4508 2008 4570 in
2040 4516 2206 4571 terra
2237 4509 2370 4571 the-

874 4606 1265 4669 saurizamus
1286 4625 1299 4670 :
1320 4606 1539 4687 sicque
1571 4607 1847 4670 sciamus
1879 4606 2037 4669 illud
2069 4616 2370 4689 tanquam

875 4705 943 4767 in
992 4713 1158 4767 terra
1216 4704 1612 4767 reconditum
1672 4724 1781 4767 seu
1834 4705 2180 4779 defossum,
2233 4724 2372 4768 esse

874 4824 913 4866 a
942 4803 1210 4866 diversis
1240 4802 1570 4866 daemoniis
1601 4804 2203 4878 destruendum,aut
2234 4822 2375 4867 con-

875 4902 1260 4964 sumendum
1291 4901 1467 4963 edaci
1499 4901 1779 4982 aerugine
1806 4902 2021 4981 gloriae
2052 4922 2250 4976 vanae,
2265 4911 2374 4965 aut

876 5000 1085 5062 taliter
1116 4998 1547 5062 devorandum
1578 4997 1767 5061 tineis
1806 4998 2142 5081 superbiae,
2178 5008 2248 5062 ut
2279 5020 2373 5063 re-

878 5098 1175 5161 condenti
1222 5116 1335 5160 seu
1380 5096 1667 5178 operanti
1717 5096 1782 5159 in
1832 5096 2009 5160 nullo
2052 5096 2368 5179 proficiat.

876 5196 1108 5260 Omnes
1158 5196 1353 5278 igitur
1393 5214 1681 5258 recessus
1730 5195 1937 5258 cordis
1980 5196 2179 5259 nostri
2225 5205 2376 5258 sunt

876 5294 1113 5376 jugiter
1156 5292 1619 5377 perscrutandi,
1651 5294 2261 5376 ascendentiumque
2304 5294 2372 5356 in

2481 4310 2822 4373 lationibus
2858 4318 3049 4392 atque
3089 4310 3440 4372 sententiis.
3475 4310 3861 4391 Frequenter
3891 4320 3991 4373 et-

2479 4410 2652 4471 enim
2692 4409 2955 4471 memini
2999 4428 3100 4471 me
3131 4428 3530 4490 nequaquam
3572 4409 3854 4489 potuisse
3887 4410 3992 4473 in—

2480 4516 2724 4571 struere
2774 4506 3164 4589 postulantes
3215 4526 3318 4569 me
3367 4506 3553 4569 talem
3615 4525 3990 4571 sermonem

2482 4625 2629 4668 cum
2669 4605 2828 4667 fletu
2859 4613 2921 4668 et
2951 4606 3215 4687 gemitu,
3247 4604 3441 4667 etiam
3476 4605 3632 4667 dum
3673 4624 3990 4687 cuperem

2481 4704 2845 4767 satisfacere
2894 4704 3009 4778 eiS,
3063 4705 3173 4766 sed
3234 4704 3320 4765 ita
3381 4704 3446 4765 in
3506 4722 3610 4765 me
3667 4704 3994 4768 defecisse

2481 4820 2607 4865 non
2661 4802 3101 4865 tantummodo
3156 4801 3578 4875 intellectum,
3628 4802 3739 4864 sed
3785 4802 3992 4866 etiam

2481 4900 2773 4974 verbum,
2823 4908 2894 4962 ut
2951 4918 3078 4963 non
3138 4898 3493 4962 invenirem
3552 4900 3826 4981 qualiter
3875 4902 3994 4964 vel

2483 5019 2630 5061 cum
2680 4999 2851 5081 quali
2903 4997 3330 5061 consolatione
3380 4996 3764 5060 dimitterem
3811 4998 3988 5062 ἰΙΙοε.

2483 5098 2574 5160 Ex
2618 5096 2852 5179 quibus
2903 5096 3156 5159 indiciis
3205 5096 3535 5159 evidenter
3576 5096 3996 5177 cognoscitur

2483 5196 2650 5258 Deus
2697 5194 2891 5278 gratis
2938 5194 3261 5277 adspirare
3313 5211 3671 5256 sermonem
3714 5194 3992 5276 loquen-

2485 5293 2659 5356 tibus
2697 5310 2814 5377 pro
2849 5292 3249 5356 audientium
3285 5290 3516 5355 merito
3551 5300 3617 5354 et
3649 5290 3912 5355 affectu.
