<?xml version="1.0" encoding="UTF-8"?>
<!DOCTYPE html PUBLIC "-//W3C//DTD XHTML 1.0 Transitional//EN"
    "http://www.w3.org/TR/xhtml1/DTD/xhtml1-transitional.dtd">
<html xmlns="http://www.w3.org/1999/xhtml" xml:lang="en" lang="en">
 <head>
  <title>
</title>
<meta http-equiv="Content-Type" content="text/html;charset=utf-8" />
  <meta name='ocr-system' content='tesseract 3.04.00' />
  <meta name='ocr-capabilities' content='ocr_page ocr_carea ocr_par ocr_line ocrx_word'/>
</head>
<body>
  <div class='ocr_page' id='page_1' title='image "./doctorisecstati03denigoog_0117.png"; bbox 0 0 4359 6267; ppageno 0'>
   <div class='ocr_carea' id='block_1_1' title="bbox 1316 514 2634 563">
    <p class='ocr_par' dir='ltr' id='par_1_1' title="bbox 1316 514 2634 563">
     <span class='ocr_line' id='line_1_1' title="bbox 1316 514 2634 563; baseline -0.003 0"><span class='ocrx_word' id='word_1_1' title='bbox 1316 518 1395 563; x_wconf 72' lang='lat' dir='ltr'><strong>DE</strong></span> <span class='ocrx_word' id='word_1_2' title='bbox 1438 516 1765 563; x_wconf 81' lang='lat' dir='ltr'><strong>INSTITU&#39;rls</strong></span> <span class='ocrx_word' id='word_1_3' title='bbox 1808 518 1892 563; x_wconf 85' lang='lat' dir='ltr'><strong>SS.</strong></span> <span class='ocrx_word' id='word_1_4' title='bbox 1928 516 2188 563; x_wconf 70' lang='lat' dir='ltr'><strong>PATRUM.</strong></span> <span class='ocrx_word' id='word_1_5' title='bbox 2235 534 2316 545; x_wconf 90' lang='lat'><strong>—·-</strong></span> <span class='ocrx_word' id='word_1_6' title='bbox 2355 514 2530 561; x_wconf 76' lang='lat' dir='ltr'>LIBER</span> <span class='ocrx_word' id='word_1_7' title='bbox 2569 516 2634 560; x_wconf 84' lang='lat' dir='ltr'><strong>XI</strong></span> 
     </span>
    </p>
   </div>
   <div class='ocr_carea' id='block_1_2' title="bbox 3401 488 3520 554">
    <p class='ocr_par' dir='ltr' id='par_1_2' title="bbox 3401 488 3520 554">
     <span class='ocr_line' id='line_1_2' title="bbox 3401 488 3520 554; baseline 0 -1"><span class='ocrx_word' id='word_1_8' title='bbox 3401 488 3520 554; x_wconf 82' lang='lat'><strong>109</strong></span> 
     </span>
    </p>
   </div>
   <div class='ocr_carea' id='block_1_3' title="bbox 1573 938 2376 1049">
    <p class='ocr_par' dir='ltr' id='par_1_3' title="bbox 1573 938 2376 1049">
     <span class='ocr_line' id='line_1_3' title="bbox 1573 938 2376 1049; baseline -0.004 0"><span class='ocrx_word' id='word_1_9' title='bbox 1573 938 2089 1049; x_wconf 88' lang='lat' dir='ltr'>LIBER</span> <span class='ocrx_word' id='word_1_10' title='bbox 2209 938 2376 1046; x_wconf 94' lang='lat' dir='ltr'><strong>XI</strong></span> 
     </span>
    </p>
   </div>
   <div class='ocr_carea' id='block_1_4' title="bbox 983 1254 2975 1310">
    <p class='ocr_par' dir='ltr' id='par_1_4' title="bbox 983 1254 2975 1310">
     <span class='ocr_line' id='line_1_4' title="bbox 983 1254 2975 1310; baseline -0.002 -1"><span class='ocrx_word' id='word_1_11' title='bbox 983 1258 1085 1310; x_wconf 92' lang='lat' dir='ltr'><strong>DE</strong></span> <span class='ocrx_word' id='word_1_12' title='bbox 1156 1257 1475 1309; x_wconf 85' lang='lat' dir='ltr'>SPIRITU</span> <span class='ocrx_word' id='word_1_13' title='bbox 1548 1256 2033 1309; x_wconf 84' lang='lat' dir='ltr'>CENODOXIAE</span> <span class='ocrx_word' id='word_1_14' title='bbox 2104 1256 2254 1307; x_wconf 88' lang='lat' dir='ltr'><strong>SEU</strong></span> <span class='ocrx_word' id='word_1_15' title='bbox 2323 1255 2566 1306; x_wconf 80' lang='lat' dir='ltr'>VANAE</span> <span class='ocrx_word' id='word_1_16' title='bbox 2637 1254 2975 1307; x_wconf 67' lang='lat' dir='ltr'><strong>GLORIAE.</strong></span> 
     </span>
    </p>
   </div>
   <div class='ocr_carea' id='block_1_5' title="bbox 646 1621 1699 1687">
    <p class='ocr_par' dir='ltr' id='par_1_5' title="bbox 646 1621 1699 1687">
     <span class='ocr_line' id='line_1_5' title="bbox 646 1621 1699 1687; baseline -0.004 0"><span class='ocrx_word' id='word_1_17' title='bbox 646 1623 1225 1687; x_wconf 86' lang='lat' dir='ltr'>CAPITULUM</span> <span class='ocrx_word' id='word_1_18' title='bbox 1285 1621 1699 1684; x_wconf 90' lang='lat' dir='ltr'><strong>PRIMUM.</strong></span> 
     </span>
    </p>
   </div>
   <div class='ocr_carea' id='block_1_6' title="bbox 416 1770 1917 2022">
    <p class='ocr_par' dir='ltr' id='par_1_6' title="bbox 416 1770 1917 2022">
     <span class='ocr_line' id='line_1_6' title="bbox 416 1770 1917 1845; baseline -0.005 -16"><span class='ocrx_word' id='word_1_19' title='bbox 416 1774 593 1841; x_wconf 82' lang='lat' dir='ltr'><strong>Quod</strong></span> <span class='ocrx_word' id='word_1_20' title='bbox 637 1773 957 1845; x_wconf 82' lang='lat' dir='ltr'><strong>septimum</strong></span> <span class='ocrx_word' id='word_1_21' title='bbox 1005 1778 1305 1828; x_wconf 81' lang='lat' dir='ltr'><strong>certamen</strong></span> <span class='ocrx_word' id='word_1_22' title='bbox 1348 1771 1431 1825; x_wconf 82' lang='lat' dir='ltr'><strong>sit</strong></span> <span class='ocrx_word' id='word_1_23' title='bbox 1478 1770 1653 1825; x_wconf 84' lang='lat' dir='ltr'><strong>nobis</strong></span> <span class='ocrx_word' id='word_1_24' title='bbox 1705 1774 1917 1826; x_wconf 80' lang='lat' dir='ltr'><strong>contra</strong></span> 
     </span>
     <span class='ocr_line' id='line_1_7' title="bbox 490 1858 1916 1932; baseline -0.004 -15"><span class='ocrx_word' id='word_1_25' title='bbox 490 1862 895 1918; x_wconf 75' lang='lat' dir='ltr'><strong>cenodooeiam</strong></span> <span class='ocrx_word' id='word_1_26' title='bbox 921 1876 1025 1917; x_wconf 82' lang='lat' dir='ltr'><strong>seu</strong></span> <span class='ocrx_word' id='word_1_27' title='bbox 1049 1860 1314 1932; x_wconf 75' lang='lat' dir='ltr'><strong>qloriam</strong></span> <span class='ocrx_word' id='word_1_28' title='bbox 1340 1874 1594 1921; x_wconf 83' lang='lat' dir='ltr'><strong>vanam‚·</strong></span> <span class='ocrx_word' id='word_1_29' title='bbox 1623 1862 1679 1913; x_wconf 82' lang='lat' dir='ltr'><strong>et</strong></span> <span class='ocrx_word' id='word_1_30' title='bbox 1706 1858 1779 1913; x_wconf 80' lang='lat' dir='ltr'><strong>de</strong></span> <span class='ocrx_word' id='word_1_31' title='bbox 1808 1874 1916 1913; x_wconf 80' lang='lat' dir='ltr'><strong>na-</strong></span> 
     </span>
     <span class='ocr_line' id='line_1_8' title="bbox 492 1951 883 2022; baseline -0.003 -16"><span class='ocrx_word' id='word_1_32' title='bbox 492 1958 635 2006; x_wconf 78' lang='lat' dir='ltr'><strong>tura</strong></span> <span class='ocrx_word' id='word_1_33' title='bbox 664 1951 883 2022; x_wconf 76' lang='lat' dir='ltr'><strong>ipsius.</strong></span> 
     </span>
    </p>
   </div>
   <div class='ocr_carea' id='block_1_7' title="bbox 416 2154 1917 2726">
    <p class='ocr_par' dir='ltr' id='par_1_7' title="bbox 416 2154 1917 2726">
     <span class='ocr_line' id='line_1_9' title="bbox 542 2154 1917 2219; baseline -0.004 -1"><span class='ocrx_word' id='word_1_34' title='bbox 542 2156 885 2219; x_wconf 84' lang='lat' dir='ltr'><strong>EPTIMUM</strong></span> <span class='ocrx_word' id='word_1_35' title='bbox 943 2154 1128 2217; x_wconf 92' lang='lat' dir='ltr'><strong>nobis</strong></span> <span class='ocrx_word' id='word_1_36' title='bbox 1187 2161 1505 2216; x_wconf 88' lang='lat' dir='ltr'><strong>certamen</strong></span> <span class='ocrx_word' id='word_1_37' title='bbox 1554 2161 1650 2215; x_wconf 91' lang='lat' dir='ltr'><strong>est</strong></span> <span class='ocrx_word' id='word_1_38' title='bbox 1700 2160 1917 2214; x_wconf 86' lang='lat' dir='ltr'><strong>contra</strong></span> 
     </span>
     <span class='ocr_line' id='line_1_10' title="bbox 562 2254 1913 2335; baseline -0.003 -19"><span class='ocrx_word' id='word_1_39' title='bbox 562 2254 926 2317; x_wconf 61' lang='lat' dir='ltr'><strong>cenodoxiae</strong></span> <span class='ocrx_word' id='word_1_40' title='bbox 964 2254 1286 2335; x_wconf 88' lang='lat' dir='ltr'><strong>spiritum,</strong></span> <span class='ocrx_word' id='word_1_41' title='bbox 1320 2271 1511 2334; x_wconf 87' lang='lat' dir='ltr'><strong>quam</strong></span> <span class='ocrx_word' id='word_1_42' title='bbox 1543 2270 1658 2314; x_wconf 91' lang='lat' dir='ltr'><strong>nos</strong></span> <span class='ocrx_word' id='word_1_43' title='bbox 1694 2270 1913 2333; x_wconf 90' lang='lat' dir='ltr'><strong>possu—</strong></span> 
     </span>
     <span class='ocr_line' id='line_1_11' title="bbox 418 2350 1913 2433; baseline -0.002 -20"><span class='ocrx_word' id='word_1_44' title='bbox 418 2372 563 2414; x_wconf 87' lang='lat' dir='ltr'><strong>mus</strong></span> <span class='ocrx_word' id='word_1_45' title='bbox 612 2372 841 2415; x_wconf 86' lang='lat' dir='ltr'><strong>vanam</strong></span> <span class='ocrx_word' id='word_1_46' title='bbox 900 2352 1169 2433; x_wconf 81' lang='lat' dir='ltr'><strong>gloriam</strong></span> <span class='ocrx_word' id='word_1_47' title='bbox 1225 2350 1564 2433; x_wconf 89' lang='lat' dir='ltr'><strong>appellare.</strong></span> <span class='ocrx_word' id='word_1_48' title='bbox 1620 2351 1766 2424; x_wconf 84' lang='lat' dir='ltr'><strong>Quae</strong></span> <span class='ocrx_word' id='word_1_49' title='bbox 1819 2356 1913 2411; x_wconf 89' lang='lat' dir='ltr'><strong>est</strong></span> 
     </span>
     <span class='ocr_line' id='line_1_12' title="bbox 417 2448 1915 2525; baseline -0.003 -13"><span class='ocrx_word' id='word_1_50' title='bbox 417 2450 858 2525; x_wconf 86' lang='lat' dir='ltr'><strong>multiformis,</strong></span> <span class='ocrx_word' id='word_1_51' title='bbox 908 2451 1083 2511; x_wconf 87' lang='lat' dir='ltr'><strong>varia</strong></span> <span class='ocrx_word' id='word_1_52' title='bbox 1137 2469 1211 2511; x_wconf 92' lang='lat' dir='ltr'><strong>ac</strong></span> <span class='ocrx_word' id='word_1_53' title='bbox 1270 2449 1545 2523; x_wconf 90' lang='lat' dir='ltr'><strong>subtilis,</strong></span> <span class='ocrx_word' id='word_1_54' title='bbox 1608 2448 1695 2510; x_wconf 93' lang='lat' dir='ltr'><strong>ita</strong></span> <span class='ocrx_word' id='word_1_55' title='bbox 1753 2455 1823 2508; x_wconf 87' lang='lat' dir='ltr'><strong>ut</strong></span> <span class='ocrx_word' id='word_1_56' title='bbox 1878 2467 1915 2509; x_wconf 97' lang='lat' dir='ltr'><strong>a</strong></span> 
     </span>
     <span class='ocr_line' id='line_1_13' title="bbox 416 2546 1915 2632; baseline -0.003 -21"><span class='ocrx_word' id='word_1_57' title='bbox 416 2548 995 2632; x_wconf 78' lang='lat' dir='ltr'><strong>perspicacissimis</strong></span> <span class='ocrx_word' id='word_1_58' title='bbox 1032 2547 1235 2610; x_wconf 92' lang='lat' dir='ltr'><strong>oculis</strong></span> <span class='ocrx_word' id='word_1_59' title='bbox 1264 2548 1373 2609; x_wconf 85' lang='lat' dir='ltr'><strong>vix</strong></span> <span class='ocrx_word' id='word_1_60' title='bbox 1413 2547 1633 2628; x_wconf 89' lang='lat' dir='ltr'><strong>possit,</strong></span> <span class='ocrx_word' id='word_1_61' title='bbox 1668 2564 1794 2609; x_wconf 92' lang='lat' dir='ltr'><strong>non</strong></span> <span class='ocrx_word' id='word_1_62' title='bbox 1825 2546 1915 2608; x_wconf 91' lang='lat' dir='ltr'><strong>di-</strong></span> 
     </span>
     <span class='ocr_line' id='line_1_14' title="bbox 417 2644 1909 2726; baseline -0.005 -15"><span class='ocrx_word' id='word_1_63' title='bbox 417 2668 559 2711; x_wconf 91' lang='lat' dir='ltr'><strong>cam</strong></span> <span class='ocrx_word' id='word_1_64' title='bbox 592 2647 825 2721; x_wconf 87' lang='lat' dir='ltr'><strong>caveri,</strong></span> <span class='ocrx_word' id='word_1_65' title='bbox 858 2647 967 2709; x_wconf 89' lang='lat' dir='ltr'><strong>sed</strong></span> <span class='ocrx_word' id='word_1_66' title='bbox 999 2644 1331 2726; x_wconf 83' lang='lat' dir='ltr'><strong>praevideri</strong></span> <span class='ocrx_word' id='word_1_67' title='bbox 1363 2653 1472 2707; x_wconf 89' lang='lat' dir='ltr'><strong>aut</strong></span> <span class='ocrx_word' id='word_1_68' title='bbox 1500 2644 1909 2725; x_wconf 79' lang='lat' dir='ltr'><strong>deprehendi.</strong></span> 
     </span>
    </p>
   </div>
   <div class='ocr_carea' id='block_1_8' title="bbox 836 2897 1491 2962">
    <p class='ocr_par' dir='ltr' id='par_1_8' title="bbox 836 2897 1491 2962">
     <span class='ocr_line' id='line_1_15' title="bbox 836 2897 1491 2962; baseline -0.005 0"><span class='ocrx_word' id='word_1_69' title='bbox 836 2897 1341 2962; x_wconf 82' lang='lat' dir='ltr'><strong>CAPITULUM</strong></span> <span class='ocrx_word' id='word_1_70' title='bbox 1402 2897 1491 2960; x_wconf 92' lang='grc' dir='ltr'><strong>ΙΙ.</strong></span> 
     </span>
    </p>
   </div>
   <div class='ocr_carea' id='block_1_9' title="bbox 415 3042 1915 3208">
    <p class='ocr_par' dir='ltr' id='par_1_9' title="bbox 415 3042 1915 3208">
     <span class='ocr_line' id='line_1_16' title="bbox 415 3042 1915 3118; baseline -0.002 -17"><span class='ocrx_word' id='word_1_71' title='bbox 415 3046 591 3115; x_wconf 77' lang='lat' dir='ltr'><strong>Quod</strong></span> <span class='ocrx_word' id='word_1_72' title='bbox 616 3047 955 3102; x_wconf 77' lang='lat' dir='ltr'><strong>cenodoxia</strong></span> <span class='ocrx_word' id='word_1_73' title='bbox 974 3046 1179 3118; x_wconf 81' lang='lat' dir='ltr'><strong>pulset</strong></span> <span class='ocrx_word' id='word_1_74' title='bbox 1198 3044 1548 3101; x_wconf 76' lang='lat' dir='ltr'><strong>monachum</strong></span> <span class='ocrx_word' id='word_1_75' title='bbox 1577 3060 1699 3099; x_wconf 84' lang='lat' dir='ltr'><strong>non</strong></span> <span class='ocrx_word' id='word_1_76' title='bbox 1725 3042 1915 3099; x_wconf 81' lang='lat' dir='ltr'><strong>solum</strong></span> 
     </span>
     <span class='ocr_line' id='line_1_17' title="bbox 530 3131 1803 3208; baseline -0.003 -18"><span class='ocrx_word' id='word_1_77' title='bbox 530 3137 598 3191; x_wconf 84' lang='lat' dir='ltr'><strong>in</strong></span> <span class='ocrx_word' id='word_1_78' title='bbox 619 3141 803 3208; x_wconf 82' lang='lat' dir='ltr'><strong>parte</strong></span> <span class='ocrx_word' id='word_1_79' title='bbox 830 3134 1097 3198; x_wconf 82' lang='lat' dir='ltr'><strong>carnali,</strong></span> <span class='ocrx_word' id='word_1_80' title='bbox 1119 3134 1225 3189; x_wconf 78' lang='lat' dir='ltr'><strong>sed</strong></span> <span class='ocrx_word' id='word_1_81' title='bbox 1250 3134 1433 3189; x_wconf 82' lang='lat' dir='ltr'><strong>etiam</strong></span> <span class='ocrx_word' id='word_1_82' title='bbox 1460 3131 1803 3205; x_wconf 73' lang='lat' dir='ltr'><strong>spirituali.</strong></span> 
     </span>
    </p>
   </div>
   <div class='ocr_carea' id='block_1_10' title="bbox 130 3330 1917 5076">
    <p class='ocr_par' dir='ltr' id='par_1_10' title="bbox 557 3330 1916 3511">
     <span class='ocr_line' id='line_1_18' title="bbox 557 3330 1913 3412; baseline -0.001 -18"><span class='ocrx_word' id='word_1_83' title='bbox 557 3332 670 3395; x_wconf 82' lang='lat' dir='ltr'><strong>AM</strong></span> <span class='ocrx_word' id='word_1_84' title='bbox 698 3351 859 3394; x_wconf 86' lang='lat' dir='ltr'><strong>vana</strong></span> <span class='ocrx_word' id='word_1_85' title='bbox 894 3331 1097 3412; x_wconf 86' lang='lat' dir='ltr'><strong>gloria</strong></span> <span class='ocrx_word' id='word_1_86' title='bbox 1134 3348 1259 3393; x_wconf 92' lang='lat' dir='ltr'><strong>non</strong></span> <span class='ocrx_word' id='word_1_87' title='bbox 1296 3330 1501 3392; x_wconf 91' lang='lat' dir='ltr'><strong>solum</strong></span> <span class='ocrx_word' id='word_1_88' title='bbox 1544 3330 1752 3411; x_wconf 88' lang='lat' dir='ltr'><strong>pulsat</strong></span> <span class='ocrx_word' id='word_1_89' title='bbox 1784 3348 1913 3392; x_wconf 92' lang='lat' dir='ltr'><strong>mo-</strong></span> 
     </span>
     <span class='ocr_line' id='line_1_19' title="bbox 577 3428 1916 3511; baseline -0.002 -19"><span class='ocrx_word' id='word_1_90' title='bbox 577 3430 853 3492; x_wconf 85' lang='lat' dir='ltr'><strong>nachum</strong></span> <span class='ocrx_word' id='word_1_91' title='bbox 902 3430 965 3491; x_wconf 88' lang='lat' dir='ltr'><strong>in</strong></span> <span class='ocrx_word' id='word_1_92' title='bbox 1006 3438 1182 3511; x_wconf 90' lang='lat' dir='ltr'><strong>parte</strong></span> <span class='ocrx_word' id='word_1_93' title='bbox 1233 3429 1468 3490; x_wconf 90' lang='lat' dir='ltr'><strong>carnali</strong></span> <span class='ocrx_word' id='word_1_94' title='bbox 1512 3446 1623 3489; x_wconf 91' lang='lat' dir='ltr'><strong>seu</strong></span> <span class='ocrx_word' id='word_1_95' title='bbox 1669 3428 1916 3490; x_wconf 90' lang='lat' dir='ltr'><strong>sensiti-</strong></span> 
     </span>
    </p>

    <p class='ocr_par' dir='ltr' id='par_1_11' title="bbox 130 3525 1917 5076">
     <span class='ocr_line' id='line_1_20' title="bbox 412 3525 1910 3607; baseline -0.003 -17"><span class='ocrx_word' id='word_1_96' title='bbox 412 3548 519 3603; x_wconf 78' lang='lat' dir='ltr'><strong>va,</strong></span> <span class='ocrx_word' id='word_1_97' title='bbox 568 3535 635 3589; x_wconf 87' lang='lat' dir='ltr'><strong>ut</strong></span> <span class='ocrx_word' id='word_1_98' title='bbox 683 3535 894 3590; x_wconf 89' lang='lat' dir='ltr'><strong>cetera</strong></span> <span class='ocrx_word' id='word_1_99' title='bbox 941 3527 1116 3600; x_wconf 85' lang='lat' dir='ltr'><strong>vitia,</strong></span> <span class='ocrx_word' id='word_1_100' title='bbox 1169 3527 1278 3589; x_wconf 91' lang='lat' dir='ltr'><strong>sed</strong></span> <span class='ocrx_word' id='word_1_101' title='bbox 1327 3526 1521 3587; x_wconf 88' lang='lat' dir='ltr'><strong>etiam</strong></span> <span class='ocrx_word' id='word_1_102' title='bbox 1571 3525 1910 3607; x_wconf 79' lang='lat' dir='ltr'><strong>spirituali,</strong></span> 
     </span>
     <span class='ocr_line' id='line_1_21' title="bbox 416 3624 1915 3707; baseline -0.002 -18"><span class='ocrx_word' id='word_1_103' title='bbox 416 3628 715 3707; x_wconf 82' lang='lat' dir='ltr'><strong>ingerens</strong></span> <span class='ocrx_word' id='word_1_104' title='bbox 758 3646 826 3687; x_wconf 92' lang='lat' dir='ltr'><strong>se</strong></span> <span class='ocrx_word' id='word_1_105' title='bbox 872 3625 1069 3687; x_wconf 90' lang='lat' dir='ltr'><strong>menti</strong></span> <span class='ocrx_word' id='word_1_106' title='bbox 1118 3624 1404 3706; x_wconf 82' lang='lat' dir='ltr'><strong>nequitia</strong></span> <span class='ocrx_word' id='word_1_107' title='bbox 1446 3624 1785 3699; x_wconf 89' lang='lat' dir='ltr'><strong>subtiliori,</strong></span> <span class='ocrx_word' id='word_1_108' title='bbox 1830 3625 1915 3686; x_wconf 87' lang='lat' dir='ltr'><strong>ita</strong></span> 
     </span>
     <span class='ocr_line' id='line_1_22' title="bbox 414 3721 1915 3806; baseline -0.001 -21"><span class='ocrx_word' id='word_1_109' title='bbox 414 3724 591 3806; x_wconf 85' lang='lat' dir='ltr'><strong>quod</strong></span> <span class='ocrx_word' id='word_1_110' title='bbox 640 3723 706 3784; x_wconf 90' lang='lat' dir='ltr'><strong>hi</strong></span> <span class='ocrx_word' id='word_1_111' title='bbox 757 3722 867 3804; x_wconf 91' lang='lat' dir='ltr'><strong>qui</strong></span> <span class='ocrx_word' id='word_1_112' title='bbox 922 3721 1207 3803; x_wconf 89' lang='lat' dir='ltr'><strong>superari</strong></span> <span class='ocrx_word' id='word_1_113' title='bbox 1258 3738 1385 3784; x_wconf 91' lang='lat' dir='ltr'><strong>non</strong></span> <span class='ocrx_word' id='word_1_114' title='bbox 1435 3730 1723 3803; x_wconf 89' lang='lat' dir='ltr'><strong>poterant</strong></span> <span class='ocrx_word' id='word_1_115' title='bbox 1770 3741 1915 3803; x_wconf 92' lang='lat' dir='ltr'><strong>pec-</strong></span> 
     </span>
     <span class='ocr_line' id='line_1_23' title="bbox 414 3817 1917 3899; baseline 0 -18"><span class='ocrx_word' id='word_1_116' title='bbox 414 3819 577 3881; x_wconf 87' lang='lat' dir='ltr'><strong>catis</strong></span> <span class='ocrx_word' id='word_1_117' title='bbox 635 3817 1021 3891; x_wconf 88' lang='lat' dir='ltr'><strong>carnalibus,</strong></span> <span class='ocrx_word' id='word_1_118' title='bbox 1072 3818 1281 3879; x_wconf 85' lang='lat' dir='ltr'><strong>acrius</strong></span> <span class='ocrx_word' id='word_1_119' title='bbox 1330 3818 1746 3879; x_wconf 83' lang='lat' dir='ltr'><strong>vulnerentur</strong></span> <span class='ocrx_word' id='word_1_120' title='bbox 1803 3838 1917 3899; x_wconf 92' lang='lat' dir='ltr'><strong>per</strong></span> 
     </span>
     <span class='ocr_line' id='line_1_24' title="bbox 413 3915 1916 3998; baseline 0 -18"><span class='ocrx_word' id='word_1_121' title='bbox 413 3936 645 3980; x_wconf 76' lang='lat' dir='ltr'><strong>vanam</strong></span> <span class='ocrx_word' id='word_1_122' title='bbox 686 3917 956 3998; x_wconf 84' lang='lat' dir='ltr'><strong>gloriam</strong></span> <span class='ocrx_word' id='word_1_123' title='bbox 997 3936 1074 3977; x_wconf 86' lang='lat' dir='ltr'><strong>ex</strong></span> <span class='ocrx_word' id='word_1_124' title='bbox 1114 3915 1557 3997; x_wconf 84' lang='lat' dir='ltr'><strong>spiritualibus</strong></span> <span class='ocrx_word' id='word_1_125' title='bbox 1600 3916 1732 3979; x_wconf 91' lang='lat' dir='ltr'><strong>suis</strong></span> <span class='ocrx_word' id='word_1_126' title='bbox 1774 3936 1916 3998; x_wconf 83' lang='lat' dir='ltr'><strong>pro-</strong></span> 
     </span>
     <span class='ocr_line' id='line_1_25' title="bbox 414 4014 1915 4095; baseline -0.001 -18"><span class='ocrx_word' id='word_1_127' title='bbox 414 4015 695 4079; x_wconf 85' lang='lat' dir='ltr'><strong>fectibus</strong></span> <span class='ocrx_word' id='word_1_128' title='bbox 726 4014 1141 4078; x_wconf 88' lang='lat' dir='ltr'><strong>ortam.Unde</strong></span> <span class='ocrx_word' id='word_1_129' title='bbox 1171 4022 1346 4076; x_wconf 87' lang='lat' dir='ltr'><strong>tanto</strong></span> <span class='ocrx_word' id='word_1_130' title='bbox 1374 4022 1469 4076; x_wconf 86' lang='lat' dir='ltr'><strong>est</strong></span> <span class='ocrx_word' id='word_1_131' title='bbox 1499 4014 1915 4095; x_wconf 83' lang='lat' dir='ltr'><strong>perniciosior</strong></span> 
     </span>
     <span class='ocr_line' id='line_1_26' title="bbox 410 4112 1909 4196; baseline 0 -20"><span class='ocrx_word' id='word_1_132' title='bbox 410 4122 473 4176; x_wconf 84' lang='lat' dir='ltr'><strong>et</strong></span> <span class='ocrx_word' id='word_1_133' title='bbox 526 4112 949 4196; x_wconf 87' lang='lat' dir='ltr'><strong>periculosior</strong></span> <span class='ocrx_word' id='word_1_134' title='bbox 1005 4113 1083 4173; x_wconf 90' lang='lat' dir='ltr'><strong>ad</strong></span> <span class='ocrx_word' id='word_1_135' title='bbox 1144 4113 1557 4193; x_wconf 85' lang='lat' dir='ltr'><strong>pugnandum</strong></span> <span class='ocrx_word' id='word_1_136' title='bbox 1617 4132 1763 4174; x_wconf 91' lang='lat' dir='ltr'><strong>cum</strong></span> <span class='ocrx_word' id='word_1_137' title='bbox 1817 4133 1909 4188; x_wconf 88' lang='lat' dir='ltr'><strong>ea,</strong></span> 
     </span>
     <span class='ocr_line' id='line_1_27' title="bbox 410 4210 1911 4294; baseline 0.001 -21"><span class='ocrx_word' id='word_1_138' title='bbox 410 4219 655 4294; x_wconf 86' lang='lat' dir='ltr'><strong>quanto</strong></span> <span class='ocrx_word' id='word_1_139' title='bbox 698 4210 1033 4273; x_wconf 89' lang='lat' dir='ltr'><strong>obscurior</strong></span> <span class='ocrx_word' id='word_1_140' title='bbox 1074 4211 1151 4271; x_wconf 89' lang='lat' dir='ltr'><strong>ad</strong></span> <span class='ocrx_word' id='word_1_141' title='bbox 1196 4211 1568 4272; x_wconf 89' lang='lat' dir='ltr'><strong>cavendum.</strong></span> <span class='ocrx_word' id='word_1_142' title='bbox 1615 4210 1911 4274; x_wconf 90' lang='lat' dir='ltr'><strong>Omnium</strong></span> 
     </span>
     <span class='ocr_line' id='line_1_28' title="bbox 412 4300 1913 4391; baseline -0.001 -19"><span class='ocrx_word' id='word_1_143' title='bbox 412 4328 693 4391; x_wconf 88' lang='lat' dir='ltr'><strong>namque</strong></span> <span class='ocrx_word' id='word_1_144' title='bbox 730 4308 1037 4369; x_wconf 85' lang='lat' dir='ltr'><strong>vitiorum</strong></span> <span class='ocrx_word' id='word_1_145' title='bbox 1084 4300 1480 4371; x_wconf 80' lang='lat' dir='ltr'><strong>manifestior</strong></span> <span class='ocrx_word' id='word_1_146' title='bbox 1521 4326 1595 4370; x_wconf 83' lang='lat' dir='ltr'><strong>ac</strong></span> <span class='ocrx_word' id='word_1_147' title='bbox 1638 4310 1913 4391; x_wconf 91' lang='lat' dir='ltr'><strong>apertior</strong></span> 
     </span>
     <span class='ocr_line' id='line_1_29' title="bbox 410 4405 1912 4489; baseline 0.001 -20"><span class='ocrx_word' id='word_1_148' title='bbox 410 4416 511 4469; x_wconf 88' lang='lat' dir='ltr'><strong>est</strong></span> <span class='ocrx_word' id='word_1_149' title='bbox 538 4424 920 4487; x_wconf 86' lang='lat' dir='ltr'><strong>congressus</strong></span> <span class='ocrx_word' id='word_1_150' title='bbox 950 4405 1085 4467; x_wconf 90' lang='lat' dir='ltr'><strong>sive</strong></span> <span class='ocrx_word' id='word_1_151' title='bbox 1115 4406 1403 4479; x_wconf 84' lang='lat' dir='ltr'><strong>tentatio,</strong></span> <span class='ocrx_word' id='word_1_152' title='bbox 1436 4414 1499 4468; x_wconf 93' lang='lat' dir='ltr'><strong>et</strong></span> <span class='ocrx_word' id='word_1_153' title='bbox 1530 4406 1596 4468; x_wconf 92' lang='lat' dir='ltr'><strong>in</strong></span> <span class='ocrx_word' id='word_1_154' title='bbox 1627 4425 1912 4489; x_wconf 91' lang='lat' dir='ltr'><strong>unoquo-</strong></span> 
     </span>
     <span class='ocr_line' id='line_1_30' title="bbox 411 4503 1913 4588; baseline 0.001 -22"><span class='ocrx_word' id='word_1_155' title='bbox 411 4524 540 4588; x_wconf 87' lang='lat' dir='ltr'><strong>que</strong></span> <span class='ocrx_word' id='word_1_156' title='bbox 582 4522 807 4567; x_wconf 89' lang='lat' dir='ltr'><strong>eorum</strong></span> <span class='ocrx_word' id='word_1_157' title='bbox 857 4511 1127 4566; x_wconf 88' lang='lat' dir='ltr'><strong>tentator</strong></span> <span class='ocrx_word' id='word_1_158' title='bbox 1171 4503 1669 4567; x_wconf 88' lang='lat' dir='ltr'><strong>contradictione</strong></span> <span class='ocrx_word' id='word_1_159' title='bbox 1711 4506 1913 4586; x_wconf 85' lang='lat' dir='ltr'><strong>rigida</strong></span> 
     </span>
     <span class='ocr_line' id='line_1_31' title="bbox 412 4601 1912 4677; baseline -0.001 -11"><span class='ocrx_word' id='word_1_160' title='bbox 412 4602 803 4677; x_wconf 85' lang='lat' dir='ltr'><strong>confutatus,</strong></span> <span class='ocrx_word' id='word_1_161' title='bbox 855 4601 1153 4664; x_wconf 86' lang='lat' dir='ltr'><strong>abscedet</strong></span> <span class='ocrx_word' id='word_1_162' title='bbox 1200 4602 1407 4663; x_wconf 85' lang='lat' dir='ltr'><strong>factus</strong></span> <span class='ocrx_word' id='word_1_163' title='bbox 1456 4601 1775 4664; x_wconf 83' lang='lat' dir='ltr'><strong>infirmior</strong></span> <span class='ocrx_word' id='word_1_164' title='bbox 1823 4611 1912 4665; x_wconf 90' lang='lat' dir='ltr'><strong>at-</strong></span> 
     </span>
     <span class='ocr_line' id='line_1_32' title="bbox 410 4699 1911 4784; baseline 0 -21"><span class='ocrx_word' id='word_1_165' title='bbox 410 4721 541 4784; x_wconf 86' lang='lat' dir='ltr'><strong>que</strong></span> <span class='ocrx_word' id='word_1_166' title='bbox 592 4700 877 4774; x_wconf 89' lang='lat' dir='ltr'><strong>inertior,</strong></span> <span class='ocrx_word' id='word_1_167' title='bbox 920 4700 1446 4781; x_wconf 85' lang='lat' dir='ltr'><strong>adversariusque</strong></span> <span class='ocrx_word' id='word_1_168' title='bbox 1495 4699 1779 4780; x_wconf 87' lang='lat' dir='ltr'><strong>dejectus</strong></span> <span class='ocrx_word' id='word_1_169' title='bbox 1820 4702 1911 4763; x_wconf 86' lang='lat' dir='ltr'><strong>vi-</strong></span> 
     </span>
     <span class='ocr_line' id='line_1_33' title="bbox 412 4798 1914 4878; baseline 0 -17"><span class='ocrx_word' id='word_1_170' title='bbox 412 4807 657 4862; x_wconf 81' lang='lat' dir='ltr'><strong>ctorem</strong></span> <span class='ocrx_word' id='word_1_171' title='bbox 698 4817 887 4860; x_wconf 90' lang='lat' dir='ltr'><strong>suum</strong></span> <span class='ocrx_word' id='word_1_172' title='bbox 927 4798 1228 4878; x_wconf 89' lang='lat' dir='ltr'><strong>deinceps</strong></span> <span class='ocrx_word' id='word_1_173' title='bbox 1272 4798 1680 4878; x_wconf 85' lang='lat' dir='ltr'><strong>impotentior</strong></span> <span class='ocrx_word' id='word_1_174' title='bbox 1718 4807 1914 4861; x_wconf 86' lang='lat' dir='ltr'><strong>atten-</strong></span> 
     </span>
     <span class='ocr_line' id='line_1_34' title="bbox 414 4895 1911 4987; baseline 0.001 -29"><span class='ocrx_word' id='word_1_175' title='bbox 414 4895 597 4958; x_wconf 84' lang='lat' dir='ltr'><strong>tabit.</strong></span> <span class='ocrx_word' id='word_1_176' title='bbox 646 4897 839 4958; x_wconf 90' lang='lat' dir='ltr'><strong>Porro</strong></span> <span class='ocrx_word' id='word_1_177' title='bbox 894 4896 1156 4977; x_wconf 89' lang='lat' dir='ltr'><strong>spiritus</strong></span> <span class='ocrx_word' id='word_1_178' title='bbox 1206 4916 1383 4959; x_wconf 76' lang='lat' dir='ltr'><strong>vanae</strong></span> <span class='ocrx_word' id='word_1_179' title='bbox 1440 4898 1655 4978; x_wconf 71' lang='lat' dir='ltr'><strong>gloriae</strong></span> <span class='ocrx_word' id='word_1_180' title='bbox 1713 4918 1911 4987; x_wconf 86' lang='lat' dir='ltr'><strong>quum</strong></span> 
     </span>
     <span class='ocr_line' id='line_1_35' title="bbox 130 4994 1910 5076; baseline 0.001 -20"><span class='ocrx_word' id='word_1_181' title='bbox 130 5014 373 5056; x_wconf 68' lang='lat' dir='ltr'><strong>‘elatione</strong></span> <span class='ocrx_word' id='word_1_182' title='bbox 416 4996 499 5057; x_wconf 90' lang='lat' dir='ltr'><strong>de</strong></span> <span class='ocrx_word' id='word_1_183' title='bbox 540 4996 847 5076; x_wconf 84' lang='lat' dir='ltr'><strong>peccato*</strong></span> <span class='ocrx_word' id='word_1_184' title='bbox 896 4994 1132 5057; x_wconf 89' lang='lat' dir='ltr'><strong>carnali</strong></span> <span class='ocrx_word' id='word_1_185' title='bbox 1180 4996 1515 5058; x_wconf 84' lang='lat' dir='ltr'><strong>tentaverit</strong></span> <span class='ocrx_word' id='word_1_186' title='bbox 1563 4997 1910 5071; x_wconf 87' lang='lat' dir='ltr'><strong>hominem,</strong></span> 
     </span>
    </p>
   </div>
   <div class='ocr_carea' id='block_1_11' title="bbox 1948 1569 3518 1753">
    <p class='ocr_par' dir='ltr' id='par_1_12' title="bbox 1948 1569 3518 1753">
     <span class='ocr_line' id='line_1_36' title="bbox 1948 1569 3518 1653; baseline -0.002 -20"><span class='ocrx_word' id='word_1_187' title='bbox 1948 1572 1999 1633; x_wconf 89' lang='lat' dir='ltr'>A</span> <span class='ocrx_word' id='word_1_188' title='bbox 2032 1579 2169 1633; x_wconf 89' lang='lat' dir='ltr'><strong>tum</strong></span> <span class='ocrx_word' id='word_1_189' title='bbox 2224 1573 2436 1653; x_wconf 88' lang='lat' dir='ltr'><strong>specie</strong></span> <span class='ocrx_word' id='word_1_190' title='bbox 2485 1572 2798 1633; x_wconf 89' lang='lat' dir='ltr'><strong>victorem</strong></span> <span class='ocrx_word' id='word_1_191' title='bbox 2853 1589 3038 1631; x_wconf 91' lang='lat' dir='ltr'><strong>suum</strong></span> <span class='ocrx_word' id='word_1_192' title='bbox 3086 1569 3378 1650; x_wconf 84' lang='lat' dir='ltr'><strong>jugulare</strong></span> <span class='ocrx_word' id='word_1_193' title='bbox 3429 1576 3518 1631; x_wconf 89' lang='lat' dir='ltr'><strong>at-</strong></span> 
     </span>
     <span class='ocr_line' id='line_1_37' title="bbox 2031 1671 2554 1753; baseline 0.002 -21"><span class='ocrx_word' id='word_1_194' title='bbox 2031 1690 2156 1753; x_wconf 90' lang='lat' dir='ltr'><strong>que</strong></span> <span class='ocrx_word' id='word_1_195' title='bbox 2199 1671 2554 1735; x_wconf 87' lang='lat' dir='ltr'><strong>confodere.</strong></span> 
     </span>
    </p>
   </div>
   <div class='ocr_carea' id='block_1_12' title="bbox 2431 1912 3116 1980">
    <p class='ocr_par' dir='ltr' id='par_1_13' title="bbox 2431 1912 3116 1980">
     <span class='ocr_line' id='line_1_38' title="bbox 2431 1912 3116 1980; baseline 0 -2"><span class='ocrx_word' id='word_1_196' title='bbox 2431 1915 2934 1980; x_wconf 84' lang='lat' dir='ltr'><strong>CAPITULUM</strong></span> <span class='ocrx_word' id='word_1_197' title='bbox 2996 1912 3116 1979; x_wconf 88' lang='grc' dir='ltr'><strong>ΙΙΙ.</strong></span> 
     </span>
    </p>
   </div>
   <div class='ocr_carea' id='block_1_13' title="bbox 2219 2062 3339 2223">
    <p class='ocr_par' dir='ltr' id='par_1_14' title="bbox 2219 2062 3339 2223">
     <span class='ocr_line' id='line_1_39' title="bbox 2219 2062 3339 2135; baseline 0 -17"><span class='ocrx_word' id='word_1_198' title='bbox 2219 2064 2390 2130; x_wconf 82' lang='lat' dir='ltr'><strong>Quod</strong></span> <span class='ocrx_word' id='word_1_199' title='bbox 2423 2064 2763 2119; x_wconf 74' lang='lat' dir='ltr'><strong>cenodoxia</strong></span> <span class='ocrx_word' id='word_1_200' title='bbox 2799 2064 2882 2117; x_wconf 83' lang='lat' dir='ltr'><strong>sit</strong></span> <span class='ocrx_word' id='word_1_201' title='bbox 2916 2062 3245 2135; x_wconf 74' lang='lat' dir='ltr'><strong>multiplex</strong></span> <span class='ocrx_word' id='word_1_202' title='bbox 3280 2069 3339 2118; x_wconf 82' lang='lat' dir='ltr'><strong>et</strong></span> 
     </span>
     <span class='ocr_line' id='line_1_40' title="bbox 2568 2152 2982 2223; baseline -0.005 -15"><span class='ocrx_word' id='word_1_203' title='bbox 2568 2152 2982 2223; x_wconf 75' lang='lat' dir='ltr'><strong>multiformis.</strong></span> 
     </span>
    </p>
   </div>
   <div class='ocr_carea' id='block_1_14' title="bbox 1947 2354 3523 3789">
    <p class='ocr_par' dir='ltr' id='par_1_15' title="bbox 1947 2354 3523 3789">
     <span class='ocr_line' id='line_1_41' title="bbox 2152 2354 3523 2438; baseline 0.002 -22"><span class='ocrx_word' id='word_1_204' title='bbox 2152 2354 2405 2417; x_wconf 85' lang='lat' dir='ltr'><strong>ETERA</strong></span> <span class='ocrx_word' id='word_1_205' title='bbox 2445 2363 2659 2418; x_wconf 88' lang='lat' dir='ltr'><strong>autem</strong></span> <span class='ocrx_word' id='word_1_206' title='bbox 2699 2356 2854 2418; x_wconf 88' lang='lat' dir='ltr'><strong>vitia</strong></span> <span class='ocrx_word' id='word_1_207' title='bbox 2897 2376 3008 2419; x_wconf 91' lang='lat' dir='ltr'><strong>seu</strong></span> <span class='ocrx_word' id='word_1_208' title='bbox 3049 2355 3373 2438; x_wconf 89' lang='lat' dir='ltr'><strong>passiones</strong></span> <span class='ocrx_word' id='word_1_209' title='bbox 3417 2374 3523 2419; x_wconf 92' lang='lat' dir='ltr'><strong>no-</strong></span> 
     </span>
     <span class='ocr_line' id='line_1_42' title="bbox 2167 2453 3516 2536; baseline 0.001 -23"><span class='ocrx_word' id='word_1_210' title='bbox 2167 2462 2432 2514; x_wconf 90' lang='lat' dir='ltr'><strong>scuntur</strong></span> <span class='ocrx_word' id='word_1_211' title='bbox 2481 2472 2618 2516; x_wconf 91' lang='lat' dir='ltr'><strong>esse</strong></span> <span class='ocrx_word' id='word_1_212' title='bbox 2664 2454 3014 2517; x_wconf 90' lang='lat' dir='ltr'><strong>uniformes</strong></span> <span class='ocrx_word' id='word_1_213' title='bbox 3056 2473 3131 2516; x_wconf 88' lang='lat' dir='ltr'><strong>ac</strong></span> <span class='ocrx_word' id='word_1_214' title='bbox 3172 2453 3516 2536; x_wconf 89' lang='lat' dir='ltr'><strong>simplices.</strong></span> 
     </span>
     <span class='ocr_line' id='line_1_43' title="bbox 2027 2551 3522 2633; baseline 0 -20"><span class='ocrx_word' id='word_1_215' title='bbox 2027 2551 2214 2613; x_wconf 89' lang='lat' dir='ltr'><strong>Porro</strong></span> <span class='ocrx_word' id='word_1_216' title='bbox 2244 2570 2406 2612; x_wconf 89' lang='lat' dir='ltr'><strong>vana</strong></span> <span class='ocrx_word' id='word_1_217' title='bbox 2437 2551 2638 2633; x_wconf 87' lang='lat' dir='ltr'><strong>gloria</strong></span> <span class='ocrx_word' id='word_1_218' title='bbox 2667 2552 3026 2633; x_wconf 88' lang='lat' dir='ltr'><strong>multiplex,</strong></span> <span class='ocrx_word' id='word_1_219' title='bbox 3061 2552 3234 2615; x_wconf 87' lang='lat' dir='ltr'><strong>varia</strong></span> <span class='ocrx_word' id='word_1_220' title='bbox 3263 2571 3336 2613; x_wconf 92' lang='lat' dir='ltr'><strong>ac</strong></span> <span class='ocrx_word' id='word_1_221' title='bbox 3369 2553 3522 2613; x_wconf 89' lang='lat' dir='ltr'><strong>mul·</strong></span> 
     </span>
     <span class='ocr_line' id='line_1_44' title="bbox 2027 2650 3520 2732; baseline 0.001 -22"><span class='ocrx_word' id='word_1_222' title='bbox 2027 2650 2302 2712; x_wconf 86' lang='lat' dir='ltr'><strong>tiformis</strong></span> <span class='ocrx_word' id='word_1_223' title='bbox 2362 2650 2694 2724; x_wconf 86' lang='lat' dir='ltr'><strong>exsistens,</strong></span> <span class='ocrx_word' id='word_1_224' title='bbox 2749 2651 3032 2732; x_wconf 89' lang='lat' dir='ltr'><strong>undique</strong></span> <span class='ocrx_word' id='word_1_225' title='bbox 3089 2659 3152 2713; x_wconf 93' lang='lat' dir='ltr'><strong>et</strong></span> <span class='ocrx_word' id='word_1_226' title='bbox 3208 2670 3286 2713; x_wconf 86' lang='lat' dir='ltr'><strong>ex</strong></span> <span class='ocrx_word' id='word_1_227' title='bbox 3344 2650 3520 2711; x_wconf 88' lang='lat' dir='ltr'><strong>omni</strong></span> 
     </span>
     <span class='ocr_line' id='line_1_45' title="bbox 1947 2747 3516 2829; baseline -0.003 -17"><span class='ocrx_word' id='word_1_228' title='bbox 1947 2750 1995 2812; x_wconf 89' lang='lat' dir='ltr'><strong>B</strong></span> <span class='ocrx_word' id='word_1_229' title='bbox 2025 2754 2204 2829; x_wconf 89' lang='lat' dir='ltr'><strong>parte</strong></span> <span class='ocrx_word' id='word_1_230' title='bbox 2265 2765 2379 2809; x_wconf 91' lang='lat' dir='ltr'><strong>suo</strong></span> <span class='ocrx_word' id='word_1_231' title='bbox 2442 2748 2720 2810; x_wconf 89' lang='lat' dir='ltr'><strong>occurrit</strong></span> <span class='ocrx_word' id='word_1_232' title='bbox 2783 2748 3007 2810; x_wconf 88' lang='lat' dir='ltr'><strong>victori</strong></span> <span class='ocrx_word' id='word_1_233' title='bbox 3071 2766 3144 2809; x_wconf 89' lang='lat' dir='ltr'><strong>ac</strong></span> <span class='ocrx_word' id='word_1_234' title='bbox 3205 2747 3516 2810; x_wconf 89' lang='lat' dir='ltr'><strong>bellatori.</strong></span> 
     </span>
     <span class='ocr_line' id='line_1_46' title="bbox 2022 2845 3522 2908; baseline 0.001 -2"><span class='ocrx_word' id='word_1_235' title='bbox 2022 2845 2180 2907; x_wconf 91' lang='lat' dir='ltr'><strong>Nam</strong></span> <span class='ocrx_word' id='word_1_236' title='bbox 2222 2846 2494 2908; x_wconf 91' lang='lat' dir='ltr'><strong>militem</strong></span> <span class='ocrx_word' id='word_1_237' title='bbox 2525 2845 2758 2908; x_wconf 88' lang='lat' dir='ltr'><strong>Christi</strong></span> <span class='ocrx_word' id='word_1_238' title='bbox 2790 2845 3124 2907; x_wconf 88' lang='lat' dir='ltr'><strong>vulnerare</strong></span> <span class='ocrx_word' id='word_1_239' title='bbox 3159 2852 3423 2908; x_wconf 85' lang='lat' dir='ltr'><strong>conatur</strong></span> <span class='ocrx_word' id='word_1_240' title='bbox 3453 2845 3522 2907; x_wconf 90' lang='lat' dir='ltr'><strong>in</strong></span> 
     </span>
     <span class='ocr_line' id='line_1_47' title="bbox 2025 2943 3518 3026; baseline 0 -20"><span class='ocrx_word' id='word_1_241' title='bbox 2025 2943 2245 3006; x_wconf 91' lang='lat' dir='ltr'><strong>habitu</strong></span> <span class='ocrx_word' id='word_1_242' title='bbox 2276 2952 2338 3006; x_wconf 93' lang='lat' dir='ltr'><strong>et</strong></span> <span class='ocrx_word' id='word_1_243' title='bbox 2370 2944 2436 3006; x_wconf 90' lang='lat' dir='ltr'><strong>in</strong></span> <span class='ocrx_word' id='word_1_244' title='bbox 2468 2943 2693 3017; x_wconf 83' lang='lat' dir='ltr'><strong>forma,</strong></span> <span class='ocrx_word' id='word_1_245' title='bbox 2719 2944 2785 3006; x_wconf 90' lang='lat' dir='ltr'><strong>in</strong></span> <span class='ocrx_word' id='word_1_246' title='bbox 2817 2944 3090 3017; x_wconf 88' lang='lat' dir='ltr'><strong>incessu,</strong></span> <span class='ocrx_word' id='word_1_247' title='bbox 3110 2962 3518 3026; x_wconf 87' lang='lat' dir='ltr'><strong>opere,voce,</strong></span> 
     </span>
     <span class='ocr_line' id='line_1_48' title="bbox 2025 3042 3519 3123; baseline -0.001 -18"><span class='ocrx_word' id='word_1_248' title='bbox 2025 3042 2283 3122; x_wconf 84' lang='lat' dir='ltr'><strong>vigiliis,</strong></span> <span class='ocrx_word' id='word_1_249' title='bbox 2313 3043 2601 3123; x_wconf 87' lang='lat' dir='ltr'><strong>jejuniis,</strong></span> <span class='ocrx_word' id='word_1_250' title='bbox 2627 3044 2931 3115; x_wconf 91' lang='lat' dir='ltr'><strong>oratione,</strong></span> <span class='ocrx_word' id='word_1_251' title='bbox 2963 3042 3408 3117; x_wconf 83' lang='lat' dir='ltr'><strong>abstractione,</strong></span> <span class='ocrx_word' id='word_1_252' title='bbox 3436 3042 3519 3104; x_wconf 90' lang='lat' dir='ltr'><strong>le-</strong></span> 
     </span>
     <span class='ocr_line' id='line_1_49' title="bbox 2025 3140 3516 3215; baseline 0.001 -13"><span class='ocrx_word' id='word_1_253' title='bbox 2025 3140 2257 3215; x_wconf 88' lang='lat' dir='ltr'><strong>ctione,</strong></span> <span class='ocrx_word' id='word_1_254' title='bbox 2303 3141 2589 3215; x_wconf 89' lang='lat' dir='ltr'><strong>scientia,</strong></span> <span class='ocrx_word' id='word_1_255' title='bbox 2637 3140 3085 3214; x_wconf 85' lang='lat' dir='ltr'><strong>taciturnitate,</strong></span> <span class='ocrx_word' id='word_1_256' title='bbox 3132 3140 3516 3215; x_wconf 89' lang='lat' dir='ltr'><strong>obedientia,</strong></span> 
     </span>
     <span class='ocr_line' id='line_1_50' title="bbox 2025 3238 3521 3320; baseline 0.001 -21"><span class='ocrx_word' id='word_1_257' title='bbox 2025 3238 2408 3312; x_wconf 88' lang='lat' dir='ltr'><strong>humilitate,</strong></span> <span class='ocrx_word' id='word_1_258' title='bbox 2444 3246 2507 3300; x_wconf 92' lang='lat' dir='ltr'><strong>et</strong></span> <span class='ocrx_word' id='word_1_259' title='bbox 2538 3238 3052 3319; x_wconf 81' lang='lat' dir='ltr'><strong>longanimitate3</strong></span> <span class='ocrx_word' id='word_1_260' title='bbox 3085 3246 3146 3300; x_wconf 90' lang='lat' dir='ltr'><strong>et</strong></span> <span class='ocrx_word' id='word_1_261' title='bbox 3175 3238 3350 3300; x_wconf 90' lang='lat' dir='ltr'><strong>velut</strong></span> <span class='ocrx_word' id='word_1_262' title='bbox 3380 3240 3521 3320; x_wconf 92' lang='lat' dir='ltr'><strong>qui-</strong></span> 
     </span>
     <span class='ocr_line' id='line_1_51' title="bbox 2026 3337 3520 3418; baseline 0 -19"><span class='ocrx_word' id='word_1_263' title='bbox 2026 3337 2168 3399; x_wconf 90' lang='lat' dir='ltr'><strong>dam</strong></span> <span class='ocrx_word' id='word_1_264' title='bbox 2201 3337 2775 3418; x_wconf 88' lang='lat' dir='ltr'><strong>perniciosissimus</strong></span> <span class='ocrx_word' id='word_1_265' title='bbox 2805 3337 3106 3418; x_wconf 87' lang='lat' dir='ltr'><strong>scopulus</strong></span> <span class='ocrx_word' id='word_1_266' title='bbox 3138 3337 3520 3399; x_wconf 87' lang='lat' dir='ltr'><strong>tumentibus</strong></span> 
     </span>
     <span class='ocr_line' id='line_1_52' title="bbox 2026 3434 3518 3518; baseline 0.002 -23"><span class='ocrx_word' id='word_1_267' title='bbox 2026 3434 2214 3496; x_wconf 90' lang='lat' dir='ltr'><strong>undis</strong></span> <span class='ocrx_word' id='word_1_268' title='bbox 2256 3442 2535 3516; x_wconf 88' lang='lat' dir='ltr'><strong>opertus,</strong></span> <span class='ocrx_word' id='word_1_269' title='bbox 2569 3434 2817 3496; x_wconf 89' lang='lat' dir='ltr'><strong>inducit</strong></span> <span class='ocrx_word' id='word_1_270' title='bbox 2854 3435 3220 3515; x_wconf 85' lang='lat' dir='ltr'><strong>navigantes</strong></span> <span class='ocrx_word' id='word_1_271' title='bbox 3263 3454 3518 3518; x_wconf 91' lang='lat' dir='ltr'><strong>prospe—</strong></span> 
     </span>
     <span class='ocr_line' id='line_1_53' title="bbox 2026 3531 3518 3614; baseline 0.002 -22"><span class='ocrx_word' id='word_1_272' title='bbox 2026 3548 2095 3593; x_wconf 93' lang='lat' dir='ltr'><strong>ro</strong></span> <span class='ocrx_word' id='word_1_273' title='bbox 2156 3539 2346 3594; x_wconf 89' lang='lat' dir='ltr'><strong>vento</strong></span> <span class='ocrx_word' id='word_1_274' title='bbox 2411 3533 2476 3593; x_wconf 90' lang='lat' dir='ltr'><strong>in</strong></span> <span class='ocrx_word' id='word_1_275' title='bbox 2543 3531 2906 3594; x_wconf 85' lang='lat' dir='ltr'><strong>miserabile</strong></span> <span class='ocrx_word' id='word_1_276' title='bbox 2970 3532 3518 3614; x_wconf 88' lang='lat' dir='ltr'><strong>improvisumque</strong></span> 
     </span>
     <span class='ocr_line' id='line_1_54' title="bbox 2026 3628 3517 3711; baseline 0.001 -21"><span class='ocrx_word' id='word_1_277' title='bbox 2026 3628 2448 3710; x_wconf 81' lang='lat' dir='ltr'><strong>naufragium,</strong></span> <span class='ocrx_word' id='word_1_278' title='bbox 2501 3631 2655 3691; x_wconf 92' lang='lat' dir='ltr'><strong>dum</strong></span> <span class='ocrx_word' id='word_1_279' title='bbox 2712 3648 2839 3691; x_wconf 92' lang='lat' dir='ltr'><strong>non</strong></span> <span class='ocrx_word' id='word_1_280' title='bbox 2891 3637 3148 3692; x_wconf 86' lang='lat' dir='ltr'><strong>cavetur</strong></span> <span class='ocrx_word' id='word_1_281' title='bbox 3196 3649 3313 3692; x_wconf 91' lang='lat' dir='ltr'><strong>nec</strong></span> <span class='ocrx_word' id='word_1_282' title='bbox 3363 3650 3517 3711; x_wconf 83' lang='lat' dir='ltr'><strong>prae-</strong></span> 
     </span>
     <span class='ocr_line' id='line_1_55' title="bbox 2024 3728 2294 3789; baseline 0 0"><span class='ocrx_word' id='word_1_283' title='bbox 2024 3728 2294 3789; x_wconf 88' lang='lat' dir='ltr'><strong>videtur.</strong></span> 
     </span>
    </p>
   </div>
   <div class='ocr_carea' id='block_1_15' title="bbox 1948 3924 3104 4036">
    <p class='ocr_par' dir='ltr' id='par_1_16' title="bbox 1948 3924 3104 4036">
     <span class='ocr_line' id='line_1_56' title="bbox 1948 3924 3104 4036; baseline 0 -1"><span class='ocrx_word' id='word_1_284' title='bbox 1948 3924 1991 3986; x_wconf 75' lang='lat' dir='ltr'>C</span> <span class='ocrx_word' id='word_1_285' title='bbox 2427 3972 2930 4036; x_wconf 80' lang='lat' dir='ltr'><strong>CAPITULUM</strong></span> <span class='ocrx_word' id='word_1_286' title='bbox 2988 3972 3104 4035; x_wconf 74' lang='grc' dir='ltr'><strong>Ν.</strong></span> 
     </span>
    </p>
   </div>
   <div class='ocr_carea' id='block_1_16' title="bbox 2024 4128 3519 4376">
    <p class='ocr_par' dir='ltr' id='par_1_17' title="bbox 2024 4128 3519 4376">
     <span class='ocr_line' id='line_1_57' title="bbox 2024 4128 3519 4199; baseline -0.001 -15"><span class='ocrx_word' id='word_1_287' title='bbox 2024 4129 2197 4196; x_wconf 87' lang='lat' dir='ltr'><strong>Quod</strong></span> <span class='ocrx_word' id='word_1_288' title='bbox 2241 4144 2402 4183; x_wconf 81' lang='lat' dir='ltr'><strong>vana</strong></span> <span class='ocrx_word' id='word_1_289' title='bbox 2455 4128 2662 4199; x_wconf 74' lang='lat' dir='ltr'><strong>ylore‘a</strong></span> <span class='ocrx_word' id='word_1_290' title='bbox 2717 4129 3028 4199; x_wconf 60' lang='lat' dir='ltr'><strong>impugnet</strong></span> <span class='ocrx_word' id='word_1_291' title='bbox 3083 4128 3432 4184; x_wconf 72' lang='lat' dir='ltr'><strong>monachum</strong></span> <span class='ocrx_word' id='word_1_292' title='bbox 3478 4144 3519 4183; x_wconf 89' lang='lat' dir='ltr'><strong>a</strong></span> 
     </span>
     <span class='ocr_line' id='line_1_58' title="bbox 2094 4217 3515 4290; baseline 0.001 -19"><span class='ocrx_word' id='word_1_293' title='bbox 2094 4218 2335 4271; x_wconf 71' lang='lat' dir='ltr'><strong>dextris</strong></span> <span class='ocrx_word' id='word_1_294' title='bbox 2373 4222 2430 4271; x_wconf 83' lang='lat' dir='ltr'><strong>et</strong></span> <span class='ocrx_word' id='word_1_295' title='bbox 2466 4217 2780 4279; x_wconf 77' lang='lat' dir='ltr'><strong>sinistris;</strong></span> <span class='ocrx_word' id='word_1_296' title='bbox 2809 4222 2868 4273; x_wconf 83' lang='lat' dir='ltr'><strong>et</strong></span> <span class='ocrx_word' id='word_1_297' title='bbox 2905 4233 3029 4290; x_wconf 83' lang='lat' dir='ltr'><strong>qua</strong></span> <span class='ocrx_word' id='word_1_298' title='bbox 3064 4217 3515 4288; x_wconf 81' lang='lat' dir='ltr'><strong>comparatione</strong></span> 
     </span>
     <span class='ocr_line' id='line_1_59' title="bbox 2093 4304 2819 4376; baseline -0.001 -15"><span class='ocrx_word' id='word_1_299' title='bbox 2093 4311 2382 4361; x_wconf 83' lang='lat' dir='ltr'><strong>noscatur</strong></span> <span class='ocrx_word' id='word_1_300' title='bbox 2409 4304 2548 4376; x_wconf 82' lang='lat' dir='ltr'><strong>ejus</strong></span> <span class='ocrx_word' id='word_1_301' title='bbox 2572 4311 2819 4361; x_wconf 81' lang='lat' dir='ltr'><strong>natura.</strong></span> 
     </span>
    </p>
   </div>
   <div class='ocr_carea' id='block_1_17' title="bbox 2021 4508 3802 5078">
    <p class='ocr_par' dir='ltr' id='par_1_18' title="bbox 2021 4508 3802 5078">
     <span class='ocr_line' id='line_1_60' title="bbox 2159 4508 3802 4593; baseline 0.005 -21"><span class='ocrx_word' id='word_1_302' title='bbox 2159 4509 2520 4572; x_wconf 83' lang='lat' dir='ltr'><strong>OLENTEM</strong></span> <span class='ocrx_word' id='word_1_303' title='bbox 2550 4527 2699 4590; x_wconf 81' lang='lat' dir='ltr'><strong>ergo</strong></span> <span class='ocrx_word' id='word_1_304' title='bbox 2729 4509 2832 4572; x_wconf 89' lang='lat' dir='ltr'><strong>via</strong></span> <span class='ocrx_word' id='word_1_305' title='bbox 2870 4508 3041 4590; x_wconf 81' lang='lat' dir='ltr'><strong>regia</strong></span> <span class='ocrx_word' id='word_1_306' title='bbox 3075 4510 3366 4572; x_wconf 89' lang='lat' dir='ltr'><strong>incedere</strong></span> <span class='ocrx_word' id='word_1_307' title='bbox 3397 4530 3511 4593; x_wconf 92' lang='lat' dir='ltr'><strong>per</strong></span> <span class='ocrx_word' id='word_1_308' title='bbox 3565 4534 3603 4579; x_wconf 85' lang='grc' dir='ltr'><strong>ιι</strong></span> <span class='ocrx_word' id='word_1_309' title='bbox 3618 4534 3722 4579; x_wconf 76' lang='lat' dir='ltr'><strong>eor.</strong></span> <span class='ocrx_word' id='word_1_310' title='bbox 3743 4550 3802 4587; x_wconf 69' lang='lat' dir='ltr'><strong>vn.</strong></span> 
     </span>
     <span class='ocr_line' id='line_1_61' title="bbox 2187 4601 3638 4688; baseline 0.003 -20"><span class='ocrx_word' id='word_1_311' title='bbox 2187 4627 2363 4668; x_wconf 84' lang='lat' dir='ltr'><strong>arma</strong></span> <span class='ocrx_word' id='word_1_312' title='bbox 2400 4606 2667 4688; x_wconf 83' lang='lat' dir='ltr'><strong>justitiae</strong></span> <span class='ocrx_word' id='word_1_313' title='bbox 2714 4625 2856 4688; x_wconf 80' lang='lat' dir='ltr'><strong>quae</strong></span> <span class='ocrx_word' id='word_1_314' title='bbox 2899 4615 3047 4669; x_wconf 87' lang='lat' dir='ltr'><strong>sunt</strong></span> <span class='ocrx_word' id='word_1_315' title='bbox 3087 4627 3122 4669; x_wconf 90' lang='lat' dir='ltr'><strong>a</strong></span> <span class='ocrx_word' id='word_1_316' title='bbox 3164 4609 3400 4671; x_wconf 85' lang='lat' dir='ltr'><strong>dextris</strong></span> <span class='ocrx_word' id='word_1_317' title='bbox 3449 4618 3511 4672; x_wconf 84' lang='lat' dir='ltr'><strong>et</strong></span> <span class='ocrx_word' id='word_1_318' title='bbox 3541 4602 3581 4649; x_wconf 84' lang='lat'><strong>⁷·</strong></span> <span class='ocrx_word' id='word_1_319' title='bbox 3599 4601 3638 4642; x_wconf 80' lang='lat'><strong>⁸·</strong></span> 
     </span>
     <span class='ocr_line' id='line_1_62' title="bbox 2021 4704 3510 4785; baseline 0.003 -19"><span class='ocrx_word' id='word_1_320' title='bbox 2021 4724 2058 4766; x_wconf 89' lang='lat' dir='ltr'><strong>a</strong></span> <span class='ocrx_word' id='word_1_321' title='bbox 2088 4704 2384 4779; x_wconf 88' lang='lat' dir='ltr'><strong>sinistris,</strong></span> <span class='ocrx_word' id='word_1_322' title='bbox 2417 4712 2686 4785; x_wconf 87' lang='lat' dir='ltr'><strong>oportet,</strong></span> <span class='ocrx_word' id='word_1_323' title='bbox 2716 4704 2898 4785; x_wconf 88' lang='lat' dir='ltr'><strong>juxta</strong></span> <span class='ocrx_word' id='word_1_324' title='bbox 2928 4705 3275 4768; x_wconf 88' lang='lat' dir='ltr'><strong>doctrinam</strong></span> <span class='ocrx_word' id='word_1_325' title='bbox 3313 4707 3510 4783; x_wconf 89' lang='lat' dir='ltr'><strong>Pauli,</strong></span> 
     </span>
     <span class='ocr_line' id='line_1_63' title="bbox 2021 4802 3516 4887; baseline 0.003 -25"><span class='ocrx_word' id='word_1_326' title='bbox 2021 4802 2289 4864; x_wconf 86' lang='lat' dir='ltr'><strong>transire</strong></span> <span class='ocrx_word' id='word_1_327' title='bbox 2329 4820 2443 4883; x_wconf 92' lang='lat' dir='ltr'><strong>per</strong></span> <span class='ocrx_word' id='word_1_328' title='bbox 2479 4802 2744 4881; x_wconf 86' lang='lat' dir='ltr'><strong>gloriam</strong></span> <span class='ocrx_word' id='word_1_329' title='bbox 2785 4810 2847 4864; x_wconf 90' lang='lat' dir='ltr'><strong>et</strong></span> <span class='ocrx_word' id='word_1_330' title='bbox 2883 4802 3366 4883; x_wconf 86' lang='lat' dir='ltr'><strong>ignobilitatem,</strong></span> <span class='ocrx_word' id='word_1_331' title='bbox 3402 4823 3516 4887; x_wconf 91' lang='lat' dir='ltr'><strong>per</strong></span> 
     </span>
     <span class='ocr_line' id='line_1_64' title="bbox 2025 4899 3518 4975; baseline 0.003 -15"><span class='ocrx_word' id='word_1_332' title='bbox 2025 4899 2353 4962; x_wconf 89' lang='lat' dir='ltr'><strong>infamiam</strong></span> <span class='ocrx_word' id='word_1_333' title='bbox 2400 4907 2463 4961; x_wconf 89' lang='lat' dir='ltr'><strong>et</strong></span> <span class='ocrx_word' id='word_1_334' title='bbox 2505 4899 2736 4961; x_wconf 91' lang='lat' dir='ltr'><strong>bonam</strong></span> <span class='ocrx_word' id='word_1_335' title='bbox 2781 4900 3036 4975; x_wconf 86' lang='lat' dir='ltr'><strong>famam,</strong></span> <span class='ocrx_word' id='word_1_336' title='bbox 3077 4908 3137 4963; x_wconf 90' lang='lat' dir='ltr'><strong>et</strong></span> <span class='ocrx_word' id='word_1_337' title='bbox 3179 4902 3348 4963; x_wconf 90' lang='lat' dir='ltr'><strong>viam</strong></span> <span class='ocrx_word' id='word_1_338' title='bbox 3394 4903 3518 4964; x_wconf 87' lang='lat' dir='ltr'><strong>vir—</strong></span> 
     </span>
     <span class='ocr_line' id='line_1_65' title="bbox 2024 4998 3518 5078; baseline 0.003 -21"><span class='ocrx_word' id='word_1_339' title='bbox 2024 4998 2177 5059; x_wconf 88' lang='lat' dir='ltr'><strong>tutis</strong></span> <span class='ocrx_word' id='word_1_340' title='bbox 2218 4998 2490 5078; x_wconf 85' lang='lat' dir='ltr'><strong>dirigere</strong></span> <span class='ocrx_word' id='word_1_341' title='bbox 2532 5004 2700 5059; x_wconf 86' lang='lat' dir='ltr'><strong>tanta</strong></span> <span class='ocrx_word' id='word_1_342' title='bbox 2740 4998 3031 5059; x_wconf 89' lang='lat' dir='ltr'><strong>cautione</strong></span> <span class='ocrx_word' id='word_1_343' title='bbox 3072 4998 3235 5060; x_wconf 90' lang='lat' dir='ltr'><strong>inter</strong></span> <span class='ocrx_word' id='word_1_344' title='bbox 3271 5006 3518 5062; x_wconf 91' lang='lat' dir='ltr'><strong>tumen-</strong></span> 
     </span>
    </p>
   </div>
   <div class='ocr_carea' id='block_1_18' title="bbox 416 5090 3518 5176">
    <p class='ocr_par' dir='ltr' id='par_1_19' title="bbox 416 5090 3518 5176">
     <span class='ocr_line' id='line_1_66' title="bbox 416 5090 3518 5176; baseline 0.002 -22"><span class='ocrx_word' id='word_1_345' title='bbox 416 5100 481 5155; x_wconf 86' lang='lat' dir='ltr'><strong>et</strong></span> <span class='ocrx_word' id='word_1_346' title='bbox 528 5090 719 5163; x_wconf 84' lang='lat' dir='ltr'><strong>fuerit</strong></span> <span class='ocrx_word' id='word_1_347' title='bbox 761 5091 1136 5154; x_wconf 60' lang='lat' dir='ltr'><strong>resistentia}</strong></span> <span class='ocrx_word' id='word_1_348' title='bbox 1183 5099 1362 5155; x_wconf 93' lang='lat' dir='ltr'><strong>scuto</strong></span> <span class='ocrx_word' id='word_1_349' title='bbox 1406 5094 1720 5174; x_wconf 81' lang='lat' dir='ltr'><strong>repulsuS,</strong></span> <span class='ocrx_word' id='word_1_350' title='bbox 1768 5112 1913 5156; x_wconf 85' lang='lat' dir='ltr'><strong>mox</strong></span> <span class='ocrx_word' id='word_1_351' title='bbox 1945 5100 1993 5160; x_wconf 93' lang='lat' dir='ltr'>D</span> <span class='ocrx_word' id='word_1_352' title='bbox 2026 5102 2117 5157; x_wconf 88' lang='lat' dir='ltr'><strong>tes</strong></span> <span class='ocrx_word' id='word_1_353' title='bbox 2170 5095 2406 5156; x_wconf 83' lang='lat' dir='ltr'><strong>fluct-us</strong></span> <span class='ocrx_word' id='word_1_354' title='bbox 2456 5094 2902 5169; x_wconf 88' lang='lat' dir='ltr'><strong>tentationum,</strong></span> <span class='ocrx_word' id='word_1_355' title='bbox 2952 5095 3344 5176; x_wconf 85' lang='lat' dir='ltr'><strong>gubernante</strong></span> <span class='ocrx_word' id='word_1_356' title='bbox 3395 5098 3518 5159; x_wconf 88' lang='lat' dir='ltr'><strong>dis-</strong></span> 
     </span>
    </p>
   </div>
   <div class='ocr_carea' id='block_1_19' title="bbox 420 5188 1916 5369">
    <p class='ocr_par' dir='ltr' id='par_1_20' title="bbox 420 5188 1916 5369">
     <span class='ocr_line' id='line_1_67' title="bbox 420 5188 1916 5272; baseline 0.003 -23"><span class='ocrx_word' id='word_1_357' title='bbox 420 5197 723 5269; x_wconf 85' lang='lat' dir='ltr'><strong>tanquam</strong></span> <span class='ocrx_word' id='word_1_358' title='bbox 764 5188 969 5251; x_wconf 87' lang='lat' dir='ltr'><strong>bestia</strong></span> <span class='ocrx_word' id='word_1_359' title='bbox 1010 5188 1443 5263; x_wconf 89' lang='lat' dir='ltr'><strong>multiformis,</strong></span> <span class='ocrx_word' id='word_1_360' title='bbox 1479 5190 1674 5271; x_wconf 92' lang='lat' dir='ltr'><strong>priori</strong></span> <span class='ocrx_word' id='word_1_361' title='bbox 1708 5210 1916 5272; x_wconf 89' lang='lat' dir='ltr'><strong>perso-</strong></span> 
     </span>
     <span class='ocr_line' id='line_1_68' title="bbox 420 5285 1916 5369; baseline 0.001 -20"><span class='ocrx_word' id='word_1_362' title='bbox 420 5306 507 5349; x_wconf 87' lang='lat' dir='ltr'><strong>na</strong></span> <span class='ocrx_word' id='word_1_363' title='bbox 545 5285 894 5369; x_wconf 86' lang='lat' dir='ltr'><strong>habituque</strong></span> <span class='ocrx_word' id='word_1_364' title='bbox 934 5286 1214 5360; x_wconf 82' lang='lat' dir='ltr'><strong>mutatiS,</strong></span> <span class='ocrx_word' id='word_1_365' title='bbox 1249 5295 1513 5349; x_wconf 90' lang='lat' dir='ltr'><strong>conatur</strong></span> <span class='ocrx_word' id='word_1_366' title='bbox 1556 5288 1676 5350; x_wconf 90' lang='lat' dir='ltr'><strong>sub</strong></span> <span class='ocrx_word' id='word_1_367' title='bbox 1721 5289 1916 5352; x_wconf 88' lang='lat' dir='ltr'><strong>virtu-</strong></span> 
     </span>
    </p>
   </div>
   <div class='ocr_carea' id='block_1_20' title="bbox 1981 5191 3518 5373">
    <p class='ocr_par' dir='ltr' id='par_1_21' title="bbox 1981 5191 3518 5373">
     <span class='ocr_line' id='line_1_69' title="bbox 1981 5191 3516 5274; baseline 0.003 -20"><span class='ocrx_word' id='word_1_368' title='bbox 1981 5236 1999 5242; x_wconf 88' lang='lat'><em>-</em></span> <span class='ocrx_word' id='word_1_369' title='bbox 2026 5193 2304 5255; x_wconf 88' lang='lat' dir='ltr'><strong>cretione</strong></span> <span class='ocrx_word' id='word_1_370' title='bbox 2335 5200 2398 5253; x_wconf 89' lang='lat' dir='ltr'><strong>et</strong></span> <span class='ocrx_word' id='word_1_371' title='bbox 2429 5191 2624 5253; x_wconf 89' lang='lat' dir='ltr'><strong>flante</strong></span> <span class='ocrx_word' id='word_1_372' title='bbox 2665 5193 2850 5255; x_wconf 90' lang='lat' dir='ltr'><strong>nobis</strong></span> <span class='ocrx_word' id='word_1_373' title='bbox 2889 5193 3126 5274; x_wconf 84' lang='lat' dir='ltr'><strong>Spiritu</strong></span> <span class='ocrx_word' id='word_1_374' title='bbox 3165 5194 3412 5268; x_wconf 87' lang='lat' dir='ltr'><strong>Sancto,</strong></span> <span class='ocrx_word' id='word_1_375' title='bbox 3447 5205 3516 5258; x_wconf 87' lang='lat' dir='ltr'><strong>ut</strong></span> 
     </span>
     <span class='ocr_line' id='line_1_70' title="bbox 2026 5289 3518 5373; baseline 0.003 -21"><span class='ocrx_word' id='word_1_376' title='bbox 2026 5291 2301 5353; x_wconf 88' lang='lat' dir='ltr'><strong>sciamus</strong></span> <span class='ocrx_word' id='word_1_377' title='bbox 2333 5307 2448 5352; x_wconf 90' lang='lat' dir='ltr'><strong>nos</strong></span> <span class='ocrx_word' id='word_1_378' title='bbox 2479 5289 3036 5372; x_wconf 90' lang='lat' dir='ltr'><strong>perniciosissimis</strong></span> <span class='ocrx_word' id='word_1_379' title='bbox 3065 5291 3348 5373; x_wconf 90' lang='lat' dir='ltr'><strong>scopulis</strong></span> <span class='ocrx_word' id='word_1_380' title='bbox 3376 5312 3518 5356; x_wconf 91' lang='lat' dir='ltr'><strong>con-</strong></span> 
     </span>
    </p>
   </div>
  </div>
 </body>
</html>
