4359 6267
935 469 1057 532 248

1653 485 2070 534 COLLATIONmt
2111 487 2197 532 SS.
2233 485 2476 530 PATRUM
2516 485 2691 531 LIBER
2734 486 2773 531 1.
2820 505 2899 514 —
2940 486 3227 532 COLLA'rto
3270 487 3331 532 tx

643 679 911 727 smum,
941 655 1098 718 mihi
1145 663 1216 718 ut
1259 655 1577 736 facerem;
1623 663 1686 718 et
1729 675 1972 730 rursuS,
2015 654 2144 734 Ego
2188 671 2305 736 pro
2346 652 2440 714 eis
2470 653 2521 718 A
2548 653 2755 718 forma
2820 655 3133 718 Orationis
3196 655 3531 720 dominicae
3601 655 3879 730 instruit,
3940 655 4031 716 di-

647 746 713 786 1⁹.

673 964 792 1009 leid.
816 967 882 1006 24.

673 1264 781 1306 Luc.
793 1274 894 1304 xxm

647 1332 714 1372 34.

647 1459 840 1567 zaslatth.
854 1471 912 1510 xi,

675 1657 839 1700 Jomm.
855 1668 914 1704 xi,

650 1723 696 1764 4¹
707 1753 718 1762 .

667 2448 782 2494 Ibid.
798 2461 848 2490 xv

647 3529 912 3586 Philippu,

940 753 1274 818 sanctifico
1321 773 1420 816 me
1473 754 1706 837 ipsum,
1750 760 1821 816 ut
1862 753 1990 815 sint
2029 759 2093 815 et
2137 753 2261 835 ipsi
2304 769 2442 813 san-

941 851 1206 915 ctificati
1251 853 1316 914 in
1357 853 1640 914 veritate.
1676 851 2022 914 Postulavit
2065 868 2319 933 quoque
2350 849 2441 911 di-

942 951 1143 1013 cendo
1178 969 1191 1012 :
1225 952 1424 1026 Pater,
1472 968 1631 1032 quos
1676 949 1905 1012 dedisti
1951 949 2132 1022 mihi,
2178 947 2324 1011 volo
2372 954 2439 1008 ut

941 1049 1052 1110 ubi
1095 1067 1212 1131 ego
1250 1068 1416 1124 sum,
1449 1058 1513 1111 et
1553 1048 1645 1110 illi
1687 1049 1815 1110 sint
1859 1067 2136 1122 mecum,
2169 1054 2241 1109 ut
2268 1045 2441 1107 vide-

941 1156 1048 1210 ant
1078 1147 1344 1229 gloriam
1387 1166 1592 1210 meam
1633 1165 1826 1228 quam
1866 1145 2096 1209 dedisti
2140 1144 2301 1205 mihi
2328 1161 2344 1222 3
2376 1150 2439 1204 et

899 1292 909 1310 .
942 1265 1182 1320 rursuS,
1223 1247 1422 1320 Pater,
1459 1246 1714 1326 ignosce
1755 1245 1904 1318 illis,
1949 1245 2099 1326 quia
2145 1242 2439 1304 nesciunt

941 1344 1095 1426 quid
1136 1343 1397 1407 faciunt.
1441 1345 1726 1425 Denique
1766 1343 1996 1424 gratias
2036 1341 2185 1422 egit,
2228 1340 2439 1401 dicen-

941 1442 1021 1504 do
1055 1459 1069 1504 z
1105 1441 1425 1506 Confiteor
1463 1441 1603 1516 tibi,
1636 1442 1836 1515 Pater,
1879 1440 2144 1502 Domine
2188 1437 2331 1501 coeli
2375 1443 2439 1498 et

941 1549 1146 1616 terrae,
1193 1541 1342 1622 quia
1384 1539 1773 1601 abscondisti
1821 1539 1975 1612 haec,
2023 1545 2178 1614 etc.;
2226 1543 2288 1598 et
2329 1535 2439 1596 ite-

943 1658 1108 1713 rum,
1142 1639 1340 1712 Pater,
1383 1638 1612 1718 gratias
1661 1654 1778 1718 ago
1826 1634 1966 1710 tibi,
2008 1635 2160 1717 quia
2203 1632 2436 1695 audisti

945 1757 1068 1812 me,
1101 1745 1220 1800 etc.
1255 1736 1554 1810 Quamvis
1593 1743 1805 1797 autem
1851 1734 2133 1797 Salvator
2175 1750 2292 1794 suo
2336 1751 2439 1794 ex—

2550 771 2699 815 cens
2735 771 2749 815 :
2794 757 2999 816 Pater
3040 765 3255 816 noster
3268 777 3297 824 ,·
3334 774 3449 838 per
3490 755 3661 836 quod
3702 772 3857 817 voce
3900 771 4031 836 pro-
4066 771 4265 817 uastas..

2550 851 2689 933 pria
2718 852 2867 915 conf
2870 853 3102 916 itemur
3132 854 3575 916 universorum
3602 855 3796 916 Deum
3824 872 3898 915 ac
3928 854 4033 916 Do·
4056 837 4091 875 ⁹·

2548 950 2797 1012 minum
2842 970 2979 1014 esse
3019 961 3265 1035 patrem
3304 961 3617 1028 nostrum,
3648 960 3713 1014 et
3754 952 3922 1034 quod
3956 953 4028 1014 de

2548 1049 2910 1112 conditione
2954 1049 3169 1112 servili
3220 1051 3422 1112 simus
3469 1050 3782 1132 assumpti
3824 1051 3889 1111 in
3929 1051 4028 1112 ad-

2546 1147 2871 1228 optionem
2909 1147 3212 1211 filiorum.
3250 1149 3353 1212 Sic
3391 1148 3731 1230 adjicimus
3766 1167 3780 1210 :
3816 1151 4029 1218 Quies
4086 1166 4237 1210 Ibidem.

2548 1247 2623 1305 in.
2654 1247 2867 1314 coelis,·
2905 1254 2975 1309 ut
3013 1246 3424 1308 abhorrentes
3462 1247 3917 1310 habitationem
3944 1247 4027 1308 vi-

2550 1351 2627 1406 tae
2676 1344 3026 1425 praesentiS‚
3070 1363 3195 1426 qua
3237 1344 3526 1425 degimus
3576 1345 3641 1406 in
3692 1345 3809 1406 hac
3846 1352 4025 1416 terra,

2550 1448 2848 1523 tanquam
2894 1442 3466 1524 peregrinationem
3512 1461 3627 1506 nos
3672 1443 4028 1524 longissime

2548 1548 2945 1621 separantem
2976 1559 3013 1602 a
3042 1541 3219 1604 Patre
3248 1561 3322 1603 ac
3352 1541 3621 1604 Domino
3652 1549 3885 1614 nostr0,
3906 1559 4032 1623 pro-

2547 1657 2845 1721 peremus
2901 1640 3214 1702 desiderio
3270 1641 3547 1704 maximo
3592 1641 3669 1703 ad
3719 1640 4027 1722 regionem

2549 1737 2894 1812 coelestem,
2912 1737 2977 1799 in
3009 1757 3134 1820 qua
3162 1738 3407 1801 Patrem
3438 1747 3728 1800 nostrum
3756 1739 4027 1800 habitare

941 1836 1155 1919 emplo
1212 1836 1520 1908 docuerit,
1569 1835 1752 1915 juxta
1807 1834 2068 1896 modum
2126 1850 2299 1894 nunc
2352 1830 2437 1892 al-
2472 1835 2519 1898 B
2550 1835 2863 1915 fatemur3
2911 1855 3028 1898 nec
3070 1837 3310 1918 aliquid
3356 1838 3828 1900 committamus
3869 1837 4027 1920 quod

941 1937 1239 2017 legatum,
1294 1934 1406 1996 has
1456 1941 1727 2015 quatuor
1774 1931 2134 1995 orationum
2190 1930 2435 2012 species

938 2053 1124 2117 posse
1155 2033 1374 2096 offerri
1407 2031 1737 2113 sigillatim
1776 2030 2155 2111 diversoque
2191 2037 2436 2109 tempo-

940 2152 1030 2207 re,
1074 2131 1276 2194 nihilo
1318 2131 1531 2193 minus
1571 2147 1686 2192 suo
1731 2128 2098 2191 informavit
2141 2127 2436 2209 exemplo

941 2249 1162 2294 omnes
1194 2230 1439 2312 species
1472 2229 1624 2291 istas
1655 2244 1839 2310 posse
1872 2227 2108 2308 pariter
2147 2243 2435 2306 compre-

941 2329 1136 2390 hendi
1197 2328 1262 2390 in
1321 2326 1787 2410 supplicatione
1845 2323 2126 2406 perfecta
2189 2342 2204 2387 :
2266 2323 2436 2405 quod

839 2460 898 2489 m.
945 2435 1117 2509 patet
1147 2445 1260 2508 per
1288 2426 1638 2488 orationem
1669 2441 1860 2505 quam
1892 2421 2324 2505 copiosissime
2356 2421 2439 2482 le-

943 2526 1115 2606 gitur
1160 2523 1468 2586 effudisse
1517 2523 1583 2584 in
1631 2539 1922 2584 sermone
1968 2529 2109 2604 post
2153 2521 2433 2592 Coenam,

947 2631 1016 2686 ut
1049 2624 1114 2685 in
1149 2622 1477 2703 evangelio
1517 2621 1574 2683 S.
1607 2621 1864 2683 Joannis
1904 2618 2226 2681 scribitur.
2261 2617 2437 2691 Quod

943 2722 1093 2804 quia
1123 2721 1445 2804 prolixum
1475 2727 1640 2782 esset
1671 2738 1748 2781 ex
1788 2726 1962 2780 textu
2005 2717 2114 2780 illo
2152 2736 2268 2800 per
2308 2717 2435 2780 sin-

940 2821 1089 2902 gula
1131 2820 1585 2892 demonstrare,
1633 2817 1904 2898 diligens
1951 2816 2291 2898 inquisitor
2335 2833 2438 2898 po-

940 2919 1086 2981 terit
1125 2916 1375 2980 edoceri
1417 2936 1494 2980 ex
1533 2916 1695 2978 serie
1737 2922 1945 2977 textus
1996 2915 2164 2996 quod
2208 2933 2435 2976 verum

2548 1931 2738 1995 faciat
2795 1953 2909 1997 nos
2972 1935 3262 2015 indignos
3312 1935 3643 1998 nobilitate
3692 1943 3879 1999 tantae
3931 1936 4029 1997 ad·

2545 2033 2844 2114 optionis,
2880 2041 2943 2095 et
2973 2034 3181 2115 privet
3214 2052 3327 2096 nos
3362 2041 3661 2116 tanquam
3700 2035 4027 2115 degeneres

2544 2130 2894 2193 hereditate
2942 2132 3082 2213 ejus
3133 2139 3414 2214 paterna,
3468 2133 3597 2195 imo
3644 2141 3709 2194 et
3762 2133 3915 2194 iram
3970 2139 4026 2193 et

2545 2230 2947 2292 severitatem
2996 2249 3126 2294 suae
3166 2231 3430 2311 justitiae
3472 2229 3663 2293 faciat
3706 2249 3821 2294 nos
3863 2231 4025 2293 velut

2548 2328 2823 2409 ingratos
2866 2329 3209 2391 incurrere.
3242 2329 3312 2390 In
3353 2348 3549 2410 quem
3585 2329 3869 2393 filiorum
3898 2348 4026 2410 gra-

2547 2426 2699 2488 dum
2745 2426 3162 2509 ordinemque
3208 2428 3503 2508 promoti,
3536 2428 3750 2490 statim
3793 2427 4025 2490 ardebi-

2548 2544 2689 2586 mus
2740 2525 2972 2606 pietate
3030 2545 3171 2606 quae
3230 2525 3296 2586 in
3355 2525 3541 2588 bonis
3597 2535 3695 2587 est
3740 2525 3915 2600 filiis,
3964 2533 4024 2586 ut

2542 2622 2675 2702 jam
2716 2630 2919 2685 totum
2958 2624 3373 2686 extendamus
3410 2622 3719 2686 affectum
3761 2641 3883 2686 non
3922 2641 4026 2705 pro

2546 2720 2930 2783 utilitatibus
2980 2722 3234 2795 nostriS,
3281 2723 3391 2785 sed
3441 2741 3557 2805 pro
3600 2723 3803 2804 gloria
3841 2722 4025 2784 Patris

2545 2820 2744 2882 nostri
2804 2819 3103 2894 coelestis,
3157 2821 3426 2883 dicendo
3482 2827 3671 2902 atque
3732 2821 3959 2883 orando
4007 2840 4020 2883 :

2545 2921 3013 2995 Sanctificetur
3046 2938 3276 2978 nomen
3312 2928 3547 2988 tuum;
3588 2938 3704 3002 per
3742 2919 3911 3001 quod
3946 2927 4025 2980 te-
4076 2934 4227 2978 Ibidem.

939 3018 1022 3079 sit
1052 3017 1240 3079 istud.
1277 3016 1452 3090 Quod
1482 3023 1546 3078 et
1575 3013 1913 3096 Apostolus
1955 3013 2019 3074 in
2057 3012 2327 3094 epistola
2354 3013 2434 3075 ad
2471 3011 2514 3074 C
2546 3023 2788 3078 stamur
2826 3018 2993 3099 quod
3033 3017 3418 3079 desiderium
3460 3026 3749 3080 nostrum
3786 3037 3859 3081 ac
3884 3037 4021 3100 gau-

938 3115 1376 3198 Philippenses
1420 3113 1747 3175 evidenter
1791 3111 2122 3193 expressit,
2171 3110 2283 3172 ubi
2328 3129 2436 3192 po-

940 3215 1036 3276 nit
1065 3214 1178 3276 has
1211 3221 1480 3295 quatuor
1510 3211 1778 3294 specieS,
1812 3211 2033 3273 ordine
2073 3210 2435 3292 aliqualiter

942 3319 1320 3394 permutatO,
1354 3310 1692 3372 ostendens
1727 3309 1896 3390 quod
1937 3315 2212 3390 quatuor
2240 3307 2431 3370 simul

940 3412 1068 3474 sint
1095 3409 1442 3474 offerendae
1481 3408 1601 3471 sub
1639 3409 1860 3470 ordine
1895 3416 1958 3469 et
1993 3407 2200 3469 forma
2243 3406 2431 3468 unius

941 3507 1426 3591 supplicationis
1457 3505 1773 3589 perfectae,
1809 3524 2008 3588 quum
2038 3506 2127 3567 ait
2157 3524 2172 3568 :
2208 3505 2277 3566 In
2309 3521 2435 3566 om·

940 3608 1009 3669 ni
1057 3607 1338 3670 oratione
1387 3614 1450 3668 et
1495 3604 1951 3678 obsecratione,
2004 3622 2151 3666 cum
2210 3603 2435 3684 gratia—

942 3726 1084 3769 rum
1113 3706 1362 3768 actione
1402 3703 1738 3786 petitiones
1777 3711 2002 3765 vestrae
2034 3703 2432 3764 innotescant

938 3805 1108 3886 apud
1139 3805 1382 3882 Deum;
1425 3821 1538 3884 per
1581 3802 1749 3884 quod
1795 3801 1996 3863 voluit
2034 3818 2148 3863 nos
2190 3800 2431 3882 specia-

940 3902 1085 3965 liter
1114 3901 1366 3965 erudire
1397 3901 1566 3982 quod
1607 3901 1673 3961 in
1712 3899 1993 3963 oratione
2034 3898 2261 3960 debeat
2292 3916 2434 3978 gra-

938 4001 1170 4064 tiarum
1209 4000 1375 4062 actio
1415 4018 1563 4060 cum
1604 3996 2026 4080 postulatione
2073 3997 2346 4059 misceri.

1217 4253 1798 4318 CAPITULUM
1869 4252 2156 4316 XVIII.

1303 4395 1388 4451 De
1415 4394 1704 4450 Oratione
1731 4393 2056 4449 dominica.

1088 4592 1181 4655 AS
1221 4591 1432 4673 itaque
1470 4590 2012 4672 supplicationum
2052 4589 2297 4672 species
2336 4608 2430 4652 se-

1115 4690 1334 4772 quitur
1380 4688 1587 4750 adhuc
1637 4688 1977 4760 sublimior
2031 4695 2223 4768 atque
2277 4707 2429 4769 prae-

937 4789 1166 4851 clarior
1196 4795 1417 4862 status,
1436 4787 1546 4868 qui
1579 4785 1890 4848 formatur
1919 4786 2029 4848 Dei
2061 4785 2257 4848 solius
2290 4803 2430 4848 con-

935 4885 1346 4969 templatione
1385 4894 1448 4947 et
1488 4883 1766 4947 caritatis
1804 4885 2047 4958 ardore,
2083 4902 2196 4965 per
2235 4903 2426 4964 quem

935 5004 1115 5047 mens
1167 4984 1442 5046 resoluta
1485 4991 1547 5045 et
1591 4982 1790 5063 ignita
1834 4982 2173 5043 dilectione
2218 4981 2429 5044 Omni-

935 5083 1232 5166 potentis,
1277 5081 1773 5144 familiarissime
1811 5080 2091 5162 loquitur
2121 5081 2272 5154 Dec,
2306 5081 2430 5142 vel-

934 5190 1006 5244 ut
1043 5182 1301 5264 proprio
1339 5181 1524 5264 patri,
1573 5180 1807 5262 pietate
1853 5179 2178 5261 peculiari.
2228 5180 2427 5252 Quem

933 5287 1167 5343 statum
1221 5297 1337 5344 nos
1388 5279 1619 5341 debere
1675 5277 2014 5358 diligenter
2065 5275 2421 5358 exquirere,

2545 3114 2722 3177 dium
2755 3116 2838 3178 sit
2865 3115 3065 3196 gloria
3094 3116 3293 3178 Patris
3330 3117 3531 3180 nostri
3570 3117 3867 3192 coelestis,
3901 3116 4025 3178 imi·

2545 3222 2747 3276 tantes
2791 3214 2857 3275 in
2902 3214 3021 3276 hoc
3063 3214 3382 3277 Christum
3427 3215 3536 3297 qui
3581 3215 3743 3278 dixit
3786 3232 3799 3276 :
3842 3215 3953 3290 Qui
3991 3235 4025 3276 a
4058 3231 4257 3276 amam.

2542 3313 2886 3394 semetipso
2917 3313 3214 3394 loquitur,
3232 3313 3493 3395 gloriam
3524 3314 3847 3396 propriam
3876 3333 4027 3396 quae-
4053 3297 4107 3336 ¹⁸·

2545 3412 2665 3490 rit3
2718 3413 2827 3493 qui
2885 3419 3099 3474 autem
3147 3413 3375 3494 quaerit
3419 3411 3685 3493 gloriam
3736 3412 3877 3494 ejus
3922 3412 4024 3493 qui

2544 3510 2718 3572 misit
2757 3511 2961 3584 illum,
2999 3511 3102 3572 hic
3142 3529 3331 3573 verax
3372 3519 3488 3584 est,
3520 3519 3583 3572 et
3625 3511 3939 3592 injustitia
3965 3511 4025 3571 in

2540 3625 2616 3669 eo
2660 3625 2787 3670 non
2830 3615 2945 3670 est.
2981 3608 3285 3670 Praeterea
3321 3607 3551 3670 Paulus
3589 3607 3713 3670 hoc
3758 3608 4024 3690 repletus

2540 3704 2802 3780 affectu,
2835 3705 3079 3787 optavit
3116 3705 3259 3768 fieri
3303 3706 3641 3768 anathema
3682 3725 3721 3768 a
3764 3707 4021 3776 Christo,
4050 3721 4251 3763 amm.

2543 3810 2612 3864 ut
2652 3803 2792 3884 ejus
2840 3803 3085 3865 familia
3128 3802 3684 3885 multiplicaretur,
3726 3811 3913 3886 atque
3952 3804 4023 3865 ad

2539 3901 2807 3982 gloriam
2857 3901 3054 3964 Patris
3106 3900 3381 3964 coelestis
3428 3910 3821 3965 accresceret
3866 3902 4025 3964 salus

2540 4000 2733 4062 totius
2802 4000 3160 4063 Israeliticae
3228 4000 3454 4082 plebis.
3520 4000 3796 4063 Securus
3864 4001 4023 4063 enim

2542 4098 2910 4180 concupivit
2954 4099 3214 4160 interire
3259 4116 3374 4180 pro
3418 4099 3689 4172 Christo,
3734 4099 4023 4181 quoniam

2460 4205 2510 4266 D
2542 4196 2715 4258 novit
2766 4197 3090 4258 neminem
3150 4214 3335 4278 posse
3394 4196 3815 4278 spiritualiter
3872 4197 4021 4259 mori

2543 4312 2656 4376 pro
2715 4294 2862 4355 vita.
2918 4295 3077 4356 Hinc
3135 4295 3344 4356 denuo
3392 4294 3549 4355 dixit
3603 4313 3618 4356 :
3673 4295 4268 4360 Gaudcmusnemun.⁴

2540 4393 2844 4476 quoniam
2894 4410 3007 4454 nos
3068 4391 3312 4453 infirmi
3365 4410 3609 4465 sumuS,
3661 4409 3773 4455 vos
3821 4401 4023 4455 autem
4048 4383 4085 4422 ⁹·

2541 4499 2828 4573 potentes
2866 4491 3037 4554 estis,
3076 4491 3149 4552 Et
3189 4489 3343 4572 quid
3382 4489 3619 4551 mirum
3660 4490 3715 4551 si
3752 4491 3873 4552 Vas
3912 4490 4025 4552 ele-

2540 4588 2768 4651 ctionis
2818 4589 3059 4670 optavit
3119 4589 3260 4651 fieri
3320 4587 3657 4650 anathema
3702 4607 3741 4649 a
3791 4589 4026 4652 Christo

2541 4705 2654 4769 pro
2684 4686 2882 4768 gloria
2911 4687 3045 4760 Dei,
3072 4704 3185 4768 pro
3216 4686 3483 4748 fratrum
3516 4704 3779 4749 suorum
3810 4686 4021 4754 salute,

2541 4804 2654 4868 pro
2715 4785 3048 4867 privilegio
3094 4785 3323 4866 gentiS,
3376 4805 3577 4866 quum
3635 4793 3699 4847 et
3746 4785 4025 4847 Michaeas

2541 4884 2847 4966 propheta
2895 4883 3087 4945 vellet
3134 4883 3504 4945 mendacem
3550 4902 3618 4945 se
3662 4883 3805 4945 fieri
3850 4891 3911 4944 et
3950 4880 4025 4944 ab

2540 4980 2954 5063 inspiratione
3014 4980 3401 5062 propheticae
3470 4982 3683 5060 gratiae
3746 4978 4022 5052 alienari,

2539 5079 2885 5142 dummodo
2933 5077 3113 5161 plebs
3158 5078 3420 5140 Judaica
3476 5078 3772 5140 evaderet
3823 5077 4022 5160 plagas

2538 5186 2601 5240 et
2650 5177 3048 5260 captivitates
3098 5196 3255 5258 quas
3303 5177 3362 5239 ei
3412 5177 3787 5259 praedixerat
3838 5194 3852 5238 :
3906 5175 4251 5238 cti-mam.

2538 5294 2709 5351 nam,
2746 5275 3063 5356 inquienS,
3096 5293 3303 5337 essem
3332 5275 3434 5336 vir
3463 5293 3592 5337 non
3626 5274 3867 5337 habens
3906 5272 4021 5356 spi·
