<?xml version="1.0" encoding="UTF-8"?>
<!DOCTYPE html PUBLIC "-//W3C//DTD XHTML 1.0 Transitional//EN"
    "http://www.w3.org/TR/xhtml1/DTD/xhtml1-transitional.dtd">
<html xmlns="http://www.w3.org/1999/xhtml" xml:lang="en" lang="en">
 <head>
  <title>
</title>
<meta http-equiv="Content-Type" content="text/html;charset=utf-8" />
  <meta name='ocr-system' content='tesseract 3.04.00' />
  <meta name='ocr-capabilities' content='ocr_page ocr_carea ocr_par ocr_line ocrx_word'/>
</head>
<body>
  <div class='ocr_page' id='page_1' title='image "./doctorisecstati03denigoog_0372.png"; bbox 0 0 4359 6267; ppageno 0'>
   <div class='ocr_carea' id='block_1_1' title="bbox 912 486 1032 552">
    <p class='ocr_par' dir='ltr' id='par_1_1' title="bbox 912 486 1032 552">
     <span class='ocr_line' id='line_1_1' title="bbox 912 486 1032 552; baseline 0 -1"><span class='ocrx_word' id='word_1_1' title='bbox 912 486 1032 552; x_wconf 76' lang='lat'><strong>364</strong></span> 
     </span>
    </p>
   </div>
   <div class='ocr_carea' id='block_1_2' title="bbox 1591 504 3333 555">
    <p class='ocr_par' dir='ltr' id='par_1_2' title="bbox 1591 504 3333 555">
     <span class='ocr_line' id='line_1_2' title="bbox 1591 504 3333 555; baseline -0.002 -1"><span class='ocrx_word' id='word_1_2' title='bbox 1591 507 2008 555; x_wconf 69' lang='lat' dir='ltr'><strong>comnomm</strong></span> <span class='ocrx_word' id='word_1_3' title='bbox 2049 507 2135 553; x_wconf 85' lang='lat' dir='ltr'><strong>SS.</strong></span> <span class='ocrx_word' id='word_1_4' title='bbox 2169 506 2413 553; x_wconf 69' lang='lat' dir='ltr'>PATRUH</span> <span class='ocrx_word' id='word_1_5' title='bbox 2454 505 2630 551; x_wconf 74' lang='lat' dir='ltr'>LIBER</span> <span class='ocrx_word' id='word_1_6' title='bbox 2671 506 2733 552; x_wconf 88' lang='lat'><strong>11.</strong></span> <span class='ocrx_word' id='word_1_7' title='bbox 2778 524 2860 534; x_wconf 94' lang='lat'><strong>—</strong></span> <span class='ocrx_word' id='word_1_8' title='bbox 2899 504 3185 552; x_wconf 64' lang='lat' dir='ltr'><strong>contulo</strong></span> <span class='ocrx_word' id='word_1_9' title='bbox 3225 505 3333 550; x_wconf 81' lang='lat' dir='ltr'><strong>xlx</strong></span> 
     </span>
    </p>
   </div>
   <div class='ocr_carea' id='block_1_3' title="bbox 912 670 4035 759">
    <p class='ocr_par' dir='ltr' id='par_1_3' title="bbox 912 670 4035 759">
     <span class='ocr_line' id='line_1_3' title="bbox 912 670 4035 759; baseline -0.001 -24"><span class='ocrx_word' id='word_1_10' title='bbox 912 673 1134 737; x_wconf 88' lang='lat' dir='ltr'><strong>tudine</strong></span> <span class='ocrx_word' id='word_1_11' title='bbox 1193 674 1632 752; x_wconf 79' lang='lat' dir='ltr'><strong>consistenteS,</strong></span> <span class='ocrx_word' id='word_1_12' title='bbox 1693 696 1893 759; x_wconf 91' lang='lat' dir='ltr'><strong>quum</strong></span> <span class='ocrx_word' id='word_1_13' title='bbox 1953 676 2158 740; x_wconf 82' lang='lat' dir='ltr'><strong>fomes</strong></span> <span class='ocrx_word' id='word_1_14' title='bbox 2216 684 2409 757; x_wconf 88' lang='lat' dir='ltr'><strong>atque</strong></span> <span class='ocrx_word' id='word_1_15' title='bbox 2438 675 2489 736; x_wconf 92' lang='lat' dir='ltr'><strong>A</strong></span> <span class='ocrx_word' id='word_1_16' title='bbox 2520 674 2635 737; x_wconf 87' lang='lat' dir='ltr'><strong>hac</strong></span> <span class='ocrx_word' id='word_1_17' title='bbox 2673 673 3111 739; x_wconf 86' lang='lat' dir='ltr'><strong>fornicationis</strong></span> <span class='ocrx_word' id='word_1_18' title='bbox 3146 693 3161 737; x_wconf 79' lang='lat' dir='ltr'><strong><em>z</em></strong></span> <span class='ocrx_word' id='word_1_19' title='bbox 3197 681 3268 737; x_wconf 89' lang='lat' dir='ltr'><strong>ut</strong></span> <span class='ocrx_word' id='word_1_20' title='bbox 3304 673 3360 736; x_wconf 90' lang='lat' dir='ltr'><strong>si</strong></span> <span class='ocrx_word' id='word_1_21' title='bbox 3402 671 3455 735; x_wconf 88' lang='lat' dir='ltr'><strong>is</strong></span> <span class='ocrx_word' id='word_1_22' title='bbox 3493 671 3605 754; x_wconf 88' lang='lat' dir='ltr'><strong>qui</strong></span> <span class='ocrx_word' id='word_1_23' title='bbox 3644 670 4035 753; x_wconf 85' lang='lat' dir='ltr'><strong>cognoverit</strong></span> 
     </span>
    </p>
   </div>
   <div class='ocr_carea' id='block_1_4' title="bbox 907 773 2413 1838">
    <p class='ocr_par' dir='ltr' id='par_1_4' title="bbox 911 773 2413 1249">
     <span class='ocr_line' id='line_1_4' title="bbox 913 773 2407 848; baseline 0.001 -14"><span class='ocrx_word' id='word_1_24' title='bbox 913 773 1176 836; x_wconf 88' lang='lat' dir='ltr'><strong>materia</strong></span> <span class='ocrx_word' id='word_1_25' title='bbox 1208 774 1576 838; x_wconf 84' lang='lat' dir='ltr'><strong>irritationis</strong></span> <span class='ocrx_word' id='word_1_26' title='bbox 1608 793 1733 838; x_wconf 93' lang='lat' dir='ltr'><strong>non</strong></span> <span class='ocrx_word' id='word_1_27' title='bbox 1767 774 2114 838; x_wconf 86' lang='lat' dir='ltr'><strong>inferantur</strong></span> <span class='ocrx_word' id='word_1_28' title='bbox 2137 774 2217 837; x_wconf 91' lang='lat' dir='ltr'><strong>ab</strong></span> <span class='ocrx_word' id='word_1_29' title='bbox 2247 774 2407 848; x_wconf 83' lang='lat' dir='ltr'><strong>aliis,</strong></span> 
     </span>
     <span class='ocr_line' id='line_1_5' title="bbox 911 873 2411 937; baseline 0.001 -4"><span class='ocrx_word' id='word_1_30' title='bbox 911 879 1121 934; x_wconf 86' lang='lat' dir='ltr'><strong>tamen</strong></span> <span class='ocrx_word' id='word_1_31' title='bbox 1165 891 1386 936; x_wconf 92' lang='lat' dir='ltr'><strong>eorum</strong></span> <span class='ocrx_word' id='word_1_32' title='bbox 1427 874 1839 936; x_wconf 83' lang='lat' dir='ltr'><strong>incitamenta</strong></span> <span class='ocrx_word' id='word_1_33' title='bbox 1877 874 2188 937; x_wconf 90' lang='lat' dir='ltr'><strong>debemus</strong></span> <span class='ocrx_word' id='word_1_34' title='bbox 2228 873 2411 936; x_wconf 91' lang='lat' dir='ltr'><strong>nobis</strong></span> 
     </span>
     <span class='ocr_line' id='line_1_6' title="bbox 912 971 2413 1055; baseline 0.001 -24"><span class='ocrx_word' id='word_1_35' title='bbox 912 971 1294 1034; x_wconf 84' lang='lat' dir='ltr'><strong>industriose</strong></span> <span class='ocrx_word' id='word_1_36' title='bbox 1350 991 1724 1055; x_wconf 83' lang='lat' dir='ltr'><strong>proponere,</strong></span> <span class='ocrx_word' id='word_1_37' title='bbox 1768 981 1838 1035; x_wconf 94' lang='lat' dir='ltr'><strong>ut</strong></span> <span class='ocrx_word' id='word_1_38' title='bbox 1883 973 2238 1055; x_wconf 89' lang='lat' dir='ltr'><strong>promptior</strong></span> <span class='ocrx_word' id='word_1_39' title='bbox 2286 991 2413 1033; x_wconf 89' lang='lat' dir='ltr'><strong>me-</strong></span> 
     </span>
     <span class='ocr_line' id='line_1_7' title="bbox 913 1068 2411 1152; baseline 0.001 -21"><span class='ocrx_word' id='word_1_40' title='bbox 913 1068 1055 1131; x_wconf 89' lang='lat' dir='ltr'><strong>dela</strong></span> <span class='ocrx_word' id='word_1_41' title='bbox 1093 1069 1456 1133; x_wconf 82' lang='lat' dir='ltr'><strong>conferatur</strong></span> <span class='ocrx_word' id='word_1_42' title='bbox 1495 1070 1678 1134; x_wconf 91' lang='lat' dir='ltr'><strong>nobis</strong></span> <span class='ocrx_word' id='word_1_43' title='bbox 1721 1079 1939 1133; x_wconf 82' lang='lat' dir='ltr'><strong>contra</strong></span> <span class='ocrx_word' id='word_1_44' title='bbox 1967 1090 2042 1134; x_wconf 91' lang='lat' dir='ltr'><strong>ea</strong></span> <span class='ocrx_word' id='word_1_45' title='bbox 2075 1071 2411 1152; x_wconf 88' lang='lat' dir='ltr'><strong>pugnanti-</strong></span> 
     </span>
     <span class='ocr_line' id='line_1_8' title="bbox 912 1166 2119 1249; baseline 0.001 -21"><span class='ocrx_word' id='word_1_46' title='bbox 912 1166 1031 1229; x_wconf 91' lang='lat' dir='ltr'><strong>bus</strong></span> <span class='ocrx_word' id='word_1_47' title='bbox 1072 1167 1210 1248; x_wconf 81' lang='lat' dir='ltr'><strong>jugi</strong></span> <span class='ocrx_word' id='word_1_48' title='bbox 1256 1168 1710 1249; x_wconf 80' lang='lat' dir='ltr'><strong>cogitationum</strong></span> <span class='ocrx_word' id='word_1_49' title='bbox 1757 1169 2119 1231; x_wconf 91' lang='lat' dir='ltr'><strong>luctamine.</strong></span> 
     </span>
    </p>

    <p class='ocr_par' dir='ltr' id='par_1_5' title="bbox 907 1265 2413 1838">
     <span class='ocr_line' id='line_1_9' title="bbox 990 1265 2413 1348; baseline 0 -20"><span class='ocrx_word' id='word_1_50' title='bbox 990 1265 1110 1328; x_wconf 92' lang='lat' dir='ltr'><strong>Sed</strong></span> <span class='ocrx_word' id='word_1_51' title='bbox 1154 1266 1232 1327; x_wconf 91' lang='lat' dir='ltr'><strong>de</strong></span> <span class='ocrx_word' id='word_1_52' title='bbox 1275 1266 1505 1348; x_wconf 90' lang='lat' dir='ltr'><strong>spiritu</strong></span> <span class='ocrx_word' id='word_1_53' title='bbox 1547 1267 1984 1330; x_wconf 78' lang='lat' dir='ltr'><strong>fornicationis</strong></span> <span class='ocrx_word' id='word_1_54' title='bbox 2026 1267 2277 1329; x_wconf 87' lang='lat' dir='ltr'><strong>diversa</strong></span> <span class='ocrx_word' id='word_1_55' title='bbox 2316 1274 2413 1328; x_wconf 83' lang='lat' dir='ltr'><strong>est</strong></span> 
     </span>
     <span class='ocr_line' id='line_1_10' title="bbox 907 1362 2409 1447; baseline 0.001 -23"><span class='ocrx_word' id='word_1_56' title='bbox 907 1362 1097 1438; x_wconf 86' lang='lat' dir='ltr'><strong>ratio,</strong></span> <span class='ocrx_word' id='word_1_57' title='bbox 1170 1383 1487 1446; x_wconf 79' lang='lat' dir='ltr'><strong>causaque</strong></span> <span class='ocrx_word' id='word_1_58' title='bbox 1554 1365 1794 1447; x_wconf 90' lang='lat' dir='ltr'><strong>dispar.</strong></span> <span class='ocrx_word' id='word_1_59' title='bbox 1865 1364 2409 1439; x_wconf 87' lang='lat' dir='ltr'><strong>Quemadmodum</strong></span> 
     </span>
     <span class='ocr_line' id='line_1_11' title="bbox 911 1461 2413 1545; baseline 0.001 -23"><span class='ocrx_word' id='word_1_60' title='bbox 911 1461 1084 1522; x_wconf 92' lang='lat' dir='ltr'><strong>enim</strong></span> <span class='ocrx_word' id='word_1_61' title='bbox 1116 1463 1364 1545; x_wconf 84' lang='lat' dir='ltr'><strong>corpori</strong></span> <span class='ocrx_word' id='word_1_62' title='bbox 1397 1462 1810 1525; x_wconf 91' lang='lat' dir='ltr'><strong>subtrahendi</strong></span> <span class='ocrx_word' id='word_1_63' title='bbox 1843 1471 1991 1525; x_wconf 90' lang='lat' dir='ltr'><strong>sunt</strong></span> <span class='ocrx_word' id='word_1_64' title='bbox 2022 1483 2174 1525; x_wconf 90' lang='lat' dir='ltr'><strong>usus</strong></span> <span class='ocrx_word' id='word_1_65' title='bbox 2208 1462 2413 1524; x_wconf 91' lang='lat' dir='ltr'><strong>libidi-</strong></span> 
     </span>
     <span class='ocr_line' id='line_1_12' title="bbox 911 1558 2411 1634; baseline 0.002 -15"><span class='ocrx_word' id='word_1_66' title='bbox 911 1558 1010 1620; x_wconf 90' lang='lat' dir='ltr'><strong>nis</strong></span> <span class='ocrx_word' id='word_1_67' title='bbox 1042 1578 1115 1621; x_wconf 88' lang='lat' dir='ltr'><strong>ac</strong></span> <span class='ocrx_word' id='word_1_68' title='bbox 1147 1560 1355 1622; x_wconf 89' lang='lat' dir='ltr'><strong>carnis</strong></span> <span class='ocrx_word' id='word_1_69' title='bbox 1386 1560 1702 1634; x_wconf 79' lang='lat' dir='ltr'><strong>vicinitaS,</strong></span> <span class='ocrx_word' id='word_1_70' title='bbox 1733 1561 1821 1623; x_wconf 85' lang='lat' dir='ltr'><strong>ita</strong></span> <span class='ocrx_word' id='word_1_71' title='bbox 1849 1579 2070 1624; x_wconf 91' lang='lat' dir='ltr'><strong>eorum</strong></span> <span class='ocrx_word' id='word_1_72' title='bbox 2103 1561 2411 1623; x_wconf 88' lang='lat' dir='ltr'><strong>memoria</strong></span> 
     </span>
     <span class='ocr_line' id='line_1_13' title="bbox 912 1656 2412 1742; baseline 0.001 -24"><span class='ocrx_word' id='word_1_73' title='bbox 912 1656 1257 1720; x_wconf 86' lang='lat' dir='ltr'><strong>auferenda</strong></span> <span class='ocrx_word' id='word_1_74' title='bbox 1305 1667 1400 1720; x_wconf 83' lang='lat' dir='ltr'><strong>est</strong></span> <span class='ocrx_word' id='word_1_75' title='bbox 1449 1659 1673 1721; x_wconf 90' lang='lat' dir='ltr'><strong>cordi:</strong></span> <span class='ocrx_word' id='word_1_76' title='bbox 1720 1660 1849 1723; x_wconf 92' lang='lat' dir='ltr'><strong>imo</strong></span> <span class='ocrx_word' id='word_1_77' title='bbox 1897 1660 2049 1722; x_wconf 88' lang='lat' dir='ltr'><strong>satis</strong></span> <span class='ocrx_word' id='word_1_78' title='bbox 2100 1659 2412 1742; x_wconf 88' lang='lat' dir='ltr'><strong>pernicio-</strong></span> 
     </span>
     <span class='ocr_line' id='line_1_14' title="bbox 913 1756 2408 1838; baseline 0.001 -22"><span class='ocrx_word' id='word_1_79' title='bbox 913 1774 1056 1816; x_wconf 91' lang='lat' dir='ltr'><strong>sum</strong></span> <span class='ocrx_word' id='word_1_80' title='bbox 1101 1763 1163 1818; x_wconf 92' lang='lat' dir='ltr'><strong>et</strong></span> <span class='ocrx_word' id='word_1_81' title='bbox 1208 1756 1637 1838; x_wconf 89' lang='lat' dir='ltr'><strong>periculosum</strong></span> <span class='ocrx_word' id='word_1_82' title='bbox 1680 1765 1775 1819; x_wconf 89' lang='lat' dir='ltr'><strong>est</strong></span> <span class='ocrx_word' id='word_1_83' title='bbox 1818 1759 2002 1838; x_wconf 87' lang='lat' dir='ltr'><strong>aegris</strong></span> <span class='ocrx_word' id='word_1_84' title='bbox 2047 1756 2408 1838; x_wconf 83' lang='lat' dir='ltr'><strong>fragilibus·</strong></span> 
     </span>
    </p>
   </div>
   <div class='ocr_carea' id='block_1_5' title="bbox 2519 768 4038 1838">
    <p class='ocr_par' dir='ltr' id='par_1_6' title="bbox 2519 768 4038 1838">
     <span class='ocr_line' id='line_1_15' title="bbox 2520 768 4034 856; baseline -0.005 -21"><span class='ocrx_word' id='word_1_85' title='bbox 2520 793 2587 836; x_wconf 92' lang='lat' dir='ltr'><strong>se</strong></span> <span class='ocrx_word' id='word_1_86' title='bbox 2629 773 2883 856; x_wconf 89' lang='lat' dir='ltr'><strong>penitus</strong></span> <span class='ocrx_word' id='word_1_87' title='bbox 2926 774 3308 856; x_wconf 80' lang='lat' dir='ltr'><strong>exstirpasse</strong></span> <span class='ocrx_word' id='word_1_88' title='bbox 3348 771 3591 833; x_wconf 87' lang='lat' dir='ltr'><strong>radices</strong></span> <span class='ocrx_word' id='word_1_89' title='bbox 3632 768 3837 832; x_wconf 89' lang='lat' dir='ltr'><strong>morbi</strong></span> <span class='ocrx_word' id='word_1_90' title='bbox 3878 768 4034 830; x_wconf 87' lang='lat' dir='ltr'><strong>isti-</strong></span> 
     </span>
     <span class='ocr_line' id='line_1_16' title="bbox 2522 869 4038 949; baseline -0.004 -15"><span class='ocrx_word' id='word_1_91' title='bbox 2522 893 2617 944; x_wconf 69' lang='grc' dir='ltr'><strong>υς,</strong></span> <span class='ocrx_word' id='word_1_92' title='bbox 2652 873 2806 934; x_wconf 89' lang='lat' dir='ltr'><strong>velit</strong></span> <span class='ocrx_word' id='word_1_93' title='bbox 2836 872 2958 934; x_wconf 92' lang='lat' dir='ltr'><strong>sibi</strong></span> <span class='ocrx_word' id='word_1_94' title='bbox 2993 873 3312 934; x_wconf 89' lang='lat' dir='ltr'><strong>interdum</strong></span> <span class='ocrx_word' id='word_1_95' title='bbox 3347 870 3680 932; x_wconf 84' lang='lat' dir='ltr'><strong>admittere</strong></span> <span class='ocrx_word' id='word_1_96' title='bbox 3715 869 4038 949; x_wconf 81' lang='lat' dir='ltr'><strong>imagina-</strong></span> 
     </span>
     <span class='ocr_line' id='line_1_17' title="bbox 2520 967 4029 1053; baseline -0.003 -21"><span class='ocrx_word' id='word_1_97' title='bbox 2520 971 2759 1034; x_wconf 90' lang='lat' dir='ltr'><strong>tionem</strong></span> <span class='ocrx_word' id='word_1_98' title='bbox 2789 971 3275 1053; x_wconf 86' lang='lat' dir='ltr'><strong>exploratricem</strong></span> <span class='ocrx_word' id='word_1_99' title='bbox 3316 968 3622 1032; x_wconf 85' lang='lat' dir='ltr'><strong>castitatis</strong></span> <span class='ocrx_word' id='word_1_100' title='bbox 3662 967 4029 1049; x_wconf 70' lang='lat' dir='ltr'><strong>completae.</strong></span> 
     </span>
     <span class='ocr_line' id='line_1_18' title="bbox 2522 1064 4035 1134; baseline -0.005 0"><span class='ocrx_word' id='word_1_101' title='bbox 2522 1070 2814 1134; x_wconf 88' lang='lat' dir='ltr'><strong>Ceterum</strong></span> <span class='ocrx_word' id='word_1_102' title='bbox 2872 1070 3236 1132; x_wconf 87' lang='lat' dir='ltr'><strong>nullatenus</strong></span> <span class='ocrx_word' id='word_1_103' title='bbox 3292 1067 3591 1130; x_wconf 90' lang='lat' dir='ltr'><strong>convenit</strong></span> <span class='ocrx_word' id='word_1_104' title='bbox 3647 1064 4035 1129; x_wconf 86' lang='lat' dir='ltr'><strong>examinati-</strong></span> 
     </span>
     <span class='ocr_line' id='line_1_19' title="bbox 2522 1163 4035 1251; baseline -0.005 -20"><span class='ocrx_word' id='word_1_105' title='bbox 2522 1187 2709 1231; x_wconf 87' lang='lat' dir='ltr'><strong>onem</strong></span> <span class='ocrx_word' id='word_1_106' title='bbox 2776 1168 2939 1231; x_wconf 90' lang='lat' dir='ltr'><strong>hanc</strong></span> <span class='ocrx_word' id='word_1_107' title='bbox 3002 1167 3295 1251; x_wconf 89' lang='lat' dir='ltr'><strong>usurpari</strong></span> <span class='ocrx_word' id='word_1_108' title='bbox 3358 1166 3439 1229; x_wconf 91' lang='lat' dir='ltr'><strong>ab</strong></span> <span class='ocrx_word' id='word_1_109' title='bbox 3500 1163 3893 1248; x_wconf 87' lang='lat' dir='ltr'><strong>imperfectis</strong></span> <span class='ocrx_word' id='word_1_110' title='bbox 3962 1171 4035 1225; x_wconf 89' lang='lat' dir='ltr'><strong>et</strong></span> 
     </span>
     <span class='ocr_line' id='line_1_20' title="bbox 2519 1263 4034 1348; baseline -0.003 -20"><span class='ocrx_word' id='word_1_111' title='bbox 2519 1267 2725 1348; x_wconf 85' lang='lat' dir='ltr'><strong>aegris,</strong></span> <span class='ocrx_word' id='word_1_112' title='bbox 2759 1275 2828 1329; x_wconf 91' lang='lat' dir='ltr'><strong>ut</strong></span> <span class='ocrx_word' id='word_1_113' title='bbox 2872 1267 3118 1329; x_wconf 90' lang='lat' dir='ltr'><strong>scilicet</strong></span> <span class='ocrx_word' id='word_1_114' title='bbox 3157 1266 3345 1329; x_wconf 90' lang='lat' dir='ltr'><strong>corde</strong></span> <span class='ocrx_word' id='word_1_115' title='bbox 3390 1265 3716 1328; x_wconf 86' lang='lat' dir='ltr'><strong>revolvant</strong></span> <span class='ocrx_word' id='word_1_116' title='bbox 3754 1263 4034 1344; x_wconf 86' lang='lat' dir='ltr'><strong>conjun-</strong></span> 
     </span>
     <span class='ocr_line' id='line_1_21' title="bbox 2521 1361 4030 1448; baseline -0.004 -19"><span class='ocrx_word' id='word_1_117' title='bbox 2521 1367 2797 1429; x_wconf 84' lang='lat' dir='ltr'><strong>ctionem</strong></span> <span class='ocrx_word' id='word_1_118' title='bbox 2856 1366 3199 1429; x_wconf 85' lang='lat' dir='ltr'><strong>femineam</strong></span> <span class='ocrx_word' id='word_1_119' title='bbox 3258 1365 3812 1448; x_wconf 86' lang='lat' dir='ltr'><strong>palpationemque</strong></span> <span class='ocrx_word' id='word_1_120' title='bbox 3862 1361 4030 1424; x_wconf 87' lang='lat' dir='ltr'><strong>mol-</strong></span> 
     </span>
     <span class='ocr_line' id='line_1_22' title="bbox 2522 1459 4027 1527; baseline -0.004 -1"><span class='ocrx_word' id='word_1_121' title='bbox 2522 1465 2646 1527; x_wconf 91' lang='lat' dir='ltr'><strong>lem</strong></span> <span class='ocrx_word' id='word_1_122' title='bbox 2688 1482 2761 1526; x_wconf 90' lang='lat' dir='ltr'><strong>ac</strong></span> <span class='ocrx_word' id='word_1_123' title='bbox 2801 1471 3082 1526; x_wconf 86' lang='lat' dir='ltr'><strong>teneram</strong></span> <span class='ocrx_word' id='word_1_124' title='bbox 3119 1483 3134 1527; x_wconf 73' lang='grc' dir='ltr'><strong><em>ε</em></strong></span> <span class='ocrx_word' id='word_1_125' title='bbox 3167 1469 3333 1526; x_wconf 88' lang='lat' dir='ltr'><strong>esset</strong></span> <span class='ocrx_word' id='word_1_126' title='bbox 3374 1462 3611 1524; x_wconf 88' lang='lat' dir='ltr'><strong>etenim</strong></span> <span class='ocrx_word' id='word_1_127' title='bbox 3656 1461 3751 1523; x_wconf 89' lang='lat' dir='ltr'><strong>eis</strong></span> <span class='ocrx_word' id='word_1_128' title='bbox 3788 1459 4027 1522; x_wconf 80' lang='lat' dir='ltr'><strong>nociva</strong></span> 
     </span>
     <span class='ocr_line' id='line_1_23' title="bbox 2520 1556 4025 1644; baseline -0.005 -19"><span class='ocrx_word' id='word_1_129' title='bbox 2520 1563 2732 1644; x_wconf 89' lang='lat' dir='ltr'><strong>potius</strong></span> <span class='ocrx_word' id='word_1_130' title='bbox 2772 1581 2963 1644; x_wconf 88' lang='lat' dir='ltr'><strong>quam</strong></span> <span class='ocrx_word' id='word_1_131' title='bbox 3008 1561 3301 1624; x_wconf 90' lang='lat' dir='ltr'><strong>salubris.</strong></span> <span class='ocrx_word' id='word_1_132' title='bbox 3337 1561 3511 1635; x_wconf 89' lang='lat' dir='ltr'><strong>Quod</strong></span> <span class='ocrx_word' id='word_1_133' title='bbox 3551 1560 3723 1621; x_wconf 89' lang='lat' dir='ltr'><strong>enim</strong></span> <span class='ocrx_word' id='word_1_134' title='bbox 3767 1556 4025 1640; x_wconf 87' lang='lat' dir='ltr'><strong>experi-</strong></span> 
     </span>
     <span class='ocr_line' id='line_1_24' title="bbox 2519 1656 4023 1742; baseline -0.003 -20"><span class='ocrx_word' id='word_1_135' title='bbox 2519 1669 2806 1722; x_wconf 85' lang='lat' dir='ltr'><strong>mentum</strong></span> <span class='ocrx_word' id='word_1_136' title='bbox 2862 1667 3201 1742; x_wconf 89' lang='lat' dir='ltr'><strong>suppetere</strong></span> <span class='ocrx_word' id='word_1_137' title='bbox 3251 1666 3459 1741; x_wconf 92' lang='lat' dir='ltr'><strong>potest</strong></span> <span class='ocrx_word' id='word_1_138' title='bbox 3507 1656 3874 1720; x_wconf 90' lang='lat' dir='ltr'><strong>hominibus</strong></span> <span class='ocrx_word' id='word_1_139' title='bbox 3926 1665 4023 1718; x_wconf 88' lang='lat' dir='ltr'><strong>ta·</strong></span> 
     </span>
     <span class='ocr_line' id='line_1_25' title="bbox 2520 1753 4022 1838; baseline -0.003 -19"><span class='ocrx_word' id='word_1_140' title='bbox 2520 1758 2710 1831; x_wconf 91' lang='lat' dir='ltr'><strong>libus,</strong></span> <span class='ocrx_word' id='word_1_141' title='bbox 2755 1758 2865 1820; x_wconf 87' lang='lat' dir='ltr'><strong>ubi</strong></span> <span class='ocrx_word' id='word_1_142' title='bbox 2912 1758 2975 1820; x_wconf 92' lang='lat' dir='ltr'><strong>id</strong></span> <span class='ocrx_word' id='word_1_143' title='bbox 3022 1758 3192 1838; x_wconf 88' lang='lat' dir='ltr'><strong>quod</strong></span> <span class='ocrx_word' id='word_1_144' title='bbox 3236 1757 3473 1818; x_wconf 86' lang='lat' dir='ltr'><strong>vitatur</strong></span> <span class='ocrx_word' id='word_1_145' title='bbox 3518 1763 3615 1817; x_wconf 84' lang='lat' dir='ltr'><strong>est</strong></span> <span class='ocrx_word' id='word_1_146' title='bbox 3658 1755 3723 1817; x_wconf 90' lang='lat' dir='ltr'><strong>in</strong></span> <span class='ocrx_word' id='word_1_147' title='bbox 3764 1753 4022 1836; x_wconf 87' lang='lat' dir='ltr'><strong>experi-</strong></span> 
     </span>
    </p>
   </div>
   <div class='ocr_carea' id='block_1_6' title="bbox 909 1852 4021 1939">
    <p class='ocr_par' dir='ltr' id='par_1_7' title="bbox 909 1852 4021 1939">
     <span class='ocr_line' id='line_1_26' title="bbox 909 1852 4021 1939; baseline -0 -24"><span class='ocrx_word' id='word_1_148' title='bbox 909 1872 1034 1935; x_wconf 88' lang='lat' dir='ltr'><strong>que</strong></span> <span class='ocrx_word' id='word_1_149' title='bbox 1072 1855 1436 1936; x_wconf 85' lang='lat' dir='ltr'><strong>pectoribus</strong></span> <span class='ocrx_word' id='word_1_150' title='bbox 1470 1856 1804 1918; x_wconf 86' lang='lat' dir='ltr'><strong>admittere</strong></span> <span class='ocrx_word' id='word_1_151' title='bbox 1835 1856 2278 1918; x_wconf 86' lang='lat' dir='ltr'><strong>tenuissimam</strong></span> <span class='ocrx_word' id='word_1_152' title='bbox 2315 1874 2409 1918; x_wconf 90' lang='lat' dir='ltr'><strong>re-</strong></span> <span class='ocrx_word' id='word_1_153' title='bbox 2438 1861 2485 1923; x_wconf 91' lang='lat' dir='ltr'>B</span> <span class='ocrx_word' id='word_1_154' title='bbox 2519 1863 2745 1932; x_wconf 89' lang='lat' dir='ltr'><strong>mento,</strong></span> <span class='ocrx_word' id='word_1_155' title='bbox 2761 1865 2823 1918; x_wconf 91' lang='lat' dir='ltr'><strong>et</strong></span> <span class='ocrx_word' id='word_1_156' title='bbox 2850 1857 2914 1917; x_wconf 92' lang='lat' dir='ltr'><strong>in</strong></span> <span class='ocrx_word' id='word_1_157' title='bbox 2945 1856 3376 1939; x_wconf 86' lang='lat' dir='ltr'><strong>exploratione</strong></span> <span class='ocrx_word' id='word_1_158' title='bbox 3406 1872 3647 1937; x_wconf 90' lang='lat' dir='ltr'><strong>quoque</strong></span> <span class='ocrx_word' id='word_1_159' title='bbox 3675 1852 4021 1916; x_wconf 88' lang='lat' dir='ltr'><strong>discrimen</strong></span> 
     </span>
    </p>
   </div>
   <div class='ocr_carea' id='block_1_7' title="bbox 905 1951 2413 3023">
    <p class='ocr_par' dir='ltr' id='par_1_8' title="bbox 905 1951 2413 3023">
     <span class='ocr_line' id='line_1_27' title="bbox 911 1951 2407 2035; baseline 0.001 -21"><span class='ocrx_word' id='word_1_160' title='bbox 911 1951 1341 2015; x_wconf 89' lang='lat' dir='ltr'><strong>cordationem</strong></span> <span class='ocrx_word' id='word_1_161' title='bbox 1383 1954 1696 2035; x_wconf 88' lang='lat' dir='ltr'><strong>passionis</strong></span> <span class='ocrx_word' id='word_1_162' title='bbox 1737 1955 1943 2028; x_wconf 89' lang='lat' dir='ltr'><strong>istius,</strong></span> <span class='ocrx_word' id='word_1_163' title='bbox 1983 1955 2070 2017; x_wconf 88' lang='lat' dir='ltr'><strong>ita</strong></span> <span class='ocrx_word' id='word_1_164' title='bbox 2109 1962 2177 2016; x_wconf 92' lang='lat' dir='ltr'><strong>ut</strong></span> <span class='ocrx_word' id='word_1_165' title='bbox 2219 1953 2407 2016; x_wconf 86' lang='lat' dir='ltr'><strong>noxia</strong></span> 
     </span>
     <span class='ocr_line' id='line_1_28' title="bbox 907 2050 2407 2136; baseline 0.001 -24"><span class='ocrx_word' id='word_1_166' title='bbox 907 2050 1257 2114; x_wconf 88' lang='lat' dir='ltr'><strong>stimulatio</strong></span> <span class='ocrx_word' id='word_1_167' title='bbox 1305 2053 1618 2115; x_wconf 84' lang='lat' dir='ltr'><strong>excitetur</strong></span> <span class='ocrx_word' id='word_1_168' title='bbox 1660 2053 1727 2115; x_wconf 93' lang='lat' dir='ltr'><strong>in</strong></span> <span class='ocrx_word' id='word_1_169' title='bbox 1769 2054 1861 2116; x_wconf 89' lang='lat' dir='ltr'><strong>eis</strong></span> <span class='ocrx_word' id='word_1_170' title='bbox 1904 2054 2286 2136; x_wconf 90' lang='lat' dir='ltr'><strong>quandoque</strong></span> <span class='ocrx_word' id='word_1_171' title='bbox 2328 2071 2407 2115; x_wconf 91' lang='lat' dir='ltr'><strong>ex</strong></span> 
     </span>
     <span class='ocr_line' id='line_1_29' title="bbox 907 2150 2406 2226; baseline 0.002 -17"><span class='ocrx_word' id='word_1_172' title='bbox 907 2150 1342 2213; x_wconf 87' lang='lat' dir='ltr'><strong>recordatione</strong></span> <span class='ocrx_word' id='word_1_173' title='bbox 1408 2151 1794 2214; x_wconf 85' lang='lat' dir='ltr'><strong>feminarum</strong></span> <span class='ocrx_word' id='word_1_174' title='bbox 1857 2159 2243 2226; x_wconf 85' lang='lat' dir='ltr'><strong>sanctarum,</strong></span> <span class='ocrx_word' id='word_1_175' title='bbox 2304 2150 2406 2214; x_wconf 90' lang='lat' dir='ltr'><strong>vel</strong></span> 
     </span>
     <span class='ocr_line' id='line_1_30' title="bbox 905 2247 2405 2332; baseline 0.003 -24"><span class='ocrx_word' id='word_1_176' title='bbox 905 2247 1026 2309; x_wconf 91' lang='lat' dir='ltr'><strong>sub</strong></span> <span class='ocrx_word' id='word_1_177' title='bbox 1085 2257 1319 2312; x_wconf 82' lang='lat' dir='ltr'><strong>sanctae</strong></span> <span class='ocrx_word' id='word_1_178' title='bbox 1370 2250 1662 2313; x_wconf 90' lang='lat' dir='ltr'><strong>lectionis</strong></span> <span class='ocrx_word' id='word_1_179' title='bbox 1721 2251 2004 2313; x_wconf 88' lang='lat' dir='ltr'><strong>historia.</strong></span> <span class='ocrx_word' id='word_1_180' title='bbox 2058 2251 2256 2332; x_wconf 80' lang='lat' dir='ltr'><strong>Cujus</strong></span> <span class='ocrx_word' id='word_1_181' title='bbox 2316 2250 2405 2312; x_wconf 90' lang='lat' dir='ltr'><strong>rei</strong></span> 
     </span>
     <span class='ocr_line' id='line_1_31' title="bbox 905 2348 2406 2412; baseline 0.001 -4"><span class='ocrx_word' id='word_1_182' title='bbox 905 2365 1096 2410; x_wconf 87' lang='lat' dir='ltr'><strong>causa</strong></span> <span class='ocrx_word' id='word_1_183' title='bbox 1135 2348 1418 2410; x_wconf 87' lang='lat' dir='ltr'><strong>seniores</strong></span> <span class='ocrx_word' id='word_1_184' title='bbox 1449 2349 1646 2411; x_wconf 84' lang='lat' dir='ltr'><strong>nostri</strong></span> <span class='ocrx_word' id='word_1_185' title='bbox 1690 2349 1893 2412; x_wconf 90' lang='lat' dir='ltr'><strong>solent</strong></span> <span class='ocrx_word' id='word_1_186' title='bbox 1934 2349 2406 2412; x_wconf 89' lang='lat' dir='ltr'><strong>consultissime</strong></span> 
     </span>
     <span class='ocr_line' id='line_1_32' title="bbox 908 2447 2407 2530; baseline 0.001 -23"><span class='ocrx_word' id='word_1_187' title='bbox 908 2447 1230 2528; x_wconf 81' lang='lat' dir='ltr'><strong>praeterire</strong></span> <span class='ocrx_word' id='word_1_188' title='bbox 1284 2447 1655 2527; x_wconf 89' lang='lat' dir='ltr'><strong>hujusmodi</strong></span> <span class='ocrx_word' id='word_1_189' title='bbox 1715 2449 2017 2510; x_wconf 86' lang='lat' dir='ltr'><strong>lectiones</strong></span> <span class='ocrx_word' id='word_1_190' title='bbox 2076 2447 2197 2510; x_wconf 91' lang='lat' dir='ltr'><strong>sub</strong></span> <span class='ocrx_word' id='word_1_191' title='bbox 2252 2467 2407 2530; x_wconf 85' lang='lat' dir='ltr'><strong>prae-</strong></span> 
     </span>
     <span class='ocr_line' id='line_1_33' title="bbox 906 2543 2408 2628; baseline 0.003 -24"><span class='ocrx_word' id='word_1_192' title='bbox 906 2543 1112 2606; x_wconf 90' lang='lat' dir='ltr'><strong>sentia</strong></span> <span class='ocrx_word' id='word_1_193' title='bbox 1137 2544 1488 2624; x_wconf 88' lang='lat' dir='ltr'><strong>juniorum.</strong></span> <span class='ocrx_word' id='word_1_194' title='bbox 1515 2546 1706 2609; x_wconf 91' lang='lat' dir='ltr'><strong>Porro</strong></span> <span class='ocrx_word' id='word_1_195' title='bbox 1736 2545 2140 2628; x_wconf 89' lang='lat' dir='ltr'><strong>probationes</strong></span> <span class='ocrx_word' id='word_1_196' title='bbox 2171 2546 2408 2627; x_wconf 88' lang='lat' dir='ltr'><strong>quibus</strong></span> 
     </span>
     <span class='ocr_line' id='line_1_34' title="bbox 908 2642 2408 2727; baseline 0.001 -24"><span class='ocrx_word' id='word_1_197' title='bbox 908 2642 1272 2705; x_wconf 84' lang='lat' dir='ltr'><strong>examinare</strong></span> <span class='ocrx_word' id='word_1_198' title='bbox 1314 2661 1380 2705; x_wconf 93' lang='lat' dir='ltr'><strong>se</strong></span> <span class='ocrx_word' id='word_1_199' title='bbox 1415 2643 1684 2719; x_wconf 86' lang='lat' dir='ltr'><strong>valeant,</strong></span> <span class='ocrx_word' id='word_1_200' title='bbox 1719 2645 1938 2707; x_wconf 91' lang='lat' dir='ltr'><strong>deesse</strong></span> <span class='ocrx_word' id='word_1_201' title='bbox 1979 2662 2105 2708; x_wconf 93' lang='lat' dir='ltr'><strong>non</strong></span> <span class='ocrx_word' id='word_1_202' title='bbox 2142 2652 2408 2727; x_wconf 90' lang='lat' dir='ltr'><strong>possunt</strong></span> 
     </span>
     <span class='ocr_line' id='line_1_35' title="bbox 910 2740 2410 2822; baseline 0.003 -21"><span class='ocrx_word' id='word_1_203' title='bbox 910 2740 1395 2822; x_wconf 87' lang='lat' dir='ltr'><strong>perfectissimis</strong></span> <span class='ocrx_word' id='word_1_204' title='bbox 1441 2743 1596 2804; x_wconf 91' lang='lat' dir='ltr'><strong>viris</strong></span> <span class='ocrx_word' id='word_1_205' title='bbox 1647 2760 1899 2805; x_wconf 92' lang='lat' dir='ltr'><strong>summo</strong></span> <span class='ocrx_word' id='word_1_206' title='bbox 1945 2742 2182 2805; x_wconf 77' lang='lat' dir='ltr'><strong>affectu</strong></span> <span class='ocrx_word' id='word_1_207' title='bbox 2229 2743 2410 2805; x_wconf 86' lang='lat' dir='ltr'><strong>casti-</strong></span> 
     </span>
     <span class='ocr_line' id='line_1_36' title="bbox 910 2839 2412 2924; baseline 0.001 -23"><span class='ocrx_word' id='word_1_208' title='bbox 910 2839 1140 2902; x_wconf 82' lang='lat' dir='ltr'><strong>moniae</strong></span> <span class='ocrx_word' id='word_1_209' title='bbox 1175 2842 1655 2916; x_wconf 89' lang='lat' dir='ltr'><strong>consummatis,</strong></span> <span class='ocrx_word' id='word_1_210' title='bbox 1691 2861 1804 2924; x_wconf 90' lang='lat' dir='ltr'><strong>per</strong></span> <span class='ocrx_word' id='word_1_211' title='bbox 1835 2861 1992 2924; x_wconf 89' lang='lat' dir='ltr'><strong>quas</strong></span> <span class='ocrx_word' id='word_1_212' title='bbox 2027 2841 2412 2924; x_wconf 80' lang='lat' dir='ltr'><strong>perfectissi-</strong></span> 
     </span>
     <span class='ocr_line' id='line_1_37' title="bbox 911 2939 2413 3023; baseline 0.002 -24"><span class='ocrx_word' id='word_1_213' title='bbox 911 2956 1014 2999; x_wconf 91' lang='lat' dir='ltr'><strong>ma</strong></span> <span class='ocrx_word' id='word_1_214' title='bbox 1057 2939 1265 3001; x_wconf 90' lang='lat' dir='ltr'><strong>cordis</strong></span> <span class='ocrx_word' id='word_1_215' title='bbox 1309 2939 1636 3020; x_wconf 80' lang='lat' dir='ltr'><strong>integritas</strong></span> <span class='ocrx_word' id='word_1_216' title='bbox 1680 2940 2131 3023; x_wconf 90' lang='lat' dir='ltr'><strong>comprobetur</strong></span> <span class='ocrx_word' id='word_1_217' title='bbox 2166 2939 2413 3020; x_wconf 90' lang='lat' dir='ltr'><strong>judicio</strong></span> 
     </span>
    </p>
   </div>
   <div class='ocr_carea' id='block_1_8' title="bbox 2516 1949 4021 3020">
    <p class='ocr_par' dir='ltr' id='par_1_9' title="bbox 2516 1949 4021 3020">
     <span class='ocr_line' id='line_1_38' title="bbox 2517 1949 4021 2037; baseline -0.005 -19"><span class='ocrx_word' id='word_1_218' title='bbox 2517 1959 2656 2018; x_wconf 71' lang='lat' dir='ltr'><strong>cst?</strong></span> <span class='ocrx_word' id='word_1_219' title='bbox 2688 1955 2893 2029; x_wconf 89' lang='lat' dir='ltr'><strong>Quum</strong></span> <span class='ocrx_word' id='word_1_220' title='bbox 2924 1971 3074 2035; x_wconf 82' lang='lat' dir='ltr'><strong>ergo</strong></span> <span class='ocrx_word' id='word_1_221' title='bbox 3105 1952 3571 2037; x_wconf 83' lang='lat' dir='ltr'><strong>perfectissima</strong></span> <span class='ocrx_word' id='word_1_222' title='bbox 3600 1952 3833 2014; x_wconf 78' lang='lat' dir='ltr'><strong>virtute</strong></span> <span class='ocrx_word' id='word_1_223' title='bbox 3870 1949 4021 2012; x_wconf 83' lang='lat' dir='ltr'><strong>fun-</strong></span> 
     </span>
     <span class='ocr_line' id='line_1_39' title="bbox 2516 2049 4019 2134; baseline -0.003 -18"><span class='ocrx_word' id='word_1_224' title='bbox 2516 2055 2699 2116; x_wconf 86' lang='lat' dir='ltr'><strong>datus</strong></span> <span class='ocrx_word' id='word_1_225' title='bbox 2759 2070 2886 2116; x_wconf 91' lang='lat' dir='ltr'><strong>non</strong></span> <span class='ocrx_word' id='word_1_226' title='bbox 2945 2053 3437 2134; x_wconf 89' lang='lat' dir='ltr'><strong>deprehenderit</strong></span> <span class='ocrx_word' id='word_1_227' title='bbox 3487 2052 3550 2112; x_wconf 91' lang='lat' dir='ltr'><strong>in</strong></span> <span class='ocrx_word' id='word_1_228' title='bbox 3610 2069 3677 2113; x_wconf 89' lang='lat' dir='ltr'><strong>se</strong></span> <span class='ocrx_word' id='word_1_229' title='bbox 3734 2049 4019 2132; x_wconf 90' lang='lat' dir='ltr'><strong>aliquem</strong></span> 
     </span>
     <span class='ocr_line' id='line_1_40' title="bbox 2519 2147 4021 2224; baseline -0.004 -9"><span class='ocrx_word' id='word_1_230' title='bbox 2519 2153 2751 2215; x_wconf 88' lang='lat' dir='ltr'><strong>mentis</strong></span> <span class='ocrx_word' id='word_1_231' title='bbox 2785 2170 3137 2224; x_wconf 91' lang='lat' dir='ltr'><strong>assensum,</strong></span> <span class='ocrx_word' id='word_1_232' title='bbox 3171 2169 3287 2212; x_wconf 91' lang='lat' dir='ltr'><strong>nec</strong></span> <span class='ocrx_word' id='word_1_233' title='bbox 3320 2149 3515 2211; x_wconf 86' lang='lat' dir='ltr'><strong>ullam</strong></span> <span class='ocrx_word' id='word_1_234' title='bbox 3546 2148 3754 2212; x_wconf 89' lang='lat' dir='ltr'><strong>carnis</strong></span> <span class='ocrx_word' id='word_1_235' title='bbox 3792 2147 4021 2210; x_wconf 89' lang='lat' dir='ltr'><strong>stimu-</strong></span> 
     </span>
     <span class='ocr_line' id='line_1_41' title="bbox 2518 2245 4021 2328; baseline -0.003 -15"><span class='ocrx_word' id='word_1_236' title='bbox 2518 2251 2815 2314; x_wconf 86' lang='lat' dir='ltr'><strong>lationem</strong></span> <span class='ocrx_word' id='word_1_237' title='bbox 2856 2249 3119 2312; x_wconf 87' lang='lat' dir='ltr'><strong>excitari</strong></span> <span class='ocrx_word' id='word_1_238' title='bbox 3159 2268 3236 2311; x_wconf 85' lang='lat' dir='ltr'><strong>ex</strong></span> <span class='ocrx_word' id='word_1_239' title='bbox 3274 2246 3765 2328; x_wconf 84' lang='lat' dir='ltr'><strong>cogitationibus</strong></span> <span class='ocrx_word' id='word_1_240' title='bbox 3808 2245 4021 2308; x_wconf 89' lang='lat' dir='ltr'><strong>illece-</strong></span> 
     </span>
     <span class='ocr_line' id='line_1_42' title="bbox 2518 2347 4016 2429; baseline -0.005 -17"><span class='ocrx_word' id='word_1_241' title='bbox 2518 2349 2724 2412; x_wconf 89' lang='lat' dir='ltr'><strong>brosis</strong></span> <span class='ocrx_word' id='word_1_242' title='bbox 2782 2368 2855 2412; x_wconf 93' lang='lat' dir='ltr'><strong>ac</strong></span> <span class='ocrx_word' id='word_1_243' title='bbox 2914 2347 3188 2422; x_wconf 85' lang='lat' dir='ltr'><strong>blandis,</strong></span> <span class='ocrx_word' id='word_1_244' title='bbox 3250 2348 3458 2429; x_wconf 87' lang='lat' dir='ltr'><strong>capiet</strong></span> <span class='ocrx_word' id='word_1_245' title='bbox 3514 2347 3897 2408; x_wconf 83' lang='lat' dir='ltr'><strong>documenta</strong></span> <span class='ocrx_word' id='word_1_246' title='bbox 3954 2353 4016 2405; x_wconf 86' lang='lat' dir='ltr'><strong>et</strong></span> 
     </span>
     <span class='ocr_line' id='line_1_43' title="bbox 2518 2444 4017 2531; baseline -0.005 -21"><span class='ocrx_word' id='word_1_247' title='bbox 2518 2449 2697 2529; x_wconf 88' lang='lat' dir='ltr'><strong>signa</strong></span> <span class='ocrx_word' id='word_1_248' title='bbox 2740 2446 3033 2531; x_wconf 88' lang='lat' dir='ltr'><strong>puritatis</strong></span> <span class='ocrx_word' id='word_1_249' title='bbox 3078 2466 3208 2509; x_wconf 83' lang='lat' dir='ltr'><strong>suae</strong></span> <span class='ocrx_word' id='word_1_250' title='bbox 3252 2445 3642 2523; x_wconf 85' lang='lat' dir='ltr'><strong>certissima3</strong></span> <span class='ocrx_word' id='word_1_251' title='bbox 3687 2444 3774 2506; x_wconf 91' lang='lat' dir='ltr'><strong>ita</strong></span> <span class='ocrx_word' id='word_1_252' title='bbox 3815 2450 3887 2504; x_wconf 85' lang='lat' dir='ltr'><strong>ut</strong></span> <span class='ocrx_word' id='word_1_253' title='bbox 3926 2451 4017 2504; x_wconf 85' lang='lat' dir='ltr'><strong>ta·</strong></span> 
     </span>
     <span class='ocr_line' id='line_1_44' title="bbox 2520 2541 4016 2625; baseline -0.003 -17"><span class='ocrx_word' id='word_1_254' title='bbox 2520 2547 2663 2609; x_wconf 90' lang='lat' dir='ltr'><strong>liter</strong></span> <span class='ocrx_word' id='word_1_255' title='bbox 2693 2565 2760 2608; x_wconf 90' lang='lat' dir='ltr'><strong>se</strong></span> <span class='ocrx_word' id='word_1_256' title='bbox 2790 2564 3113 2620; x_wconf 80' lang='lat' dir='ltr'><strong>exercenS,</strong></span> <span class='ocrx_word' id='word_1_257' title='bbox 3148 2562 3275 2607; x_wconf 91' lang='lat' dir='ltr'><strong>non</strong></span> <span class='ocrx_word' id='word_1_258' title='bbox 3314 2543 3519 2606; x_wconf 90' lang='lat' dir='ltr'><strong>solum</strong></span> <span class='ocrx_word' id='word_1_259' title='bbox 3565 2541 3883 2625; x_wconf 84' lang='lat' dir='ltr'><strong>possideat</strong></span> <span class='ocrx_word' id='word_1_260' title='bbox 3918 2560 4016 2604; x_wconf 85' lang='lat' dir='ltr'><strong>ca-</strong></span> 
     </span>
     <span class='ocr_line' id='line_1_45' title="bbox 2518 2641 4015 2726; baseline -0.005 -18"><span class='ocrx_word' id='word_1_261' title='bbox 2518 2645 2749 2708; x_wconf 85' lang='lat' dir='ltr'><strong>stitatis</strong></span> <span class='ocrx_word' id='word_1_262' title='bbox 2796 2642 3419 2726; x_wconf 90' lang='lat' dir='ltr'><strong>incorruptionisque</strong></span> <span class='ocrx_word' id='word_1_263' title='bbox 3468 2641 3734 2715; x_wconf 87' lang='lat' dir='ltr'><strong>bonum,</strong></span> <span class='ocrx_word' id='word_1_264' title='bbox 3784 2641 3897 2702; x_wconf 87' lang='lat' dir='ltr'><strong>sed</strong></span> <span class='ocrx_word' id='word_1_265' title='bbox 3946 2647 4015 2700; x_wconf 91' lang='lat' dir='ltr'><strong>ut</strong></span> 
     </span>
     <span class='ocr_line' id='line_1_46' title="bbox 2519 2738 4013 2826; baseline -0.004 -21"><span class='ocrx_word' id='word_1_266' title='bbox 2519 2743 2831 2826; x_wconf 90' lang='lat' dir='ltr'><strong>passionis</strong></span> <span class='ocrx_word' id='word_1_267' title='bbox 2874 2749 3116 2804; x_wconf 89' lang='lat' dir='ltr'><strong>motum</strong></span> <span class='ocrx_word' id='word_1_268' title='bbox 3162 2759 3421 2822; x_wconf 88' lang='lat' dir='ltr'><strong>prorsus</strong></span> <span class='ocrx_word' id='word_1_269' title='bbox 3465 2740 3731 2821; x_wconf 88' lang='lat' dir='ltr'><strong>ignoret,</strong></span> <span class='ocrx_word' id='word_1_270' title='bbox 3762 2738 4013 2800; x_wconf 87' lang='lat' dir='ltr'><strong>etiamsi</strong></span> 
     </span>
     <span class='ocr_line' id='line_1_47' title="bbox 2518 2835 4015 2923; baseline -0.005 -18"><span class='ocrx_word' id='word_1_271' title='bbox 2518 2862 2595 2905; x_wconf 84' lang='lat' dir='ltr'><strong>ex</strong></span> <span class='ocrx_word' id='word_1_272' title='bbox 2625 2842 2839 2923; x_wconf 91' lang='lat' dir='ltr'><strong>aliqua</strong></span> <span class='ocrx_word' id='word_1_273' title='bbox 2878 2839 3234 2903; x_wconf 88' lang='lat' dir='ltr'><strong>necessaria</strong></span> <span class='ocrx_word' id='word_1_274' title='bbox 3264 2858 3452 2901; x_wconf 89' lang='lat' dir='ltr'><strong>causa</strong></span> <span class='ocrx_word' id='word_1_275' title='bbox 3482 2837 3895 2921; x_wconf 87' lang='lat' dir='ltr'><strong>corporaliter</strong></span> <span class='ocrx_word' id='word_1_276' title='bbox 3926 2835 4015 2898; x_wconf 78' lang='lat' dir='ltr'><strong>se-</strong></span> 
     </span>
     <span class='ocr_line' id='line_1_48' title="bbox 2522 2941 3030 3020; baseline -0.004 -18"><span class='ocrx_word' id='word_1_277' title='bbox 2522 2941 2761 3002; x_wconf 89' lang='lat' dir='ltr'><strong>minam</strong></span> <span class='ocrx_word' id='word_1_278' title='bbox 2801 2947 3030 3020; x_wconf 87' lang='lat' dir='ltr'><strong>tangat.</strong></span> 
     </span>
    </p>
   </div>
   <div class='ocr_carea' id='block_1_9' title="bbox 909 3035 4013 3121">
    <p class='ocr_par' dir='ltr' id='par_1_10' title="bbox 909 3035 4013 3121">
     <span class='ocr_line' id='line_1_49' title="bbox 909 3035 4013 3121; baseline -0.001 -21"><span class='ocrx_word' id='word_1_279' title='bbox 909 3036 1316 3100; x_wconf 85' lang='lat' dir='ltr'><strong>conscientiae</strong></span> <span class='ocrx_word' id='word_1_280' title='bbox 1353 3037 1738 3121; x_wconf 82' lang='lat' dir='ltr'><strong>incorrupto,</strong></span> <span class='ocrx_word' id='word_1_281' title='bbox 1776 3039 1912 3100; x_wconf 82' lang='lat' dir='ltr'><strong>Erit</strong></span> <span class='ocrx_word' id='word_1_282' title='bbox 1941 3057 2090 3120; x_wconf 91' lang='lat' dir='ltr'><strong>ergo</strong></span> <span class='ocrx_word' id='word_1_283' title='bbox 2121 3038 2412 3121; x_wconf 89' lang='lat' dir='ltr'><strong>probatio</strong></span> <span class='ocrx_word' id='word_1_284' title='bbox 2442 3041 2484 3104; x_wconf 90' lang='lat' dir='ltr'>C</span> <span class='ocrx_word' id='word_1_285' title='bbox 2600 3039 2714 3101; x_wconf 88' lang='lat' dir='ltr'><strong>Hic</strong></span> <span class='ocrx_word' id='word_1_286' title='bbox 2743 3038 2939 3101; x_wconf 88' lang='lat' dir='ltr'><strong>abbas</strong></span> <span class='ocrx_word' id='word_1_287' title='bbox 2965 3038 3234 3100; x_wconf 87' lang='lat' dir='ltr'><strong>Joannes</strong></span> <span class='ocrx_word' id='word_1_288' title='bbox 3267 3036 3580 3100; x_wconf 89' lang='lat' dir='ltr'><strong>conclusit</strong></span> <span class='ocrx_word' id='word_1_289' title='bbox 3609 3035 4013 3099; x_wconf 88' lang='lat' dir='ltr'><strong>collationem</strong></span> 
     </span>
    </p>
   </div>
   <div class='ocr_carea' id='block_1_10' title="bbox 907 3134 2412 3318">
    <p class='ocr_par' dir='ltr' id='par_1_11' title="bbox 907 3134 2412 3318">
     <span class='ocr_line' id='line_1_50' title="bbox 910 3134 2412 3219; baseline 0.002 -23"><span class='ocrx_word' id='word_1_290' title='bbox 910 3134 1534 3198; x_wconf 89' lang='lat' dir='ltr'><strong>consummatissimo</strong></span> <span class='ocrx_word' id='word_1_291' title='bbox 1572 3138 1708 3200; x_wconf 91' lang='lat' dir='ltr'><strong>viro</strong></span> <span class='ocrx_word' id='word_1_292' title='bbox 1750 3137 1980 3200; x_wconf 88' lang='lat' dir='ltr'><strong>similis</strong></span> <span class='ocrx_word' id='word_1_293' title='bbox 2027 3136 2412 3219; x_wconf 89' lang='lat' dir='ltr'><strong>probationi-</strong></span> 
     </span>
     <span class='ocr_line' id='line_1_51' title="bbox 907 3232 2405 3318; baseline 0.002 -24"><span class='ocrx_word' id='word_1_294' title='bbox 907 3232 1029 3295; x_wconf 90' lang='lat' dir='ltr'><strong>bus</strong></span> <span class='ocrx_word' id='word_1_295' title='bbox 1075 3233 1206 3314; x_wconf 85' lang='lat' dir='ltr'><strong>jam</strong></span> <span class='ocrx_word' id='word_1_296' title='bbox 1265 3233 1564 3316; x_wconf 67' lang='lat' dir='ltr'><strong>puniatis,</strong></span> <span class='ocrx_word' id='word_1_297' title='bbox 1615 3237 1806 3297; x_wconf 85' lang='lat' dir='ltr'><strong>etiam</strong></span> <span class='ocrx_word' id='word_1_298' title='bbox 1867 3255 2061 3318; x_wconf 90' lang='lat' dir='ltr'><strong>super</strong></span> <span class='ocrx_word' id='word_1_299' title='bbox 2111 3235 2405 3318; x_wconf 90' lang='lat' dir='ltr'><strong>passione</strong></span> 
     </span>
    </p>
   </div>
   <div class='ocr_carea' id='block_1_11' title="bbox 2520 3134 4012 3218">
    <p class='ocr_par' dir='ltr' id='par_1_12' title="bbox 2520 3134 4012 3218">
     <span class='ocr_line' id='line_1_52' title="bbox 2520 3134 4012 3218; baseline -0.005 -17"><span class='ocrx_word' id='word_1_300' title='bbox 2520 3138 2641 3201; x_wconf 86' lang='lat' dir='ltr'><strong>hoc</strong></span> <span class='ocrx_word' id='word_1_301' title='bbox 2689 3137 2845 3210; x_wconf 83' lang='lat' dir='ltr'><strong>sine,</strong></span> <span class='ocrx_word' id='word_1_302' title='bbox 2892 3155 3091 3218; x_wconf 89' lang='lat' dir='ltr'><strong>quum</strong></span> <span class='ocrx_word' id='word_1_303' title='bbox 3144 3135 3448 3198; x_wconf 90' lang='lat' dir='ltr'><strong>sensisset</strong></span> <span class='ocrx_word' id='word_1_304' title='bbox 3491 3135 3625 3216; x_wconf 87' lang='lat' dir='ltr'><strong>jam</strong></span> <span class='ocrx_word' id='word_1_305' title='bbox 3676 3134 4012 3196; x_wconf 90' lang='lat' dir='ltr'><strong>imminere</strong></span> 
     </span>
    </p>
   </div>
   <div class='ocr_carea' id='block_1_12' title="bbox 2514 3235 3386 3298">
    <p class='ocr_par' dir='ltr' id='par_1_13' title="bbox 2514 3235 3386 3298">
     <span class='ocr_line' id='line_1_53' title="bbox 2514 3235 3386 3298; baseline -0.003 -1"><span class='ocrx_word' id='word_1_306' title='bbox 2514 3235 2925 3298; x_wconf 77' lang='lat' dir='ltr'><strong>reiectionem</strong></span> <span class='ocrx_word' id='word_1_307' title='bbox 2972 3235 3141 3296; x_wconf 81' lang='lat' dir='ltr'><strong>horae</strong></span> <span class='ocrx_word' id='word_1_308' title='bbox 3185 3251 3386 3296; x_wconf 81' lang='lat' dir='ltr'><strong>nonae.</strong></span> 
     </span>
    </p>
   </div>
  </div>
 </body>
</html>
