4359 6267
575 2962 590 3005 l
614 2962 717 3006 Cor.
738 2978 795 3017 ιιι,

535 3028 598 3068 ¹0.

545 3258 620 3301 Pe.
637 3262 781 3311 xxv‚8.

838 488 958 552 418

1506 510 1922 557 COLLATloNUM
1963 510 2047 555 SS.
2083 510 2328 555 PATRmu
2369 509 2543 555 Lmnn
2584 509 2646 554 11.
2692 527 2773 537 —
2812 508 3101 555 COLLATio
3138 509 3287 553 xxiv

840 678 994 740 velit
1025 698 1339 742 cameram
1369 680 1608 742 absidis
1644 680 1936 762 superius
1966 679 2333 755 terminare,
2364 677 2417 741 A
2448 679 2711 741 beamus
2742 686 3076 760 parentum
3109 679 3433 753 viciniam,
3457 699 3649 761 quam
3682 698 3801 741 nec
3828 696 3943 741 vos

835 775 1074 859 jugiter
1139 780 1562 842 circumducit
1627 781 1860 842 lineam
1931 779 2334 841 subtilissimi

841 877 1042 937 centri
1074 878 1668 961 illiuS,omnemque
1699 879 2105 941 rotunditatis
2135 898 2338 961 aequa-

839 973 1080 1036 litatem
1120 984 1182 1037 et
1219 984 1552 1040 structurae
1601 977 1909 1039 rationem
1957 996 2031 1038 ac
2073 977 2334 1039 modum

839 1074 1174 1154 perpendit
1219 1094 1292 1137 ac
1343 1076 1586 1155 colligit
1643 1076 1997 1138 secundum
2058 1076 2333 1138 certissi-

839 1190 1007 1232 mam
1052 1172 1235 1235 lineae
1274 1192 1583 1235 normam.
1619 1174 1736 1247 Qui
1776 1182 1988 1235 autem
2031 1194 2332 1255 praesum-

837 1271 1035 1352 pserit
1073 1288 1233 1353 opus
1279 1272 1437 1333 illud
1483 1290 1930 1334 consummare
1973 1272 2216 1354 absque
2261 1273 2331 1334 li-

836 1389 969 1432 neae
1019 1369 1192 1431 illius
1241 1371 1686 1452 applicatione,
1739 1370 2030 1453 quamvis
2081 1390 2333 1435 summa

833 1476 966 1531 arte
997 1477 1105 1532 aut
1136 1470 1392 1551 ingenio
1429 1470 1492 1532 id
1534 1478 1896 1551 praesumat,
1932 1470 2332 1552 impossibile

833 1574 930 1630 est
979 1575 1048 1628 ut
1097 1568 1234 1630 sine
1281 1586 1492 1631 errore
1543 1568 1856 1631 custodiat
1904 1568 2329 1650 aequalitatem

835 1666 1008 1728 illius
1039 1667 1368 1741 circuituS‚
1402 1676 1510 1731 aut
1550 1669 1684 1731 solo
1718 1668 2022 1749 adspectu
2063 1688 2331 1751 perpen-

833 1764 937 1828 dat
981 1773 1288 1847 quantum
1340 1784 1455 1828 suo
1503 1784 1714 1829 errore
1765 1766 2149 1829 subtraxerit
2188 1769 2326 1849 pul-

832 1862 1179 1926 chritudini
1223 1863 1628 1926 rotunditatis
1672 1864 1867 1937 illius,
1907 1864 2031 1925 nisi
2074 1883 2329 1947 semper
2363 1867 2411 1929 B

833 1970 1114 2024 recurrat
1171 1965 1249 2026 ad
1311 1962 1493 2024 illum
1559 1962 1958 2024 rectitudinis
2021 1962 2323 2035 indicem,

831 2061 1098 2143 ejusque
1124 2060 1369 2142 judicio
1409 2061 1678 2142 corrigat
1715 2068 1822 2122 aut
1859 2061 2205 2143 perpendat
2238 2062 2327 2124 in-

829 2160 1124 2223 teriorem
1173 2168 1236 2222 et
1283 2144 1661 2222 exteriorem
1719 2158 1819 2221 sui
1867 2159 2078 2240 operis
2127 2160 2326 2223 ambi-

830 2266 986 2321 tum.
1020 2260 1111 2321 Ita
1140 2276 1394 2339 quoque
1427 2276 1605 2319 mens
1646 2264 1858 2319 nostra
1897 2256 2016 2319 nisi
2051 2258 2325 2320 circum-

827 2363 969 2436 agat
999 2374 1113 2438 per
1142 2356 1437 2418 universa
1465 2373 1656 2436 opera
1686 2373 1800 2417 sua
1827 2355 1938 2417 Dei
1973 2355 2319 2431 caritatem,

830 2459 1130 2533 tanquam
1182 2461 1471 2514 centrum
1526 2451 1944 2515 immobiliter
1991 2452 2218 2528 fixum,
2260 2462 2324 2517 et

827 2551 1197 2632 qualitatem
1236 2551 1524 2613 omnium
1566 2550 2020 2631 cogitationum
2061 2571 2319 2614 suarum

825 2650 1156 2731 aptaverit,
1201 2650 1334 2712 sive
1373 2649 1700 2730 abjecerit,
1736 2649 2050 2731 probabili
2091 2650 2192 2731 (ut
2229 2652 2320 2713 sic

829 2750 1077 2831 loquar)
1124 2750 1368 2812 circino
1416 2749 1717 2823 caritatiS‚
1769 2768 2172 2831 nequaquam
2230 2770 2323 2812 sa-

827 2848 1076 2929 pienter
1123 2848 1470 2911 aedificabit
1528 2855 1912 2909 structuram
1971 2847 2322 2929 spiritualis

825 2945 1084 3009 aedificii
1130 2946 1315 3027 cujus
1353 2946 1736 3009 architectus
1777 2954 1873 3007 est
1909 2945 2168 3025 Paulus3
2203 2966 2320 3009 nec

2446 778 2721 841 nimium
2765 777 3119 860 respuistis.
3155 778 3361 852 Quum
3396 778 3568 841 enim
3602 796 3943 841 cernamus

2444 895 2557 939 vos
2606 878 2672 939 in
2718 877 2893 939 omni
2936 877 3039 940 via
3087 877 3499 959 perfectionis
3546 877 3942 959 irreprehen-

2444 974 2719 1038 sibiliter
2775 975 3161 1051 incedenteS,
3212 976 3487 1039 residere
3545 993 3672 1039 non
3730 975 3941 1037 solum

2446 1072 2511 1134 in
2542 1072 2912 1155 regionibus
2944 1074 3241 1156 propriiS‚
3274 1093 3497 1136 verum
3529 1074 3721 1136 etiam
3750 1090 3941 1155 quos-

2444 1171 2589 1232 dam
2640 1180 2923 1233 vestrum
2974 1190 3101 1233 non
3151 1172 3335 1253 longe.
3382 1170 3719 1234 recessisse
3763 1190 3802 1233 a
3850 1171 3941 1233 vi-

2444 1268 2605 1331 culis
2656 1269 2811 1341 suiS,
2858 1288 2973 1331 cur
3019 1276 3351 1351 reputatur
3396 1267 3582 1330 nobis
3629 1268 3941 1350 periculo-

2442 1387 2609 1441 sum,
2646 1370 2815 1449 quod
2854 1386 2982 1431 non
3018 1368 3341 1449 judicatur
3369 1366 3551 1430 vobis
3590 1368 3938 1431 nocivum?

2818 1632 3322 1696 CAPITULUM
3378 1632 3563 1697 VIII.

2578 1781 2934 1853 Responsio,
2965 1783 3127 1854 quod
3153 1797 3274 1837 non
3302 1782 3578 1838 omnibus
3605 1784 3809 1839 omnia

3000 1872 3379 1928 conveniant.

2577 2067 2926 2131 BRAHAM:
2948 2068 3279 2131 Cernimus
3305 2088 3420 2151 per
3442 2070 3748 2151 exempla,
3762 2072 3934 2153 quod

2605 2165 2925 2228 interdum
2989 2174 3329 2229 nascantur
3385 2167 3552 2229 mala
3606 2186 3683 2229 ex
3744 2168 3937 2231 rebus

2435 2263 2639 2327 bonis.
2682 2264 2839 2327 Nam
2890 2265 2941 2326 si
2995 2265 3138 2346 quis
3193 2266 3668 2347 praesumpserit
3708 2268 3931 2330 eadem

2434 2382 2620 2444 agere
2667 2381 2793 2425 non
2844 2364 3067 2425 eodem
3119 2363 3356 2426 affe-ctu
3410 2372 3599 2445 atque
3652 2366 3937 2447 proposi-

2434 2469 2519 2535 to,
2563 2469 2670 2524 aut
2714 2462 2912 2523 simili
2955 2462 3213 2536 virtute,
3255 2481 3383 2543 qua
3426 2462 3605 2536 alter,
3648 2464 3934 2545 profecto

2436 2560 2704 2622 incurrit
2748 2561 3047 2642 laqueum
3091 2560 3517 2624 damnationis
3563 2580 3636 2623 ac
3681 2564 3928 2635 mortis,

2434 2659 2601 2720 unde
2644 2658 2803 2720 alter
2840 2659 3115 2740 acquirit
3154 2658 3433 2721 fructum
3478 2661 3718 2723 salutis.
3753 2662 3927 2736 Quod

2434 2776 2594 2838 puer
2624 2756 2733 2820 ille
2767 2776 2959 2820 manu
2990 2757 3193 2831 fortiS,
3218 2759 3551 2840 oppositus
3581 2758 3930 2823 bellicosis-

2433 2855 2596 2917 simo
2643 2856 2880 2936 giganti
2929 2855 2992 2917 in
3040 2856 3278 2937 praelim
3314 2856 3749 2920 indubitanter
3792 2879 3930 2921 sus—

2433 2953 2751 3027 tinuisset,
2805 2953 2857 3015 si
2918 2954 3144 3016 fuisset
3203 2954 3463 3017 indutus
3512 2956 3807 3019 virilibus
3853 2977 3929 3019 ac

826 3045 1178 3127 possidebit
1237 3045 1780 3127 pulchritudinem
1851 3045 2077 3107 domus
2147 3045 2321 3108 illius
2358 3053 2402 3116 C
2434 3051 2797 3114 fortissimis
2856 3052 3051 3113 armis
3102 3052 3327 3115 Saulis.
3380 3052 3535 3115 Nam
3594 3073 3774 3117 arma
3820 3055 3933 3118 illa

827 3164 1016 3225 quam
1059 3152 1313 3207 sanctus
1354 3143 1551 3206 David
1587 3144 1852 3225 cupiens
1893 3143 2020 3205 Deo
2050 3144 2324 3206 aedifica-

827 3262 894 3304 re
928 3242 992 3304 in
1024 3242 1211 3305 corde
1251 3260 1386 3315 suo,
1421 3242 1721 3304 disseruit
1756 3260 1769 3303 :
1803 3242 2092 3316 Domine,
2126 3242 2321 3303 dilexi

827 3342 1120 3404 decorem
1155 3341 1380 3403 domus
1413 3348 1556 3414 tuan,
1576 3348 1637 3402 et
1669 3340 1880 3403 locum
1912 3339 2321 3403 habitationis

824 3441 1042 3522 gloriae
1099 3448 1260 3519 tuae3
1312 3440 1421 3501 sed
1480 3440 1678 3520 eriget
1727 3439 2166 3520 imprudenter
2215 3440 2323 3502 do·

826 3559 1004 3600 mum
1037 3537 1678 3619 indecoram‚Spiritu
1712 3538 1940 3600 Sancto
1972 3537 2319 3618 indignam,

825 3655 1099 3719 moxque
1149 3656 1436 3699 casuram
1481 3655 1494 3699 :
1540 3655 1664 3698 non
1716 3636 2172 3717 glorificandus
2216 3638 2323 3700 ho—

823 3736 1016 3817 spitio
1047 3736 1282 3797 summi
1314 3734 1784 3808 cohabitatori5‚
1819 3736 1927 3797 sed
1968 3735 2323 3816 lugubriter

822 3834 1007 3896 ruina
1051 3833 1540 3897 constructionis
1585 3854 1712 3897 suae
1755 3834 2235 3915 opprimendus.

1208 4098 1714 4161 CAPITULUM
1777 4098 1928 4161 VII.

2434 3157 2725 3232 poterant
2772 3149 3155 3213 adolescenti
3207 3158 3445 3214 certam
3507 3152 3741 3215 inferre
3788 3174 3931 3236 per-

2434 3248 2693 3323 niciem,
2716 3268 2829 3331 per
2858 3258 3000 3330 quae.
3032 3256 3179 3311 aetas
3212 3248 3534 3313 robustior
3562 3253 3934 3332 prostravis-

2432 3355 2524 3408 set
2572 3346 3071 3409 innumerabiles
3112 3348 3347 3420 hosteS,
3389 3348 3514 3409 nisi
3555 3348 3693 3431 ipse
3724 3351 3933 3413 adole-

2433 3464 2615 3508 scens
2649 3444 2845 3508 David
2885 3446 3183 3527 prudenti
3216 3445 3599 3510 discretione
3636 3449 3931 3529 elegisset

2430 3562 2606 3606 arma
2649 3564 2779 3606 suae
2810 3543 3251 3607 adolescentiae
3280 3552 3447 3626 apta,
3481 3553 3544 3607 et
3574 3554 3793 3609 contra
3821 3548 3935 3611 ho-

2432 3649 2591 3703 stem
2633 3641 3036 3703 teterrimum
3076 3650 3357 3704 armatus
3397 3642 3647 3718 fuisset,
3681 3662 3809 3708 non
3849 3645 3938 3707 lo-

2433 3740 2563 3801 rica
2598 3746 2707 3801 aut
2739 3740 2963 3822 clypeo
2993 3740 3231 3821 quibus
3267 3748 3508 3803 ceteros
3539 3742 3700 3804 vidit
3728 3762 3935 3807 arma-

2430 3847 2548 3912 toS‚
2600 3839 2710 3900 sed
2764 3839 2905 3902 telis
2964 3858 3074 3901 seu
3134 3839 3334 3920 petris
3391 3840 3627 3921 quibus
3686 3850 3935 3923 poterat

2431 3936 2753 3999 dimicare.
2819 3937 2979 3999 Hinc
3044 3938 3343 3999 convenit
3402 3950 3935 4022 unumquemque

2430 4042 2719 4098 nostrum
2772 4035 3139 4117 diligentius
3189 4043 3335 4098 ante
3385 4054 3652 4118 pensare
3692 4038 3933 4102 virium

2430 4152 2689 4195 suarum
2734 4152 3123 4208 mensuram,
3154 4142 3217 4197 et
3252 4134 3434 4214 juxta
3472 4154 3611 4197 eam
3650 4138 3934 4219 arripere

821 4248 1114 4319 objectio,
1153 4264 1263 4303 cur
1301 4247 1477 4303 nobis
1514 4252 1716 4319 posset
1755 4263 1963 4302 nocere
1994 4252 2320 4318 parentum
2350 4230 2838 4314 D’diSCiplissam
2870 4250 2982 4294 SOU
3012 4232 3212 4294 Vitam
3247 4233 3447 4314 magis
3479 4233 3837 4315 placentem
3868 4246 3935 4299 et

893 4338 1150 4401 vicinia,
1209 4352 1345 4410 quoe
1393 4353 1516 4392 non
1570 4336 1796 4392 obesset
1851 4335 2319 4391 consistentibus

893 4428 962 4482 in
994 4428 1272 4498 AE'qypto.

965 4622 1325 4686 ERMANUS
1372 4641 1386 4684 ε
1436 4623 1606 4705 Opus
1657 4624 1776 4685 hoc
1824 4623 1994 4704 quod
2045 4624 2109 4685 in
2160 4624 2321 4686 cella

979 4720 1124 4782 fieri
1178 4726 1402 4801 potest,
1449 4720 1815 4802 praecipitur
1863 4720 2012 4782 satis
2061 4720 2201 4781 utili
2246 4740 2318 4783 ac

819 4818 1178 4882 necessario
1219 4818 1530 4890 instituto,
1564 4819 1716 4900 quia
1751 4818 1992 4880 utilitas
2031 4818 2316 4880 exercitii

823 4918 1018 4999 hujus
1059 4936 1226 4999 saepe
1268 4916 1546 4980 innotuit
1579 4916 1785 4992 nobiS,
1820 4935 1947 4980 non
1981 4917 2189 4980 solum
2218 4936 2321 4980 ex-

822 5018 1036 5099 emplo
1067 5015 1480 5079 beatitudinis
1511 5024 1735 5079 vestrae
1769 5015 2044 5079 fundatae
2077 5016 2140 5078 in
2185 5016 2322 5078 imi-

820 5118 1056 5180 tatione
1127 5115 1619 5197 apostolicarum
1689 5114 2025 5190 virtutum,
2095 5135 2317 5177 verum

819 5217 1011 5280 etiam
1053 5214 1422 5278 testimonio
1463 5214 1873 5295 experientiae
1916 5223 2162 5277 nostrae.
2201 5215 2319 5277 Sed

821 5334 948 5379 non
997 5314 1149 5377 satis
1209 5318 1383 5395 patet
1430 5331 1543 5375 cur
1591 5319 1918 5393 tantopere
1965 5312 2166 5375 vitare
2216 5310 2322 5375 de-

2430 4340 2904 4413 congruentem.
2940 4332 3097 4394 Nam
3142 4332 3435 4414 quamvis
3484 4350 3705 4396 omnes
3748 4353 3935 4398 voca-

2432 4431 2657 4506 tione8‚
2711 4430 3138 4511 professiones
3202 4450 3315 4493 seu
3373 4431 3751 4515 disciplima,
3804 4434 3937 4497 sint

2433 4529 2644 4601 utiles,
2698 4538 2909 4591 tamen
2972 4529 3239 4611 singulae
3290 4548 3415 4593 non
3466 4539 3616 4594 sunt
3662 4533 3939 4615 singulis

2432 4634 2869 4706 congruentes.
2920 4626 3205 4709 Denique
3255 4630 3547 4709 quamvis
3596 4630 3939 4695 anachore-

2430 4724 2517 4787 sis
2561 4724 2726 4786 bona
2768 4724 2870 4798 sit,
2907 4743 3031 4788 non
3078 4733 3290 4789 tamen
3336 4728 3635 4790 convenit.
3676 4730 3935 4792 univer-

2429 4821 2516 4883 sis
2571 4840 2584 4884 :
2646 4821 2775 4885 imo
2833 4840 2871 4883 a
2929 4823 3147 4885 multis
3206 4824 3477 4886 sentitur
3534 4843 3661 4889 non
3720 4827 3933 4891 solum

2431 4919 2847 4993 infructuosa,
2894 4921 3005 4983 sed
3054 4921 3248 4983 etiam
3296 4924 3671 5003 perniciosa.
3720 4925 3824 4987 Sic
3864 4935 3933 4989 et

2432 5019 2827 5081 conversatio
2888 5019 3286 5083 coenobitalis
3345 5030 3563 5085 sancta
3615 5042 3691 5085 ac
3749 5024 3931 5089 utilis

2429 5124 2546 5189 est,
2598 5115 2897 5178 similiter
2944 5136 3095 5179 cura
3154 5118 3476 5199 Fratrum3
3526 5140 3643 5183 nec
3701 5129 3795 5184 est
3842 5122 3929 5185 ab

2430 5214 2730 5277 omnibus
2779 5216 3175 5277 assumenda.
3230 5216 3620 5280 Xenodochii
3668 5238 3929 5303 quoque

2434 5311 2797 5375 uberrimus
2857 5311 3101 5375 fructus
3160 5321 3275 5389 est,
3323 5317 3432 5377 sed
3491 5315 3572 5378 ab
3624 5318 3931 5383 omnibus

3959 2783 4135 2839 IRey.
4154 2799 4285 2833 xvia.

3960 2848 4129 2890 ³840.
