4359 6267
626 2269 734 2312 Gen.
752 2284 779 2319 1,
798 2273 866 2314 26.

917 483 1038 548 258

1637 508 2052 555 COLLATIONUM
2095 511 2179 556 SS.
2216 511 2459 558 PA'rnml
2501 513 2676 558 LIBER
2719 514 2757 558 1.
2803 534 2884 542 —
2924 515 3210 563 couumo
3250 517 3291 562 X

916 692 981 736 rc
1013 674 1362 751 catholiciS,
1396 686 1704 759 quantum
1738 679 1872 761 ipse
1905 681 2226 761 praecessit
2256 700 2407 762 qua-
2439 677 2490 740 A
2522 687 2755 744 terram
2812 701 3067 766 quoque
3127 695 3499 768 prostratuS,
3562 707 3709 750 cum
3774 688 4009 770 ejulatu

912 773 964 833 si
1004 774 1333 836 universos
1371 777 1711 839 monachos
1754 778 1980 840 merito
2019 779 2165 842 vitae
2204 799 2278 841 ac
2316 799 2409 842 se-

911 879 1185 934 nectute.
1221 874 1335 946 Qui
1379 894 1579 956 quum
1611 893 1738 938 non
1769 885 1980 958 posset
2021 878 2285 959 perduci
2326 880 2403 940 ad

913 971 1230 1033 tramitem
1275 971 1426 1034 fidei
1467 983 1654 1036 rectae
1698 975 1916 1036 multis
1959 975 2405 1038 exhortationi-

911 1068 1031 1130 bus
1073 1069 1320 1132 abbatis
1361 1071 1720 1153 Paphnutii,
1752 1091 1828 1134 eo
1867 1075 2034 1155 quod
2079 1075 2405 1156 persuasio

911 1169 1246 1249 paphnutii
1292 1171 1617 1233 videretur
1657 1173 1713 1234 ei
1767 1190 1950 1246 nova,
1995 1193 2114 1236 nec
2161 1195 2200 1236 a
2248 1194 2404 1256 prai-

911 1267 1352 1331 decessoribus
1381 1289 1662 1350 unquam
1706 1272 1963 1333 inventa
2004 1281 2110 1334 aut
2151 1274 2401 1345 tradita,

910 1365 1141 1428 accidit
1187 1374 1256 1428 u't
1302 1368 1559 1448 quidam
1612 1369 1936 1444 diaconus.
1990 1371 2090 1432 vir
2137 1390 2403 1436 summae

911 1464 1213 1540 scientiae,
1266 1467 1524 1528 nomine
1574 1467 1898 1542 PhotinuS‚
1949 1470 2276 1532 adveniret
2325 1472 2403 1534 de

910 1564 1320 1645 Cappadocia*
1377 1565 1665 1646 partibus
1731 1567 2046 1631 desiderio
2102 1569 2404 1632 visitandi

911 1663 1154 1725 Fratres
1187 1664 1250 1724 in
1284 1663 1497 1746 Scythi
1530 1673 1868 1727 manentes
1894 1666 2093 1740 Quem
2117 1669 2182 1729 B.
2208 1667 2405 1750 Paph-

909 1763 1126 1823 nutius
1159 1762 1442 1824 laetanter
1464 1764 2160 1846 suscipienS,produxit
2186 1767 2251 1829 in
2282 1786 2403 1829 me-

2520 779 2819 843 clamaret
2866 781 3215 846 fortissimo
3263 803 3276 846 :
3324 785 3457 847 Heu
3510 805 3610 848 me
3662 787 4007 850 miserum!

2518 879 2801 942 tulerunt
2832 901 2867 943 a
2899 901 2999 944 me
3040 883 3241 944 Deum
3282 903 3521 958 meum,
3554 893 3618 947 et
3660 887 3852 949 modo
3890 905 4009 950 non

2518 977 2721 1040 habeo
2761 998 2953 1060 quem
2994 988 3264 1054 teneam,
3310 1002 3426 1046 nec
3466 984 3600 1045 scio
3641 1003 3837 1066 quem
3876 985 4013 1047 ado-

2519 1094 2673 1138 rem.
2710 1077 2797 1138 De
2838 1097 2963 1159 qua
2994 1098 3061 1141 re
3092 1080 3274 1143 valde
3308 1082 3601 1164 permoti,
3638 1084 3876 1146 reversi
3917 1104 4012 1146 su-

2520 1193 2662 1236 mus
2693 1176 2769 1236 ad
2800 1176 3095 1239 abbatem
3126 1179 3318 1254 Isaac,
3353 1181 3669 1244 residente
3707 1182 3917 1244 adhuc
3948 1183 4009 1245 in

2518 1273 2815 1336 cordibus
2857 1276 3087 1337 nostris
3117 1277 3351 1341 virtute
3392 1279 3749 1343 collationis
3781 1282 4010 1362 praeha-

2517 1371 2684 1434 bitae.
2738 1372 2935 1446 Quem
2987 1375 3278 1456 protinus
3328 1376 3648 1440 intuentes
3700 1378 3790 1440 ita
3836 1377 4005 1442 affati

2518 1489 2758 1532 sumuS.

2922 1717 3425 1783 CAPITULUM
3489 1722 3604 1785 IV.

906 1859 1084 1920 dium
1127 1877 1240 1940 pro
1281 1860 1766 1923 confirmatione
1805 1862 1959 1923 fidei
1993 1871 2305 1926 contentae
2335 1864 2399 1926 in
2431 1863 2478 1924 B
2512 1874 2597 1928 De
2642 1873 2846 1930 reditu
2888 1841 3094 1932 nostro
3136 1877 3219 1933 ad
3260 1877 3539 1935 abbatem
3584 1879 3787 1944 Isaac,
3822 1888 3881 1936 et
3916 1883 4004 1937 in·

907 1957 1193 2038 epistolis
1233 1958 1566 2040 Theophili
1611 1960 1921 2040 praesulis,
1967 1960 2402 2042 interrogavit-

907 2075 1032 2136 que
1071 2075 1216 2118 eum
1259 2075 1472 2119 coram
1512 2059 1834 2121 Fratribus
1875 2059 2214 2134 universiS,
2248 2081 2400 2143 qua-

909 2155 1052 2216 liter
1101 2163 1344 2219 cunctae
1398 2157 1696 2219 Ecclesiae
1753 2159 2078 2221 catholicae
2136 2160 2399 2222 orientis

909 2255 1331 2335 intelligerent
1365 2256 1532 2337 quod
1564 2256 1729 2318 Deus
1760 2257 1848 2319 ait
1879 2256 1944 2319 in
1977 2257 2205 2320 Genesi
2240 2276 2255 2320 t
2290 2259 2399 2320 Fa-

907 2354 1150 2415 ciamus
1193 2354 1518 2416 hominem
1560 2355 1638 2417 ad
1682 2356 2023 2437 imaginem
2067 2365 2129 2418 et
2174 2357 2399 2420 simili-

905 2453 1193 2516 tudinem
1237 2461 1534 2516 nostram.
1582 2454 1915 2535 Quumque
1958 2455 2263 2518 diaconus
2306 2456 2398 2518 di-

904 2560 1072 2614 ceret
1122 2553 1291 2634 quod
1352 2553 1630 2616 universi
1691 2553 1929 2635 praelati
1991 2554 2397 2616 orientalium

901 2651 1328 2714 Ecclesiarum
1379 2650 1807 2732 intelligerent
1856 2652 2050 2714 verba
2103 2652 2213 2714 illa
2269 2671 2395 2716 non

895 2749 1079 2831 juxta
1127 2749 1536 2832 superficiem
1590 2749 1836 2825 litterae‚
1888 2752 1998 2813 sed
2049 2751 2397 2831 spirituali-

899 2856 993 2910 ter
1036 2856 1304 2920 tantum,
1348 2846 1642 2929 probavit
1678 2847 1797 2910 boc
1838 2848 2048 2931 ipsum
2090 2849 2395 2913 diaconus

899 2947 1067 3009 idem
1113 2947 1370 3028 copioso
1407 2963 1699 3010 sermone
1737 2965 1812 3008 ac
1851 2947 2070 3009 multis
2115 2947 2397 3011 testimo-

897 3045 1025 3108 niis
1078 3045 1547 3127 Scripturarum
1611 3065 1624 3109 :

900 3144 1405 3226 cumscriptibile
1445 3145 1718 3206 humana
1752 3144 2132 3226 figuratione
2171 3144 2395 3206 cadere

903 3243 1101 3324 possit
1141 3242 1202 3304 in
1245 3243 1416 3304 illam
1467 3242 1866 3316 immensam,
1910 3243 2395 3325 incomprehen-

901 3340 1155 3402 sibilem
1195 3361 1268 3402 ac
1309 3341 1697 3403 invisibilem
1742 3341 2160 3422 majestatem,
2194 3361 2393 3423 quum

899 3446 963 3500 et
1001 3446 1224 3502 natura
1264 3439 1372 3501 Dei
1421 3439 1811 3521 incorporea,
1857 3440 2298 3522 incomposita,
2331 3447 2395 3501 et

900 3537 1171 3619 simplex
1213 3538 1495 3612 exsistat,
1534 3557 1674 3619 quae
1719 3539 1885 3600 sicut
1923 3539 2127 3601 oculis
2171 3539 2394 3620 nequit

901 3637 1125 3708 videri,
1175 3637 1259 3698 ita
1304 3656 1420 3699 nec
1466 3646 1676 3699 mente
1719 3637 2016 3700 aestimari
2068 3645 2177 3699 aut
2228 3656 2395 3700 com·

901 3736 1228 3819 prehendi.
1263 3736 1596 3817 Quumque
1639 3737 1939 3818 Serapion
1980 3737 2235 3798 tandem
2279 3744 2395 3798 tra-

900 3844 1039 3898 ctus
1084 3843 1250 3898 esset
1293 3836 1370 3896 ad
1417 3834 1612 3897 sidem
1659 3843 1894 3897 rectam
1945 3835 2160 3896 multis
2205 3841 2392 3915 atque

901 3934 1266 3997 fortissimis
1311 3933 1659 3996 rationibus
1709 3933 2060 3996 doctissimi
2106 3933 2227 3994 viri
2276 3932 2393 3993 illi-

901 4054 996 4108 uS,
1032 4033 1286 4096 infinita
1317 4032 1531 4095 laetitia
1572 4032 1837 4114 replevit
1873 4031 2165 4093 abbatem
2201 4032 2396 4112 Paph-

900 4133 1151 4197 nutium
1201 4139 1265 4194 et.
1307 4149 1421 4194 nos
1471 4148 1714 4204 omnes,
1757 4150 1832 4194 eo
1875 4131 2044 4213 quod
2090 4129 2393 4192 Dominus

2584 1964 2921 2034 quisitione
2962 1967 3196 2022 erroris
3237 1983 3409 2040 quem
3441 1969 3787 2040 pra-dictus
3826 1987 4005 2027 senex

2584 2053 2872 2107 incurrit.

2632 2249 2806 2312 ICET
2851 2268 3003 2312 cura
3046 2252 3136 2313 rei
3184 2273 3388 2335 nuper
3428 2263 3688 2329 exortae,
3737 2256 4003 2319 novitas-

2651 2367 2773 2430 que
2805 2348 3161 2412 collationis
3202 2352 3533 2431 praeteritae
3563 2354 3643 2416 de
3676 2361 3845 2418 statu
3874 2374 4001 2419 ora·

2515 2445 2725 2522 tionis,
2768 2466 3065 2529 expresse
3115 2449 3405 2512 incitaret
3456 2451 3849 2515 desiderium
3898 2474 3999 2516 no-

2510 2553 2711 2608 strum
2761 2546 2838 2607 ad
2891 2548 3343 2610 recurrendum
3403 2550 3481 2611 ad
3540 2550 3999 2614 beatitudinem

2510 2652 2682 2706 tuam
2727 2647 2975 2707 cunctis
3019 2648 3411 2730 postpositiS,
3452 2657 3663 2712 tamen
3710 2651 3875 2713 hanc
3914 2652 3999 2713 as-

2510 2742 2851 2806 l'ectionem
2894 2745 3071 2806 auxit
3114 2753 3243 2808 tam
3285 2747 3494 2826 gravis
3536 2766 3719 2812 error
3758 2749 4000 2812 abbatis

2508 2842 2891 2924 Serapionis,
2952 2853 3297 2926 conceptus
3366 2845 3715 2910 calliditate
3783 2849 4001 2911 daemo—

2506 2959 2663 3002 num
2694 2941 3235 3023 nequissimorum
3264 2943 3365 3024 (ut
3401 2943 3837 3026 arbitramur).
3870 2947 3999 3009 Non

1687 3065 1764 3109 eo
1821 3047 1987 3127 quod
2047 3045 2211 3108 nihil
2271 3047 2395 3109 cir·
2429 3046 2472 3110 C
2506 3040 2676 3101 enim
2710 3059 2905 3122 parva
2932 3041 3369 3122 desperatione
3399 3042 3761 3125 dejicimur,
3793 3046 4001 3108 viden-

2508 3145 2600 3202 tes
2640 3157 2789 3201 eum
2819 3158 2945 3202 non
2980 3141 3185 3202 solum
3228 3141 3581 3222 perdidisse
3612 3144 3775 3207 vitio
3814 3145 3999 3226 hujus

2506 3237 2739 3300 erroris
2792 3245 2997 3300 tantos
3050 3238 3317 3313 laboreS,
3365 3259 3523 3321 quos
3574 3262 3691 3324 per
3738 3244 3997 3326 quadra-

2505 3337 2681 3419 ginta
2725 3356 2924 3400 annos
2978 3337 3379 3400 laudabiliter
3421 3341 3629 3421 exegit
3676 3341 3745 3403 in
3790 3359 3997 3404 eremo

2505 3434 2645 3508 ista,
2670 3435 2782 3496 sed
2806 3434 2995 3497 etiam
3029 3435 3374 3498 incurrisse
3400 3437 3751 3501 discrimen
3782 3442 3997 3503 mortis

2505 3540 2847 3615 perpetuae.
2892 3532 3051 3594 Hinc
3092 3533 3301 3615 primo
3340 3535 3779 3600 desideramus
3818 3558 3996 3620 agno-

2504 3651 2678 3694 scere
2720 3632 2889 3694 unde
2922 3632 3019 3694 vel
3062 3651 3257 3714 quare
3298 3641 3509 3695 tantus
3549 3654 3730 3698 error
3757 3639 3993 3702 accide-

2504 3731 2586 3792 rit
2624 3731 2682 3793 ei
2709 3749 2725 3810 ;
2757 3731 2987 3792 deinde
3028 3749 3393 3812 quaesumus
3432 3733 3685 3796 edoceri
3728 3737 3997 3818 qualiter

2503 3828 2837 3909 pervenire
2868 3829 3186 3910 possimus
3213 3830 3291 3892 ad
3317 3828 3490 3892 illam
3516 3833 3823 3897 orationis
3853 3856 3995 3917 qua·

2506 3927 2768 4001 litatem,
2803 3927 2879 3988 de
2911 3947 3037 4008 qua
3066 3927 3313 4009 pridem
3345 3929 3681 4011 disputasti
3716 3952 3843 3996 non
3876 3942 3997 3996 tan·

2506 4026 2833 4088 tummodo
2873 4025 3148 4107 copiose,
3184 4027 3293 4089 sed
3326 4027 3477 4089 item
3512 4031 3872 4111 magnifice.
3906 4033 3991 4094 Ad

2505 4124 2625 4187 boc
2669 4125 2841 4186 enim
2889 4125 3284 4188 admirabilis
3334 4127 3441 4189 illa
3490 4127 3747 4194 collatio
3794 4130 3993 4213 profe-

899 4250 1025 4295 non
1071 4230 1432 4313 permiserit
1470 4230 1682 4291 virum
1727 4237 1898 4291 tanta
1933 4229 2230 4311 aequitate
2271 4229 2393 4290 vir·
2428 4232 2475 4294 D
2506 4223 2592 4285 cit
2653 4223 2717 4284 in
2774 4223 2979 4298 nobiS,
3033 4232 3103 4286 ut
3157 4225 3469 4287 incuteret
3524 4227 3711 4292 nobis
3769 4230 3993 4292 mentis

899 4331 1272 4412 tutibusque
1327 4327 1706 4411 perfectum,
1759 4347 1836 4389 ex
1887 4328 2018 4390 sola
2073 4328 2395 4410 imperitia

897 4448 971 4492 ac
1013 4428 1331 4490 rusticana
1370 4427 1776 4508 simplicitate
1817 4435 2154 4500 errantem,
2190 4446 2393 4508 usque

899 4529 976 4591 ad
1021 4527 1219 4589 finem
1260 4527 1513 4589 deviare
1543 4545 1580 4587 a
1609 4525 1760 4588 fidei
1804 4525 2088 4588 veritate.
2125 4525 2393 4606 Surgen-

902 4627 1071 4688 tibus
1122 4642 1272 4706 ergo
1321 4624 1506 4686 nobis
1556 4631 1624 4685 ut
1680 4632 1938 4706 propter
1985 4624 2106 4686 hoc
2159 4624 2398 4705 pariter

898 4725 1273 4787 offerremus
1303 4723 1431 4784 Deo
1461 4722 1801 4803 gratiarum
1831 4721 2144 4784 act-ionem
2171 4729 2233 4785 et·
2265 4740 2397 4784 ora-

899 4824 1158 4896 tionem,
1192 4822 1284 4884 sic
1315 4839 1506 4882 senex
1539 4821 1604 4881 in
1635 4840 1748 4882 sua
1779 4820 2060 4883 oratione
2091 4820 2395 4884 confusus

899 4930 993 4984 est
1033 4928 1267 4994 mente,
1301 4937 1378 4981 eo
1416 4920 1583 5000 quod
1627 4919 1890 4981 sentiret
1929 4917 2164 4981 auferri
2196 4939 2233 4981 a
2263 4937 2397 4982 cor-

898 5022 975 5084 de
1027 5038 1143 5083 suo
1194 5018 1586 5101 corporalem
1640 5017 1812 5079 illam
1865 5018 2126 5080 Deitatis
2177 5016 2396 5100 imagi-

899 5139 1046 5182 nem
1108 5136 1298 5200 quam
1361 5124 1777 5179 consueverat
1827 5116 1949 5178 sibi
2006 5116 2068 5177 in
2113 5117 2397 5180 oratione

899 5236 1270 5301 proponere,
1299 5223 1365 5278 ut
1393 5223 1653 5297 repente
1680 5223 2122 5296 prorumperet
2146 5215 2213 5277 in
2238 5235 2399 5278 ama-

901 5317 1188 5379 rissimos
1231 5315 1422 5377 fletus
1463 5313 1900 5397 plurimosque
1939 5314 2298 5395 singultus;
2332 5315 2397 5377 in

2506 4330 2854 4403 stuporem,
2900 4341 3026 4385 non
3074 4331 3141 4384 ut
3181 4325 3541 4386 ostenderet
3582 4327 3860 4408 qualiter
3898 4347 3994 4390 va-

2507 4421 2750 4484 leamus
2791 4441 2930 4484 eam
2974 4423 3450 4504 apprehendere
3489 4427 3623 4488 sive
3664 4427 3988 4509 perficere.

2927 4680 3430 4745 CAPITULUM
3493 4682 3575 4746 V.

2598 4821 2929 4893 Responsio
2958 4820 3031 4876 de
3061 4820 3301 4891 origine
3320 4813 3609 4893 prensatur
3636 4824 3907 4881 haeresis.

2585 5018 2777 5081 SAAC
2812 5035 2826 5080 :
2862 5017 2997 5080 Non
3038 5025 3134 5079 est
3175 5018 3561 5091 mirandum,
3602 5020 3995 5104 simplicissi-

2615 5137 2791 5179 mum
2847 5117 3172 5179 hominem
3229 5137 3557 5200 nunquam
3612 5120 3991 5184 instructum

2508 5217 2583 5278 de
2626 5215 2887 5278 Deitatis
2929 5215 3285 5278 substantia
3322 5235 3395 5279 ac
3436 5225 3679 5292 natura,
3714 5220 3993 5302 potuisse

2507 5314 2777 5377 detineri
2818 5333 2892 5376 ac
2932 5314 3143 5397 decipi
3176 5333 3378 5398 usque
3412 5334 3584 5377 nune
3616 5316 3774 5381 vitio
3814 5320 3992 5382 rusti·
