4359 6267
871 462 952 527 42
1677 471 1688 478 ’
1763 482 1841 527 na
1884 483 2212 529 uis-rimis
2256 482 2341 527 SS.
2378 482 2639 527 uranu.
2680 500 2761 511 —-
2802 482 2977 529 mann
3018 483 3078 528 1v

871 650 1201 713 videamus
1241 652 1404 714 hanc
1434 653 1719 733 regulam
1748 650 2218 713 districtissime
2258 649 2365 711 ob·
2392 650 2444 711 A
2473 649 2643 730 prias
2705 649 3211 712 circumferimus
3276 650 3506 724 claveS,
3570 648 3968 730 omninoque

869 749 1130 823 servari,
1165 756 1235 811 ut
1278 768 1394 812 nec
1433 750 1646 812 verbis
1690 749 1834 832 quis
1879 749 2107 810 audeat
2151 748 2362 810 dicere
2471 747 2854 809 verecundia
2891 755 2955 809 et
2993 747 3365 810 confusione
3406 746 3818 828 professionis
3858 762 3972 807 no-

867 848 1109 930 aliquid
1163 868 1374 921 suum,
1425 856 1488 909 et
1536 867 1836 929 magnum
1885 847 1968 909 sit
2017 847 2259 908 crimen
2308 846 2359 907 si
2472 852 2616 908 strae
2655 845 2923 925 abjecta,
2957 846 3149 908 etiam
3192 846 3460 907 annulos
3501 844 3567 907 in
3606 844 3823 925 digitis
3863 863 3973 925 pa-

871 946 1213 1008 monachus
1243 947 1431 1020 dicat,
1457 947 1659 1008 Codex
1695 964 1895 1019 meus,
1921 944 2150 1007 tabulae
2182 963 2360 1017 mete,
2475 944 2597 1004 lam
2640 944 2805 1006 ferre
2850 962 2976 1006 non
3020 944 3547 1017 verecundamur,
3595 942 3831 1024 quibus
3874 962 3973 1004 re-

867 1044 1207 1125 graphium
1241 1063 1478 1119 meum,
1505 1044 1721 1106 tunica
1749 1062 1911 1115 mea,
1937 1043 2152 1123 caligae
2185 1060 2357 1104 meae.
2474 1041 2678 1121 posita
2722 1042 2978 1123 proprie
3023 1042 3511 1122 consignemus?
3554 1039 3797 1114 Quibus
3839 1058 3971 1102 non

869 1142 945 1203 Et
994 1142 1047 1203 si
1098 1161 1248 1204 casu
1297 1141 1512 1223 aliquo
1563 1160 1677 1222 per
1725 1140 2206 1221 subreptionem
2253 1148 2365 1200 aut.
2472 1139 2680 1201 solum
2725 1140 2986 1203 cistellae
3026 1148 3135 1203 aut
3178 1148 3431 1221 sportae,
3482 1139 3593 1202 sed
3639 1157 3758 1201 nec
3806 1158 3972 1201 arcae

870 1240 1290 1319 ignorantiam
1349 1239 1468 1300 tale
1523 1237 1790 1301 verbum
1851 1238 2207 1319 protulerit,
2252 1256 2364 1318 per
2471 1242 2534 1297 et
2574 1237 2847 1298 armaria
2894 1236 3232 1298 sufficiunt
3280 1237 3358 1298 ad
3408 1236 3843 1317 reponendum
3893 1254 3973 1297 ea

868 1337 1248 1417 condignam
1294 1337 1736 1417 poenitentiam
1779 1335 2140 1397 satisfacere
2184 1352 2366 1415 opor·
2471 1353 2613 1415 quae
2644 1351 3119 1415 congregamuS‚
3153 1335 3255 1396 vel
3286 1353 3429 1416 quae
3463 1334 3699 1415 egressi
3742 1334 3819 1395 de
3860 1352 3975 1395 sae-

867 1434 1048 1497 tebit.
2474 1432 2617 1494 culo
2656 1434 3119 1495 reservavimus
3159 1433 3362 1495 nobis,
3399 1433 3516 1505 Qui
3556 1433 3749 1493 etiam
3781 1432 3974 1494 inter-

2471 1530 2624 1591 dum
2666 1548 2781 1612 pro
2825 1531 3017 1593 rebus
3062 1530 3394 1593 vilissimis
3436 1537 3501 1593 ct
3543 1531 3723 1612 quasi
3772 1530 3973 1593 nullis

1237 1633 1739 1697 CAPITULUM
1801 1634 1984 1696 XIV.
2473 1630 2560 1692 ita
2601 1632 3014 1692 accendimur
3054 1632 3167 1703 ira,
3200 1649 3306 1692 eas
3345 1630 3741 1693 vindicantes
3785 1629 3973 1692 nobis

865 1763 1036 1833 Quod
1071 1762 1210 1817 lieet
1251 1763 1442 1818 multa
1471 1763 1738 1833 pecunia
1773 1762 1846 1817 de
1881 1760 2363 1831 uniuscujusque
2474 1735 2545 1789 ut
2575 1729 2849 1837 ΡῙᾮΡΓῙᾶ»
2885 1738 2954 1790 ¹¹¹²
2984 1729 3034 1790 Si
3070 1729 3214 1809 quis
3248 1728 3345 1790 vel
3381 1728 3580 1809 digito
3618 1728 3971 1838 qonidquam

935 1867 1113 1923 opere
1140 1856 1523 1920 constratum
1555 1850 1762 1905 nullus
1801 1856 1996 1904 tamen
2027 1854 2361 1921 proesumat
2399 1830 2445 1892 Β
2474 1846 2552 1887 ex
2613 1846 2705 1887 fflS
2770 1834 3160 1889 contrectare
3224 1835 3731 1907 Pl'aesumpseflt,
3800 1834 3975 1888 ¹²2an

935 1940 1217 1995 eme-edere
1245 1945 1491 1995 statutoe
1518 1940 1909 2013 sufficientioe
1931 1940 2315 2011 parcitatem.
2474 1932 2692 1986 00111Γᾶ
2749 1944 2897 1987 eum
2958 1925 3287 1987 iracundia
3346 1924 3846 1996 inflammemur,
3900 1932 3973 1987 ut

2473 2022 2679 2085 cordis
2710 2022 2906 2084 nostri
2938 2022 3431 2084 commotionem
3463 2022 3810 2103 reprimere
3842 2040 3973 2084 non

999 2118 1045 2180 Τ
1094 2137 1294 2199 quum
1353 2125 1557 2180 tantos
1617 2118 1856 2179 reditus
1920 2117 2362 2199 unusquisque
2474 2120 2791 2201 possimus
2850 2139 2886 2181 a
2942 2120 3257 2182 labiorum
3316 2127 3589 2182 tremore
3650 2120 3972 2202 totiusque

1019 2217 1097 2278 de
1148 2234 1338 2297 opere
1381 2235 1456 2278 ac
1501 2217 1730 2278 sudore
1776 2217 2034 2298 proprio
2078 2215 2362 2298 quotidie
2474 2217 2755 2299 corporis
2790 2217 3240 2298 indignatione.
3269 2218 3386 2279 Sed
3415 2218 3856 2298 praetermissis
3882 2219 3976 2280 vi-

871 2321 1124 2395 praestet
1156 2314 1468 2388 coenobi0‚
1502 2323 1570 2375 ut
1602 2334 1678 2376 ex
1711 2315 1810 2376 his
1840 2322 2193 2377 sustentare
2224 2331 2364 2394 pos·
2472 2315 2577 2376 tiis
2618 2315 2874 2389 nostriS,
2918 2323 2980 2376 et
3023 2314 3121 2376 his
3168 2334 3309 2396 quae
3351 2316 3834 2378 commemorari
3877 2316 3973 2377 in-

870 2412 954 2473 sit
997 2429 1122 2473 non
1167 2412 1374 2473 solum
1421 2412 1742 2492 propriam
1787 2412 2218 2484 sobrietatem,
2252 2412 2362 2472 sed
2472 2413 2736 2493 dignum
2785 2420 2900 2485 est,
2954 2413 3210 2475 silentio
3257 2413 3527 2485 traditis,
3577 2413 3758 2493 juxta
3810 2414 3969 2475 illud

868 2509 1062 2571 etiam
1099 2509 1243 2571 aliis
1281 2508 1646 2583 subvenire,
1689 2510 1754 2571 in
1796 2510 1974 2571 nullo
2017 2518 2230 2571 tamen
2274 2509 2366 2569 in·
2470 2511 2725 2583 Psalmi,
2768 2511 2844 2573 Ut
2887 2529 3013 2573 non
3059 2511 3354 2592 loquatur
3396 2528 3466 2573 os
3512 2530 3727 2573 meum
3776 2530 3973 2593 opera
4020 2528 4269 2575 Fami.
4338 2588 4340 2591 Α

867 2606 1083 2682 flatur,
1117 2626 1234 2669 nec
1266 2606 1391 2668 sibi
1422 2607 1499 2668 de
1533 2614 1706 2669 tanto
1745 2607 1974 2669 sudore
2013 2614 2075 2668 et
2116 2613 2362 2689 quaestu
2472 2608 2837 2685 hominum;
2860 2616 3125 2689 excepto
3154 2609 3534 2671 narrationis
3565 2609 3807 2684 ordine,
3832 2627 3974 2691 pro-

867 2704 1079 2785 operis
1111 2706 1210 2767 sui
1241 2704 1568 2767 blanditur
1602 2722 1616 2766 τ
1651 2706 1782 2767 imo
1818 2705 1979 2766 nihil
2013 2705 2135 2767 sibi
2168 2724 2363 2767 unus·
2471 2723 2814 2786 sequamur
2842 2706 3108 2767 virtutes
3150 2705 3427 2777 illorum,
3461 2713 3521 2766 et
3560 2724 3635 2767 ea
3672 2726 3812 2787 quae
3852 2724 3969 2768 nos

867 2802 1140 2885 quisque
1197 2804 1464 2865 assumit
1522 2811 1750 2884 praeter
1799 2805 1925 2866 duo
1984 2803 2359 2884 paximacia,
2472 2812 2603 2866 toto
2657 2812 2885 2865 conatu
2937 2802 3244 2865 debemus
3298 2811 3622 2885 appetere,
3679 2813 3740 2866 et
3798 2804 3971 2885 ipsas

865 2919 1008 2981 quae
1052 2919 1168 2982 pro
1218 2902 1420 2963 tribus
1464 2902 1572 2963 vix
1621 2902 1896 2963 denariis
1947 2902 2035 2993 ibi
2081 2902 2366 2963 vendun-
2474 2920 2693 2964 eorum
2741 2902 2989 2981 regulas
3032 2920 3106 2963 ac
3151 2910 3332 2984 typos
3384 2902 3621 2963 cursim
3670 2902 3976 2964 breviter-

865 3006 986 3059 tur.
1025 3000 1192 3061 Inter
1227 3017 1385 3080 quos
1426 3000 1676 3061 nullum
1717 3000 2038 3081 peculiare
2082 3016 2243 3081 opus
2282 2998 2364 3059 ab
2400 3002 2444 3067 C
2476 2985 2983 3081 que'ponamuS,
3038 3009 3108 3061 ut
3155 3000 3597 3081 pervenientes
3648 3007 3791 3082 post
3836 3000 3975 3063 haec

866 3096 1082 3178 aliquo
1120 3096 1480 3171 affectatur,
1524 3116 1652 3159 non
1693 3098 1900 3159 dicam
1939 3097 2200 3171 effectu,
2236 3097 2365 3159 imo
2474 3099 2553 3161 ad
2594 3098 2899 3180 quosdam
2937 3106 3116 3159 act-us
3148 3106 3211 3159 et
3242 3115 3436 3179 opera
3477 3097 3800 3161 seniorum
3830 3118 3977 3180 quae

868 3213 986 3255 nec
1037 3194 1462 3275 cogitatione:
1506 3196 1672 3276 quod
1718 3204 1930 3257 'tamen
1982 3196 2176 3276 pudet
2228 3214 2366 3256 nar·
2478 3195 2801 3258 memoriae
2852 3197 3151 3258 mandare
3209 3195 3489 3257 studiose
3548 3196 3973 3278 disponimuS,

868 3310 1027 3363 rare,
1063 3292 1358 3374 quodque
1400 3293 1462 3353 in
1505 3294 1737 3355 nostris
1778 3294 2178 3356 monasteriis
2220 3293 2364 3355 fieri
2476 3294 2846 3357 roboremus
2874 3292 3284 3355 validissimis
3310 3293 3709 3356 documentis
3733 3312 3809 3355 ea
3830 3313 3977 3375 quae

868 3389 1114 3451 utinam
1154 3390 1565 3451 nesciremus
1607 3390 1940 3472 Quumque
1981 3390 2195 3452 omnia
2236 3406 2367 3452 mo·
2476 3399 2689 3455 nostra
2746 3392 3140 3473 expositione
3200 3391 3559 3473 conscripta
3614 3400 3784 3465 sunt,
3838 3392 3979 3452 uni-

868 3486 1126 3549 nasterii
1180 3486 1346 3550 bona
1390 3507 1569 3549 suam
1616 3494 1795 3569 putet
1837 3506 1976 3550 esse
2026 3487 2370 3549 substanti-
2476 3508 2658 3551 versa
2716 3506 2857 3571 quae
2914 3488 3193 3551 diximus
3253 3487 3707 3551 confirmantes
3764 3507 3979 3549 exem-

866 3603 984 3658 am,
1008 3592 1073 3646 et
1102 3586 1350 3647 cunctis
1380 3586 1472 3647 eis
1499 3604 1718 3648 curam
1744 3586 2365 3668 sollicitudinemque
2476 3587 2600 3670 plis
2640 3606 2863 3650 eorum
2903 3595 2961 3648 et
3002 3588 3376 3649 auctoritate
3414 3586 3561 3649 vitae
3599 3587 3899 3668 ipsorum.

870 3682 1195 3764 impendat
1238 3692 1540 3764 tanquam
1582 3684 1871 3746 omnium
1915 3684 2235 3757 dominuS,
2278 3692 2367 3745 ta-

869 3798 1018 3843 men
1047 3781 1126 3842 ad
1164 3781 1558 3843 retinendam
1599 3790 1866 3863 arreptae
1905 3782 2210 3844 nuditatis
2251 3800 2363 3843 seu
2850 3805 3353 3868 CAPITULUM
3398 3804 3585 3869 XVI·

867 3878 1256 3960 paupertatis
1299 3879 1624 3953 virtutem,
1667 3898 1858 3961 quam
1907 3880 2118 3942 studet
2161 3898 2364 3961 usque

865 3975 942 4037 ad
985 3975 1188 4038 finem
1229 3976 1508 4057 perfecte
1548 3984 1612 4038 et
1653 3977 2112 4040 inviolabiliter
2149 3976 2366 4039 obser-

866 4091 1034 4147 vare,
1087 4073 1180 4135 sic
1237 4082 1488 4155 reputat
1545 4075 1961 4156 semetipsum
2020 4095 2058 4137 a
2115 4076 2364 4137 cunctis
2598 4079 2620 4139 l
2670 4078 2813 4161 quis
2865 4078 3059 4158 igitur
3103 4096 3252 4139 casu
3293 4078 3508 4160 aliquo
3552 4077 3811 4159 fregerit.
3852 4079 3977 4159 gil-

865 4171 1056 4233 rebus
1099 4179 1472 4234 extraneum
1515 4181 1705 4255 atque
1747 4173 1830 4235 ab
1873 4174 2172 4237 omnibus
2216 4175 2365 4235 alie·
2394 4182 2444 4244 D
2626 4176 2833 4238 lonem
2885 4174 3176 4248 fictilem,
3225 4195 3416 4257 quem
3467 4175 3589 4257 ipsi
3638 4175 3975 4239 baucalem

865 4287 1043 4341 num,
1079 4278 1148 4331 ut
1177 4270 1472 4333 exhibeat
1511 4290 1577 4333 se
1619 4280 1922 4354 tanquam
1955 4274 2363 4354 peregrinum
2474 4275 2818 4356 appellant,
2866 4291 2995 4336 non
3043 4273 3228 4335 aliter
3268 4274 3470 4335 diluet
3516 4273 3973 4355 negligentiam

865 4373 926 4426 et
969 4365 1243 4428 incolam
1283 4367 1476 4447 hujus
1519 4368 1766 4442 mundi,
1810 4378 1873 4431 et
1915 4370 2250 4432 alumnum
2291 4389 2363 4431 ac
2474 4392 2654 4435 suam
2703 4391 2893 4454 quarn
2947 4390 3060 4453 per
3108 4372 3550 4452 poenitentiam
3598 4372 3975 4453 publicam;

867 4462 1232 4525 ministrum
1263 4482 1329 4525 se
1359 4465 1626 4527 aestimet
1654 4466 1912 4528 claustri
1946 4466 2144 4547 magis
2170 4486 2362 4549 quam
2474 4471 2847 4551 cunctisque
2901 4468 3225 4531 Fratribus
3288 4470 3351 4531 in
3410 4470 3630 4552 synaxi
3685 4470 3975 4532 collectis

2597 3927 2683 3982 De
2712 3924 2940 3995 reyulis
2968 3925 3348 3981 diversarum
3376 3926 3840 3997 correptionum.

866 4560 1200 4623 dominum
1244 4561 1588 4641 cujuslibet
1633 4564 1745 4625 rei.
2473 4568 2715 4629 tamdiu
2757 4568 2821 4629 in
2864 4576 3031 4629 terra
3070 4574 3421 4649 prostratus
3461 4568 3713 4631 veniam
3756 4576 3978 4650 postu—

2474 4665 2650 4741 labit,
2712 4666 2913 4728 donec
2971 4665 3329 4728 orationum
3389 4666 3733 4728 solennitas
3796 4684 3975 4729 com-

1253 4780 1760 4844 CAPITULUM
1824 4782 1972 4845 XV·
2472 4765 2741 4846 pleatur,
2779 4762 3273 4846 impetrabitque
3316 4762 3571 4825 veniam
3614 4782 3815 4844 quum
3858 4764 3975 4826 ab·

2471 4862 2583 4924 bas
2641 4880 2789 4923 eum
2840 4861 3103 4941 jusserit
3156 4879 3432 4941 surgere.
3488 4861 3724 4923 Eodem
3778 4863 3975 4925 modo

2470 4959 2815 5021 satisfaciet
2879 4960 3270 5041 quicumque
3339 4960 3417 5021 ad
3480 4978 3641 5041 opus
3708 4959 3971 5040 aliquod

1001 5052 1051 5114 D
1096 5053 1230 5115 haec
1275 5052 1429 5134 quid
1473 5052 1759 5115 dicemus
1805 5071 1918 5116 nos
1964 5056 2203 5130 miseri,
2247 5057 2357 5137 qui
2470 5062 2789 5131 evocatus,
2824 5064 2934 5117 aut
2972 5057 3050 5118 ad
3090 5057 3343 5119 solitam
3388 5059 3969 5140 congregationem,

1019 5150 1086 5213 in
1133 5150 1444 5213 coenobiis
1483 5159 1947 5214 commorantes
1987 5162 2048 5215 et
2093 5153 2213 5215 sub
2252 5154 2359 5216 ab·
2471 5154 2644 5215 tarde
2703 5154 3050 5227 advenerit,
3109 5163 3219 5216 aut
3277 5156 3594 5237 psalmum
3655 5158 3975 5220 cantando

860 5247 1024 5310 batis
1065 5267 1215 5311 cura
1255 5269 1327 5311 ac
1365 5250 1794 5312 sollicitudine
1836 5251 2185 5323 constituti,
2214 5270 2355 5333 pro·
2469 5252 2719 5315 modice
2760 5253 3129 5315 titubaverit
3162 5270 3176 5313 :
3212 5253 3508 5315 similiter
3538 5254 3591 5315 si
3624 5254 3969 5335 responde-

958 4901 1044 4956 De
1074 4900 1388 4956 immodico
1419 4901 1619 4956 studio
1648 4900 1911 4955 habendi
1941 4904 2107 4974 apud
2133 4920 2259 4961 nos,
