4359 6267
591 2876 701 2920 Gen.
725 2889 792 2926 xi..
812 2878 852 2916 7.

631 3075 748 3118 Ibid.
773 3077 814 3116 8.

874 501 997 566 332

1551 520 1967 568 cOLLATtont
2009 522 2094 567 SS.
2129 519 2373 566 PATRUM
2412 517 2588 564 LIBER
2628 519 2691 564 11.
2738 536 2819 546 —
2859 518 3145 565 COLLATIO
3184 519 3315 564 xvn

875 689 1039 752 tium
1084 692 1406 768 meritum,
1449 700 1557 756 aut
1599 701 1858 775 propter
1901 689 2373 754 consulentium
2404 689 2455 751 A
2487 689 2850 770 magisterio
2898 691 3385 772 accepissemus.
3428 689 3559 752 Hoc
3608 689 3783 751 enim
3827 687 3987 750 dile-

877 788 1094 850 fidem.

957 887 1064 950 His
1099 889 1312 952 verbis
1353 899 1479 952 tam
1521 890 1812 952 alacriter
1845 889 2124 971 acceptis
2163 907 2201 948 a
2239 907 2376 949 san-

877 995 980 1051 cto
1018 988 1244 1050 abbate
1285 989 1618 1063 Germano,
1649 1007 1724 1050 ac
1763 988 1816 1050 si
1856 1007 1929 1050 ea
1966 986 2371 1070 protulissem

876 1103 1003 1149 non
1037 1105 1075 1148 a
1111 1105 1213 1148 me
1249 1086 1410 1168 ipso,
1449 1088 1557 1149 sed
1598 1086 1817 1149 divino
1856 1085 2187 1158 instinctu,
2222 1103 2375 1165 prae-

875 1183 1268 1246 stolabamur
1306 1186 1650 1247 adventum
1695 1185 1864 1246 senis
1907 1192 2097 1264 atque
2139 1183 2377 1244 instan-

875 1289 1004 1344 tem
1057 1283 1276 1345 horam
1331 1292 1656 1346 nocturnae
1715 1283 1987 1365 synaxis.
2042 1282 2377 1362 Quumque

876 1380 1059 1443 solita
1115 1381 1492 1444 salutatione
1557 1400 1775 1443 senem
1837 1380 2373 1462 suscepissemuS‚

877 1498 1312 1561 numerusque
1355 1481 1675 1561 legitimus
1715 1479 2071 1542 orationum
2114 1486 2176 1539 et
2218 1477 2379 1559 psal-

877 1595 1130 1640 morum
1179 1585 1345 1640 esset
1388 1578 1654 1651 solutuS,
1702 1597 1920 1639 rursus
1971 1575 2377 1639 consedimus

875 1676 1116 1739 eisdem
1158 1677 1450 1758 psiathiis
1493 1677 1730 1759 quibus
1774 1695 1886 1738 nos
1925 1683 2070 1738 ante
2111 1675 2377 1736 reclina-

874 1773 1087 1836 vimus
1129 1774 1207 1836 ad
1252 1775 1552 1855 quietem.

1283 2030 1788 2094 CAPITULUM
1856 2029 1970 2092 IV.

944 2178 1366 2250 Interroqatio
1397 2179 1580 2240 senis,
1613 2179 1770 2234 unde
1799 2178 2066 2233 evenerit
2095 2157 2308 2232 nosti-a

1118 2269 1406 2324 anxietas
1432 2287 1453 2331 ,·
1483 2273 1539 2323 et
1565 2268 1880 2339 responsio
1911 2273 2141 2322 nostra.

1020 2462 1523 2527 ENERABILIS
1575 2464 1786 2544 itaque
1833 2463 2062 2544 Joseph
2115 2481 2381 2524 cernens

1047 2578 1161 2624 nos
1207 2561 1394 2623 corde
1443 2562 1838 2642 dejectioreS‚
1881 2569 2069 2643 atque
2122 2558 2381 2641 conjici-

880 2680 994 2724 ens
1044 2661 1163 2722 hoc
1205 2676 1332 2721 non
1379 2660 1718 2741 contigisse
1766 2660 1903 2721 sine
1943 2679 2151 2732 causa,
2199 2658 2386 2720 inter-

885 2759 1128 2841 rogavit
1189 2777 1302 2821 nos
1364 2759 1575 2821 verbis
1635 2758 1865 2840 Josepb
1929 2758 2302 2840 patriarchae
2365 2776 2380 2819 ε

883 2858 1044 2932 Quid
1116 2858 1336 2939 utique
1406 2857 1616 2920 tristes
1690 2864 1840 2918 sunt
1908 2857 2122 2918 vultus
2190 2856 2383 2918 vestri

883 2955 1127 3017 hodie?
1176 2953 1290 3017 Cui
1348 2955 1817 3035 respondimus,
1871 2972 1997 3016 non
2059 2961 2128 3014 ut
2184 2953 2381 3016 vincti

2488 787 2613 850 ctio
2643 787 2959 849 seniorum
2989 795 3350 850 nostrorum
3384 787 3686 869 compulit
3710 805 3827 848 nos
3860 785 3983 847 sibi

2488 887 2819 967 spondere,
2854 887 3005 948 dum
3039 886 3452 949 credebamus
3494 904 3609 948 nos
3650 904 3837 967 posse
3878 884 3989 946 ali-

2489 985 2762 1066 qualiter
2810 984 3045 1046 imitari
3092 985 3157 1046 in
3207 984 3318 1047 illo
3360 984 3653 1048 coenobio
3700 982 3991 1046 sublimi-

2493 1091 2681 1145 tatem
2726 1083 3222 1145 conversationis
3274 1083 3839 1164 instructionisque
3883 1100 3991 1143 ve-

2489 1188 2650 1244 strae..
2690 1182 2810 1244 Sed
2858 1182 3025 1243 unde
3066 1182 3431 1263 putavimus
3473 1181 3659 1244 nobis
3702 1180 3987 1243 laetitiam

2490 1278 2961 1352 conferendam,
3010 1280 3140 1360 jam
3190 1280 3544 1342 econtrario
3602 1279 3989 1342 intolerabili

2489 1378 2703 1440 dolore
2738 1377 3141 1452 conficimur,
3176 1379 3647 1440 considerantes
3684 1396 3799 1439 nos
3830 1377 3991 1439 obti-

2489 1494 2639 1538 nere
2680 1494 2804 1539 non
2847 1495 3031 1558 posse
3061 1477 3283 1539 ordine
3322 1476 3432 1538 illo
3466 1477 3635 1558 quod
3668 1477 3992 1558 cognosci-

2494 1593 2633 1635 mus
2676 1574 2859 1637 nobis
2892 1594 3030 1637 esse
3061 1575 3335 1637 salubre.
3373 1575 3461 1636 Ex
3494 1583 3763 1656 utroque
3797 1575 3993 1655 igitur

2493 1671 2681 1734 latere
2729 1692 2899 1734 nunc
2949 1682 3285 1735 arctamur.
3332 1673 3395 1736 Si
3449 1673 3622 1734 enim
3672 1672 3993 1736 satisface-

2490 1789 2557 1832 re
2597 1772 2991 1834 voluerimus
3033 1772 3437 1854 promissioni
3480 1791 3671 1853 quam
3714 1771 3991 1834 fecimus

2412 1869 2460 1930 B
2490 1870 2911 1950 compellente
2937 1887 3051 1932 nos
3078 1871 3335 1933 caritate
3361 1870 3773 1944 seniorum,et
3797 1888 3989 1951 quam

2492 1966 2742 2030 Christo
2770 1976 2929 2030 teste
2958 1967 3473 2050 deprompsimus
3514 1986 3729 2032 coram
3761 1968 3994 2030 Fratri-

2490 2065 2610 2128 bus
2653 2067 2967 2130 universis
3012 2068 3076 2129 in
3116 2087 3311 2150 specu
3355 2068 3422 2129 in
3460 2086 3589 2150 quo
3636 2069 3771 2150 ipse
3816 2067 3993 2130 Chri-

2490 2173 2624 2227 stus
2685 2166 2993 2230 Dominus
3050 2175 3265 2230 noster
3322 2185 3399 2229 ex
3458 2175 3639 2228 utero
3693 2165 3992 2247 virginali

2490 2265 2820 2345 processit,
2848 2265 3235 2328 incurrimus
3268 2266 3617 2328 maximum
3648 2265 3997 2326 detrimen-

2494 2368 2627 2424 tum
2670 2363 3019 2444 spiritualis
3061 2364 3421 2445 profectus3
3462 2363 3513 2425 si
3548 2372 3763 2425 autem
3805 2380 3997 2445 spon-

2492 2461 2737 2522 sionem
2805 2471 3086 2524 nostram
3156 2469 3607 2545 postponentes
3670 2469 3862 2543 atque
3928 2461 3995 2522 in

2493 2559 2749 2640 regione
2779 2560 2897 2622 hac
2929 2561 3294 2635 residentes,
3313 2561 3847 2643 praeposuerimus
3879 2560 4001 2621 uti-

2494 2657 2735 2720 litatem
2796 2666 3025 2722 nostrae
3073 2657 3296 2721 salutis
3353 2659 3630 2741 pactioni
3690 2656 3993 2740 praefatae,

2491 2754 2910 2818 formidamus
2940 2757 3175 2838 grande
3201 2757 3559 2840 periculum
3584 2757 3831 2820 violat-ae
3858 2774 4001 2839 pro-

2495 2854 2836 2917 missionis.
2871 2856 2999 2917 Nec
3031 2873 3371 2937 possumus
3402 2874 3515 2918 nos
3552 2856 3723 2938 ipsos
3755 2855 3999 2918 releva-

2493 2970 2559 3012 re
2599 2958 2663 3012 et
2702 2953 3010 3014 consolari
3055 2954 3177 3015 isto
3216 2953 3505 3026 consilio,
3539 2963 3608 3015 ut
3656 2962 3997 3035 postquam

885 3053 1164 3116 ministri
1201 3053 1561 3127 PharaoniS,
1606 3053 1936 3115 Somnium
1979 3052 2280 3125 vidimuS,
2323 3059 2386 3114 et
2417 3052 2460 3115 C
2497 3049 2977 3131 impleverimus
3026 3051 3436 3133 sponsionem
3486 3060 3788 3124 nostram,
3826 3052 4001 3113 velo-

885 3170 1012 3214 non
1057 3159 1154 3214 est
1200 3151 1308 3232 qui
1362 3150 1849 3232 interpretetur3
1893 3152 2002 3212 sed
2053 3150 2331 3212 diximus
2368 3169 2382 3213 ε

885 3251 1248 3312 insomnem
1309 3249 1609 3312 duximus
1666 3259 1942 3324 noctem,
1995 3257 2058 3310 et
2106 3268 2234 3312 non
2293 3256 2389 3311 est

886 3347 997 3430 qui
1037 3348 1274 3410 relevet
1312 3366 1474 3410 onus
1513 3366 1587 3409 ac
1633 3349 2135 3430 magnitudinem
2178 3348 2388 3410 anxie-

885 3453 1085 3509 tatum
1129 3454 1512 3521 nostrarum,
1547 3447 1669 3508 nisi
1713 3448 1877 3508 Deus
1920 3456 2026 3507 tua
2059 3446 2386 3508 discretio-

885 3565 966 3606 ne
1011 3545 1352 3607 removerit
1396 3563 1518 3606 eas.
1565 3545 1740 3606 Tunc
1787 3545 1915 3617 ille,
1959 3545 2069 3626 qui
2112 3543 2387 3606 habebat

883 3643 1258 3706 Patriarchae
1306 3643 1607 3704 virtutem
1657 3643 2082 3725 appellatione
2131 3662 2205 3704 ac
2259 3662 2386 3704 me-

883 3741 1027 3814 rito,
1069 3740 1230 3802 dixit
1273 3760 1286 3803 :
1329 3740 1548 3802 Nonne
1588 3759 1624 3802 a
1663 3741 1788 3803 Deo
1829 3750 1922 3803 est
1961 3741 2385 3802 humanarum

884 3837 1314 3901 afflictionum
1359 3838 1646 3901 curatio?
1687 3838 1962 3901 Proferte
2003 3858 2108 3900 eas
2151 3839 2216 3900 in
2260 3859 2387 3901 me-

885 3937 1100 4016 dium3
1151 3944 1374 4019 potens
1421 3945 1516 3998 est
1562 3938 1762 4019 pietas
1807 3937 1918 3999 Dei
1965 3936 2256 4000 conferre
2297 3937 2388 3999 eis

886 4037 1198 4099 medelam
1263 4044 1480 4099 nostro
1544 4037 1813 4099 consilio
1873 4037 2055 4117 juxta
2112 4046 2386 4100 vestram

886 4134 1106 4198 fidem.

1315 4387 1819 4453 CAPITULUM
1879 4387 1960 4448 V.

969 4539 1092 4594 Cur
1119 4538 1188 4592 in
1217 4539 1475 4609 AE'qypto
1505 4551 1752 4592 manere
1781 4535 2085 4599 vellemus,
2115 4541 2171 4590 et
2201 4551 2311 4591 cur

1215 4626 1661 4681 retraheremur
1687 4625 1771 4680 ad
1795 4625 2062 4697 Syria-m.

1031 4824 1082 4886 D
1130 4823 1266 4887 haec
1324 4823 1672 4885 Germanus
1726 4842 1740 4885 ε
1794 4823 2219 4887 credebamus
2272 4842 2388 4886 nos

1058 4938 1426 4984 recursuros
1466 4922 1541 4983 ad
1578 4929 1863 4984 nostrum
1898 4922 2261 4985 coenobium
2298 4942 2391 4984 re-

890 5022 1094 5105 pletos
1137 5038 1266 5084 non
1307 5020 1513 5082 solum
1559 5019 1873 5101 spirituali
1923 5020 2143 5083 laetitia
2180 5039 2257 5082 ex
2297 5021 2389 5082 vi-

890 5123 1066 5185 sione
1098 5120 1510 5185 beatitudinis
1543 5121 1914 5193 vestrae,sed
1945 5121 2134 5182 etiam
2167 5120 2387 5200 grandi

892 5220 1217 5303 profectu3
1249 5228 1438 5301 atque
1471 5225 1614 5300 post
1645 5219 1920 5280 reditum
1963 5219 2142 5279 illum
2184 5217 2389 5280 imita-

891 5327 1066 5382 turos
1108 5335 1221 5380 nos
1262 5318 1486 5379 saltem
1517 5315 1794 5378 tenuiter
1833 5335 1906 5378 ea
1939 5335 2080 5398 quae
2110 5335 2146 5378 a
2178 5326 2389 5380 vestro

2495 3148 2751 3212 cissimo
2791 3150 2995 3211 reditu
3042 3152 3372 3213 redeamus
3412 3151 3703 3213 celeriter
3740 3151 3819 3213 ad
3862 3150 3998 3213 haec

2498 3245 2651 3308 loca.
2706 3248 2862 3309 Nam
2921 3249 3215 3330 quamvis
3275 3249 3464 3312 etiam
3525 3269 3719 3332 parva
3774 3249 4001 3311 dilatio

2496 3344 2645 3407 boni
2696 3345 2976 3408 melioris
3015 3347 3097 3409 sit
3138 3347 3497 3428 periculosa
3534 3355 3597 3409 et
3637 3348 3829 3409 noxia
3868 3355 4005 3409 ten-

2495 3443 2793 3506 dentibus
2832 3445 2909 3507 ad
2940 3446 3207 3508 virtutes
3238 3465 3311 3509 ac
3341 3446 3700 3528 profectum
3740 3447 4003 3528 spiritu·

2495 3541 2692 3603 alium
2735 3562 2973 3617 rerum,
3006 3543 3209 3606 nihilo
3250 3545 3463 3606 minus
3502 3544 3999 3627 promissionem

2498 3647 2777 3702 nostram
2842 3640 3256 3723 impleremus
3328 3643 3535 3704 reditu
3601 3663 3997 3725 quamquam

2501 3757 2769 3813 moroso,
2833 3740 2954 3801 nisi
3026 3741 3336 3803 sciremus
3406 3759 3522 3804 nos
3588 3741 4001 3804 indissolubi-

2498 3836 2643 3900 liter
2702 3838 3089 3918 colligandos
3151 3859 3224 3901 ac
3287 3841 3649 3903 retinendos
3713 3858 3843 3903 non
3904 3859 4001 3902 so-

2502 3937 2632 3997 lum
2678 3937 2957 4012 caritate,
3000 3939 3108 4000 sed
3152 3940 3343 4002 etiam
3388 3939 3762 4002 auctoritate
3806 3959 4000 4021 supe-

2498 4036 2736 4097 riorum
2788 4044 3170 4112 nostrorum,
3224 4039 3309 4100 ita
3356 4038 3528 4120 quod
3579 4039 3759 4102 nullo
3808 4040 4001 4102 modo

2495 4134 2752 4196 daretur
2803 4135 2985 4199 nobis
3036 4136 3304 4199 facultas
3356 4136 3717 4200 revertendi
3774 4139 3855 4200 ad
3910 4140 4005 4201 lo—

2419 4230 2466 4291 D
2498 4251 2570 4294 ca
2611 4233 2767 4296 haec.

2910 4488 3413 4552 CAPITULUM
3458 4488 3574 4553 VI.

2498 4641 2933 4716 Interroqatio,
2974 4661 3055 4700 an
3094 4645 3349 4700 daretur
3384 4644 3562 4700 nobis
3601 4645 3813 4717 major
3846 4663 4002 4720 pro-

2568 4731 2759 4802 fectus
2798 4736 2867 4790 in
2904 4737 3186 4807 AE'qypto,
3228 4749 3411 4807 quam
3456 4734 3526 4790 in
3570 4736 3843 4794 coenobio
3889 4739 4003 4810 Sy·

2573 4838 2709 4879 rioe.

2628 5021 2970 5086 RAEMISSO
3006 5023 3333 5104 aliquanto
3371 5023 3646 5098 silentio,
3673 5024 3739 5085 B.
3766 5025 4003 5107 Ioseph

2659 5120 2819 5181 dixit
2868 5121 2944 5182 ad
2994 5121 3111 5183 ista
3159 5141 3173 5186 ε
3221 5122 3388 5184 Estis
3441 5122 3597 5184 certi
3648 5123 3820 5204 quod
3874 5143 4005 5185 ma-

2498 5219 2601 5300 jor
2646 5217 2967 5300 profectus
3011 5219 3362 5302 spiritualis
3404 5221 3662 5282 daretur
3704 5221 3895 5285 vobis
3940 5223 4003 5284 in

2505 5318 2644 5380 loco
2686 5317 2809 5379 isto
2840 5320 2864 5378 Ζ
