4359 6267
516 1005 778 1052 Rom.v1,13.

525 3058 588 3102 Is.
599 3071 680 3108 ινι,
691 3059 732 3108 4,
745 3060 785 3100 5.

575 4921 692 4969 Ῑῠίά,
707 4935 802 4972 uv,

540 4987 606 5035 1⁵,
637 4987 700 5027 tc.

799 503 920 568 394

1466 517 1883 568 COLLATIONUM
1925 517 2009 564 SS·
2045 515 2290 563 PATRUH
2331 513 2505 561 LIBER
2548 514 2610 560 11.
2655 531 2736 542 —
2776 513 3063 562 COLLATIO
3102 514 3233 559 xxn

801 689 916 752 bra
958 698 1174 754 nostra
1213 708 1388 752 arma
1434 687 1791 770 iniquitatis
1835 691 2112 769 peccam.
2148 685 2293 746 Ter·
2323 680 2378 744 A
2408 701 2552 745 men
2595 700 2857 756 novum,
2890 683 3059 764 quod
3104 700 3174 746 os
3218 679 3471 744 Domini
3519 677 3902 743 nominabit.

803 788 913 862 tio,
947 797 1018 850 ut
1043 789 1235 850 etiam
1277 787 1574 850 interiore
1613 787 1872 848 homine
1910 792 2126 846 nostro
2165 801 2296 845 om-

805 886 1062 948 nimode
1095 893 1283 968 atque
1317 884 1684 947 medullitus
1719 881 2099 945 mortificato
2128 901 2165 942 a
2194 880 2299 941 sti-

809 985 1154 1046 mulatione
1199 984 1504 1057 libidinis,
1547 983 1960 1044 exhibeamus
2008 998 2123 1042 nos
2171 980 2299 1041 Deo

807 1091 1108 1164 tanquam
1158 1101 1234 1144 ex
1283 1081 1550 1143 mortuis
1593 1081 1899 1153 viventes,
1941 1088 2005 1141 et
2053 1079 2140 1140 ita
2188 1095 2303 1158 per

809 1181 980 1243 hunc
1040 1179 1395 1262 profectum
1457 1179 1898 1261 pervenientes
1948 1178 2023 1240 ad
2080 1177 2299 1258 jugem

806 1277 1090 1360 corporis
1120 1278 1318 1339 nostri
1344 1261 2078 1358 q‘uietem‚exhibeamus
2108 1292 2303 1336 mem-

806 1376 920 1438 bra
966 1385 1354 1458 nostra,non
1400 1375 1534 1457 jam
1587 1373 1860 1447 libidini,
1905 1373 2014 1435 sed
2063 1373 2192 1434 Deo
2241 1379 2303 1432 et

805 1474 1106 1557 aequitati.
1161 1475 1494 1556 Quumque
1552 1472 1799 1534 fundati
1867 1471 2177 1533 fuerimus
2237 1470 2303 1531 in

805 1572 1174 1653 hujusmodi
1213 1571 1600 1634 castimoniae
1640 1570 1936 1652 puritate,
1971 1576 2301 1651 peccatum

808 1688 936 1732 non
980 1670 1416 1733 dominabitur
1461 1670 1524 1732 in
1567 1668 1772 1731 nobiS.
1807 1668 1942 1732 Non
1989 1668 2160 1729 enim
2204 1685 2305 1728 su-

810 1787 954 1830 mus
993 1767 1112 1830 sub
1146 1769 1303 1848 lege,
1338 1787 1478 1849 quae
1509 1768 1660 1829 dum
1697 1766 2098 1829 commendat
2130 1764 2304 1826 licita

2406 782 2671 861 Insuper
2713 799 2829 862 pro
2870 781 2988 843 hac
3030 781 3238 843 cordis
3280 799 3353 842 ac
3396 778 3677 861 corporis
3727 777 3906 860 puri-

2408 887 2533 942 tate
2593 878 2885 941 fruentur
2943 879 3264 960 praecipua
3320 886 3383 940 et
3428 876 3733 958 singulari
3793 874 3908 936 illa

2410 977 2733 1050 felicitate,
2777 984 2847 1038 ut
2890 977 3129 1058 jugiter
3169 984 3422 1039 cantent
3466 975 3786 1038 canticum
3835 973 3909 1034 il·
3936 995 4273 1100 {asumma

3855 1078 3906 1144 t,
3972 1089 3989 1106 ⁹
4050 1089 4063 1098 ·

2411 1076 2519 1138 lud
2564 1075 2733 1157 quod
2773 1093 2963 1138 nemo
3000 1075 3374 1138 Sanctorum
3416 1092 3641 1136 canere
3673 1079 3851 1155 potes

2412 1173 2535 1236 nisi
2586 1173 2687 1236 isti
2734 1174 3060 1236 dumtaxat
3105 1173 3213 1255 qui
3257 1181 3614 1255 sequuntur
3654 1173 3907 1252 Agnum

2412 1290 2817 1355 quocumque
2849 1273 2993 1334 ierit
3027 1291 3041 1335 :
3077 1273 3355 1353 virgines
3387 1271 3561 1333 enim
3591 1278 3759 1344 sunt,
3786 1283 3911 1330 nec

2413 1389 2480 1432 se
2524 1389 2671 1432 cum
2717 1370 3096 1432 mulieribus
3138 1370 3653 1452 inquinaverunt.

2494 1470 2738 1531 Interea
2786 1469 2839 1530 si
2886 1469 3182 1531 volumus
3232 1468 3567 1550 pervenire
3616 1466 3694 1528 ad
3745 1465 3913 1527 hanc

2416 1567 2943 1629 sublimissimam
2997 1567 3321 1648 virginum
3382 1565 3673 1648 gloriam,
3732 1563 3911 1627 omni

2416 1665 2651 1748 virtute
2688 1665 3051 1728 excolamus
3091 1664 3637 1746 incorruptionem
3670 1681 3782 1724 seu
3814 1681 3915 1723 ca-

2417 1765 2696 1828 stitatem
2739 1766 2970 1827 mentis
3014 1783 3087 1827 ac
3128 1765 3413 1847 spiritua,
3446 1783 3526 1826 ne
3558 1763 3915 1825 incidamus

804 1865 951 1947 jura
992 1885 1066 1928 ac
1109 1865 1348 1929 foedera
1389 1865 1782 1947 nuptiarum,
1816 1864 2016 1926 nutrit
2053 1871 2117 1926 et
2159 1881 2305 1925 con·
2342 1860 2388 1922 B
2420 1883 2757 1926 numerum
2802 1864 3241 1945 insipientium
3281 1863 3628 1944 virginum,
3674 1860 3915 1943 quibus

809 1972 1016 2026 servat
1048 1965 1114 2026 in
1156 1963 1388 2026 nostris
1429 1963 1726 2025 medullis
1757 1963 1949 2024 etiam
1990 1961 2172 2022 illum
2208 1979 2305 2026 ar-

807 2063 1026 2124 dorem
1063 2061 1248 2142 quus
1282 2061 1686 2142 instigatione
1717 2077 1878 2142 opus
1915 2059 2152 2122 illicitae
2186 2057 2308 2120 for-

809 2159 1146 2222 nicationis
1205 2159 1672 2237 committitur3
1732 2160 1841 2220 sed
1905 2176 2126 2220 sumus
2185 2156 2305 2218 sub

807 2259 1028 2340 gratia,
1071 2277 1212 2338 quae
1259 2257 1412 2319 dum
1462 2256 2003 2338 incorruptionem
2048 2255 2309 2337 virgini-

809 2357 955 2419 tatis
998 2357 1332 2429 collaudat,
1376 2355 1687 2417 interimit
1731 2355 1921 2416 etiam
1972 2353 2306 2416 innoxium

809 2473 882 2516 ac
914 2454 1274 2536 simplicem
1313 2453 1596 2534 corporis
1637 2461 1882 2515 motum
1913 2460 1977 2514 et
2007 2451 2164 2513 liciti
2204 2469 2306 2513 co-

814 2554 940 2614 itus
989 2552 1400 2634 voluptatem.
1457 2551 1533 2612 Et
1583 2551 1667 2612 ita
1715 2550 2008 2614 arefactis
2057 2549 2305 2611 cunctis

811 2649 1188 2713 humoribus
1240 2649 1690 2731 impurissimae
1738 2648 2120 2729 fragilitatiS,
2162 2646 2307 2710 effi-

813 2749 1021 2811 cimur
1061 2748 1297 2830 egregii
1340 2748 1816 2830 laudabilesque
1859 2747 2160 2819 eunuchi,
2196 2746 2308 2828 qui

813 2866 928 2929 per
983 2847 1208 2909 Isaiam
1268 2846 1625 2917 laudantur,
1677 2853 1867 2926 atque
1917 2845 2311 2906 merebimur

815 2946 1138 3027 possidere
1167 2944 1627 3006 beatitudinem
1661 2943 1754 3006 eis
1795 2943 2197 3024 promissam,
2231 2943 2308 3004 dc

2416 1961 2746 2042 virginitas
2792 1980 2918 2024 non
2961 1961 3088 2023 fuit
3130 1968 3421 2043 reputata
3459 1961 3537 2022 ad
3582 1960 3911 2030 meritum,

2414 2061 2565 2141 quia
2621 2060 3062 2122 tantummodo
3118 2065 3529 2122 servaverunt
3582 2076 3649 2120 se
3697 2076 3734 2118 a
3782 2075 3917 2118 car-

2415 2158 2544 2219 nali
2603 2158 3057 2220 commixtione
3118 2159 3456 2220 immunes.
3513 2157 3661 2230 Quae
3718 2155 3915 2236 virgi-

2414 2274 2527 2318 nes
2575 2264 2775 2330 erant,
2819 2255 2930 2318 sed
2979 2255 3169 2318 fatuae
3218 2255 3644 2337 appellantur,
3687 2254 3917 2335 quoni·
3944 2279 4281 2331 umhxn,

2415 2372 2518 2415 am
2558 2355 2698 2416 oleo
2737 2354 3030 2436 puritatis
3076 2353 3340 2416 internae
3383 2354 3447 2414 in
3487 2371 3709 2415 earum
3742 2351 3915 2414 vasis
3945 2347 3995 2384 ³·

2417 2471 2529 2514 seu
2578 2451 2877 2514 cordibus
2925 2451 3289 2524 deficiente,
3330 2450 3631 2533 splendor
3670 2467 3745 2511 ac
3788 2449 3919 2510 cla-

2416 2551 2567 2612 ritas
2615 2550 3000 2631 virginitatis
3060 2550 3406 2632 corporalis
3464 2549 3915 2630 exstinguitur.

2418 2648 2685 2710 Necesse
2728 2655 2823 2710 est
2859 2648 3033 2710 enim
3077 2649 3433 2710 castitatem
3472 2646 3759 2710 exhiberi
3806 2645 3921 2707 ho-

2419 2747 2579 2808 mini
2635 2748 2953 2821 exteriori,
3014 2747 3259 2809 scilicet
3318 2746 3591 2828 corpori,
3648 2745 3785 2808 fotu
3844 2763 3922 2806 ac

2419 2846 2653 2928 pabulo
2685 2846 2979 2928 puritatis
3013 2846 3351 2919 interioris,
3386 2861 3655 2926 eamque
3682 2843 3925 2924 jugiter

2417 2944 2686 3005 animari
2728 2943 2805 3004 ad
2846 2944 3382 3025 perseverantiam
3423 2941 3925 3024 incorruptionis

815 3063 942 3125 qua
976 3043 1206 3124 legitur
1238 3043 1301 3105 in
1331 3043 1555 3104 eodem
1589 3042 1898 3125 Propheta
1931 3061 1945 3105 ε
1979 3042 2122 3104 Haec
2154 3041 2310 3103 dicit
2347 3040 2391 3104 C
2421 3050 2761 3122 perpetuae.
2796 3042 2957 3104 Hinc
2988 3042 3177 3105 fatuae
3206 3042 3485 3123 virgines
3517 3059 3645 3104 non
3676 3058 3926 3102 meren-

816 3142 1123 3204 Dominus
1167 3141 1501 3214 eunuchiS,
1543 3140 1658 3214 Qui
1711 3140 2128 3202 custodierint
2173 3139 2312 3201 sab-

816 3239 962 3302 bata
1005 3259 1166 3312 mea,
1209 3246 1272 3301 et
1314 3239 1620 3319 elegerint
1669 3258 1810 3320 quae
1853 3254 1969 3318 ego
2010 3237 2205 3310 volui,
2249 3245 2311 3299 et

815 3339 1138 3400 tenuerint
1168 3337 1374 3400 foedus
1418 3355 1652 3410 meum,
1688 3337 1851 3399 dabo
1888 3337 1980 3398 eis
2021 3337 2086 3397 in
2121 3335 2310 3398 domo

817 3455 958 3498 mea
1005 3443 1068 3497 et
1117 3436 1182 3497 in
1232 3435 1432 3497 muris
1481 3435 1639 3496 meis
1691 3436 1924 3509 locum,
1966 3443 2030 3496 et
2075 3452 2310 3496 nomen

819 3534 1048 3596 melius
1089 3552 1126 3594 a
1164 3533 1319 3594 filiis
1361 3540 1422 3594 et
1461 3532 1720 3595 filiabus
1757 3550 1770 3594 :
1805 3551 2037 3595 nomen
2082 3533 2313 3614 sempi-

821 3639 1072 3694 ternum
1123 3630 1285 3693 dabo
1332 3631 1446 3704 eiS,
1497 3632 1664 3712 quod
1718 3649 1841 3693 non
1894 3631 2147 3712 peribit.
2204 3632 2315 3692 De-

819 3731 1014 3814 nique
1062 3729 1172 3811 qui
1233 3738 1381 3791 sunt
1431 3729 1552 3791 filii
1603 3729 1704 3792 isti
1754 3747 1826 3791 ac
1876 3729 2029 3792 filiae
2077 3729 2314 3810 quibus

820 3828 1097 3890 eunuchi
1160 3828 1259 3890 isti
1321 3828 1747 3909 praefcruntur
1803 3827 1868 3889 in
1929 3835 2198 3902 tantum,
2248 3834 2316 3888 ut

819 3927 1112 3989 dicantur
1155 3927 1477 4008 accepturi
1524 3926 1734 3988 locum
1784 3945 2144 4007 nomenque
2192 3944 2319 3988 me-

823 4024 968 4098 lius,
998 4025 1123 4086 nisi
1155 4025 1366 4086 Sancti
1395 4025 1504 4106 qui
1537 4024 1657 4086 sub
1688 4025 1884 4087 veteri
1917 4024 2318 4086 Testamento

824 4133 1265 4206 permanentes
1307 4125 1372 4185 in
1404 4124 1632 4206 copula
1663 4123 2003 4205 conjugali,
2038 4142 2164 4186 non
2209 4125 2321 4184 im·

2419 3147 2524 3200 tur
2569 3140 2803 3201 intrare
2848 3158 2996 3202 cum
3045 3140 3173 3202 illis
3225 3139 3649 3221 prudentibus
3694 3138 3928 3221 glorio-

2420 3257 2563 3298 sum
2608 3237 2958 3299 thalamum
3003 3238 3241 3320 sponsi,
3277 3257 3419 3320 quae
3462 3255 3590 3300 non
3634 3255 3929 3299 servave-

2423 3344 2568 3397 runt
2613 3335 2930 3416 integrum
2981 3336 3280 3417 spiritum
3329 3355 3540 3410 suum,
3582 3344 3645 3398 et
3688 3352 3925 3415 corpus
3976 3361 4287 3412 {The-ux.

2421 3440 2484 3494 et
2530 3433 2810 3495 animam
2872 3433 3009 3495 sine
3060 3434 3319 3514 querela
3378 3435 3443 3496 in
3503 3433 3608 3495 die
3666 3433 3923 3496 Domini
3954 3429 4041 3468 ²³-

2422 3531 2621 3593 nostri
2663 3532 2810 3594 Jesu
2864 3530 3115 3594 Christi.
3159 3531 3254 3592 llli
3306 3531 3547 3613 quippe
3595 3538 3744 3594 sunt
3785 3531 3926 3593 veri

2423 3629 2904 3711 incorruptique
2961 3629 3240 3710 virgines
3300 3629 3555 3702 Christi,
3615 3637 3679 3691 et
3734 3647 3928 3711 repu-

2423 3735 2636 3790 tantur
2672 3729 2950 3790 eunuchi
2988 3728 3397 3790 admirabiles
3435 3737 3624 3811 atque
3658 3727 3925 3808 egregii,

2425 3845 2551 3888 non
2582 3827 2693 3908 qui
2728 3835 3019 3888 metuunt
3050 3826 3497 3901 fornicari,sed
3527 3826 3765 3909 quibus
3797 3843 3927 3889 non

2427 3925 2582 3987 libet
2613 3926 2768 4004 hoc;
2810 3944 2927 3987 nec
2965 3925 3075 4006 qui
3116 3925 3475 4006 reprimunt
3505 3924 3929 4007 impudicitias

2427 4021 2626 4097 frena,
2676 4023 2786 4085 sed
2846 4023 2956 4104 qui
3005 4023 3297 4084 vicerunt
3356 4023 3655 4085 minimas
3717 4023 3931 4086 cordis

2428 4121 2821 4183 titillationes
2860 4140 2933 4182 ac
2972 4121 3345 4182 tenuissima
3379 4120 3667 4183 libidinis
3708 4121 3935 4183 incita-

826 4224 1053 4285 merito
1100 4234 1530 4304 pervenerunt
1579 4223 1644 4284 in
1701 4223 2107 4304 adoptionem
2157 4222 2321 4284 filio·
2353 4220 2400 4280 D
2431 4228 2659 4292 menta,
2692 4228 2756 4281 et
2784 4238 3064 4301 eousque
3098 4219 3683 4282 exterminaverunt
3710 4219 3813 4300 (ut
3846 4219 3933 4281 ita

825 4339 968 4382 rum
1008 4321 1118 4382 Dei
1159 4339 1272 4402 per
1300 4321 1768 4383 observantiam
1810 4323 2320 4402 praeceptorum?

825 4420 998 4492 Quod
1061 4420 1212 4481 item
1270 4428 1366 4482 est
1414 4438 1646 4482 nomen
1703 4420 1822 4482 hoc
1874 4420 2100 4482 melius
2152 4421 2320 4503 quod

826 4517 1138 4579 eunuchis
1203 4517 1338 4578 istis
1400 4518 1792 4598 promittitur
1851 4527 2152 4600 tanquam
2218 4518 2324 4581 bo-

827 4633 983 4675 num
1029 4613 1422 4695 praecipuum
1474 4613 1610 4676 loco
1653 4634 1921 4678 summae
1963 4634 2326 4678 remunera-

828 4711 1185 4786 tionis,nisi
1216 4713 1385 4794 quod
1413 4730 1450 4773 a
1481 4712 1728 4774 Christo
1759 4713 2059 4775 dicuntur
2090 4732 2324 4776 nomen

831 4810 1138 4883 sortituri,
1177 4829 1286 4872 seu
1333 4811 1662 4872 christiani
1708 4813 2022 4874 vocandi?
2066 4813 2153 4874 De
2198 4830 2325 4894 quo

831 4909 1091 4970 nomine
1150 4926 1369 4969 rursus
1434 4907 1714 4990 loquitur
1772 4910 1960 4972 Isaias
2023 4927 2036 4972 :
2099 4912 2325 4973 Servos

832 5025 978 5070 suos
1019 5007 1271 5070 vocabit
1315 5007 1572 5069 nomine
1614 5008 1761 5081 alio,
1797 5009 1859 5069 in
1900 5026 2028 5090 quo
2068 5011 2178 5090 qui
2226 5009 2329 5072 be·

2432 4319 2732 4398 dixerim)
2762 4336 3020 4379 sensum
3054 4317 3283 4390 carniS,
3322 4326 3391 4378 ut
3419 4335 3497 4378 ex
3526 4317 3667 4398 ejus
3706 4316 3935 4379 motio-

2432 4436 2513 4479 ne
2553 4435 2679 4479 non
2723 4416 2931 4478 solum
2972 4416 3148 4478 nulla
3185 4424 3523 4497 tangantur
3568 4415 3934 4478 delectatio-

2435 4534 2534 4589 ne,
2572 4515 2701 4577 imo
2743 4533 2861 4576 nec
2902 4515 3129 4595 exigua
3168 4514 3504 4595 pulsentur
3544 4513 3935 4576 titillatione.

2806 4740 3311 4806 CAPITULUM
3372 4741 3555 4804 VIII.

2544 4865 2714 4932 Quod
2740 4880 2907 4920 nemo
2936 4864 3147 4920 debeat
3174 4880 3234 4919 se
3262 4864 3513 4934 diqnum
3530 4863 3827 4934 judicare

2800 4953 3107 5008 dominica
3134 4952 3559 5009 communione.

831 5105 1121 5167 nedictus
1159 5112 1256 5167 est
1295 5124 1488 5185 super
1521 5112 1777 5178 terram,
1811 5106 2224 5168 benedicetur
2263 5108 2328 5168 in

830 5204 978 5276 Dec,
1021 5223 1230 5277 amen,
1272 5212 1336 5266 et
1379 5205 1490 5284 qui
1532 5203 1704 5284 jurat
1753 5204 1817 5264 in
1862 5212 2048 5277 terra,
2088 5204 2331 5284 jurabit

534 5318 800 5372 somnne.
831 5302 895 5363 in
928 5302 1076 5374 Dec,
1109 5319 1332 5380 amen;
1369 5302 1670 5383 itemque,
1696 5301 2038 5363 'Vocabitur
2065 5301 2182 5362 tibi
2219 5321 2327 5364 no-

2567 5106 2771 5169 ANTA
2814 5114 3027 5168 autem
3071 5105 3451 5168 humilitatis
3500 5105 3791 5168 custodia
3833 5106 3944 5168 de-

2586 5204 2812 5267 bemus
2844 5205 3077 5267 vallare
3118 5220 3226 5266 cor
3258 5213 3568 5277 nostrum,
3602 5212 3671 5265 ut
3696 5203 3945 5285 jugiter

2440 5323 2513 5365 ac
2552 5302 2927 5364 firmissime
2969 5303 3317 5365 sentiamus
3366 5320 3770 5384 nequaquam
3819 5321 3943 5365 nos
