4359 6267
880 448 999 513 150
1568 468 1986 517 commonuit
2036 470 2122 515 ss.
2165 467 2410 514 runnu
2459 466 2634 513 unm
2684 466 2725 511 ι.
2775 482 2856 493 -
2905 462 3193 509 cotta-rio
3243 463 3288 508 11

1938 845 2578 958 COLLATI
2608 847 2694 959 o
2745 1010 2752 1016 .
2790 849 2905 957 11

1816 1086 2203 1182 (Aetatis
2260 1088 2581 1189 Moysis
2643 1088 3038 1184 secanda)

2056 1332 2160 1383 DE
2227 1330 2794 1385 DISCRETIONE.

2399 1608 2452 1671 A
2482 1634 2558 1677 ex
2608 1622 2777 1677 etere
2835 1614 3180 1677 debeamus
3254 1615 3726 1679 considerantes
3775 1615 3840 1678 di
3935 1616 3986 1678 i-

1157 1665 1659 1734 CAPITULUM
1717 1660 2087 1727 PRIMUM‘
2481 1634 2676 1774 tatgm
2721 1713 2931 1774 meriti
2975 1713 3115 1793 ejus
3157 1662 3232 1775 a'c
3271 1714 3508 1794 gratiae.
3841 1636 3929 1697 gn

1010 1815 1373 1873 Prooemium
1400 1812 1645 1869 abbatis
1673 1810 1900 1883 Moysis
1928 1809 2002 1864 de
2028 1808 2240 1879 qratia
2564 1811 2673 1873 Est
2719 1812 2892 1873 enim
2941 1811 3243 1873 discretio
3291 1829 3419 1874 non
3468 1812 3808 1875 mediocris
3857 1812 3990 1873 vir-

1416 1900 1827 1959 discreliom'&
2484 1915 2608 1982 tuS,
2628 1927 2745 1970 nec
2777 1910 3233 1991 comprehendi
3262 1910 3498 1991 passim
3530 1917 3738 1992 potest
3767 1910 3994 1971 huma-

2483 2026 2566 2068 na
2616 2006 2946 2078 industria,
2998 2006 3122 2068 nisi
3177 2006 3370 2069 fuerit
3419 2006 3636 2069 divina
3695 2007 3989 2088 largitate

1018 2108 1307 2173 USTATO
1334 2108 1545 2189 itaque
1578 2106 1886 2168 matutino
1914 2123 2155 2187 sopore,
2172 2121 2373 2186 quum
2486 2104 2728 2166 collata.
2783 2104 3090 2177 Quoniam
3152 2103 3318 2166 inter
3369 2104 3772 2167 nobilissima
3818 2105 3991 2167 dona

1047 2209 1125 2271 de
1172 2214 1315 2270 ortu
1368 2224 1609 2269 aurorae
1659 2205 2026 2285 gaudentes,
2080 2202 2376 2283 coepisse-
2486 2202 2758 2283 Spiritus
2791 2202 2999 2265 Sancti
3033 2202 3304 2282 legimus
3341 2203 3535 2264 etiam
3567 2203 3734 2264 hanc
3763 2220 3992 2264 nume-

881 2327 1023 2369 mus
1053 2306 1435 2389 promissam
1464 2303 1865 2366 collationem
1896 2300 2379 2385 deposcere,be·
2485 2300 2609 2362 rari
2656 2318 2670 2361 ε
2712 2300 2839 2362 Alii
2885 2301 3069 2362 datur
3118 2319 3233 2381 per
3277 2300 3585 2382 Spiritum
3629 2318 3839 2363 sermo
3887 2320 3990 2361 sa·
4051 2310 4281 2389 mor-115

879 2413 1022 2467 atus
1065 2404 1306 2486 Moyses
1349 2402 1438 2464 ita
1475 2419 1736 2463 exorsus
1774 2408 1872 2463 est
1904 2417 1918 2461 :
1954 2399 2158 2472 Quum
2201 2398 2376 2461 vide·
2488 2398 2764 2479 pientiae,
2830 2398 2939 2459 alii
3007 2416 3218 2460 sermo
3279 2399 3561 2461 scientiae
3627 2399 3988 2460 secundum
4019 2376 4114 2415 ⁸⁴⁰

880 2521 984 2566 am
1028 2519 1141 2565 vos
1189 2508 1361 2562 tanto
1408 2499 1705 2562 desiderii
1755 2498 2003 2560 fervore
2048 2514 2373 2570 accens08,
2488 2497 2786 2558 eumdem
2850 2496 3180 2577 Spiritum,
3242 2496 3353 2558 alii
3409 2496 3574 2559 fides
3634 2498 3700 2558 in
3757 2497 3991 2559 eodem

882 2608 954 2661 ut
993 2617 1120 2661 non
1160 2605 1380 2680 putem
1417 2597 1496 2658 ad
1535 2595 1824 2678 requiem
1858 2594 2052 2657 vestri
2092 2593 2377 2675 corporis
2490 2594 2752 2675 Spiritu,
2785 2594 2894 2656 alii
2938 2595 3140 2675 gratia
3183 2594 3527 2656 sanitatum
3571 2594 3637 2656 in
3680 2612 3810 2657 uno
3849 2595 3995 2676 Spi-

883 2696 1232 2779 profecisse
1280 2694 1731 2757 brevissimum
1782 2693 1939 2755 illud
1989 2693 2193 2755 noctis
2241 2710 2380 2773 spa·
2492 2693 2656 2771 ritu3
2687 2702 2751 2755 et
2785 2700 2926 2774 post
2965 2711 3187 2775 pauca,
3221 2692 3344 2754 Alii
3385 2692 3686 2755 discretio
3725 2692 3993 2774 spiritu-

884 2794 1259 2876 tium‚quod
1290 2792 1604 2874 spirituali
1638 2792 1959 2854 collationi
1992 2790 2380 2862 subtraxi‚et
2415 2786 2463 2848 B
2496 2810 2622 2852 um.
2670 2791 2909 2853 Deinde
2953 2790 3271 2871 completo
3318 2791 3493 2853 omni
3537 2790 3822 2871 catalogo
3863 2790 3996 2871 spi·
4280 2848 4281 2859 ,

884 2891 1310 2975 repausationi
1342 2890 1642 2974 deputavi
1683 2890 1966 2971 corporis
1996 2889 2215 2961 vestri,
2249 2908 2379 2950 ma·
2493 2890 2821 2951 ritualium
2884 2889 3338 2950 charismatum
3403 2888 3622 2951 subdit
3683 2906 3696 2949 :
3760 2888 3996 2951 Omnia
4049 2908 4240 2950 stau.

879 2990 981 3070 jor
1004 3007 1257 3072 quoque
1286 2988 1649 3051 sollicitudo
1672 2987 1989 3049 incumbit
2018 2986 2176 3048 mihi
2210 2985 2382 3047 hunc
2491 2996 2704 3049 autem
2736 2988 2870 3050 haec
2900 2994 3198 3067 operatur
3228 3006 3394 3049 unus
3423 2995 3615 3068 atque
3646 2987 3816 3049 idem
3849 2986 3994 3068 Spi·
4280 2984 4281 2991 '

884 3095 1169 3150 vestrum
1218 3086 1533 3148 fervorem
1584 3085 2031 3159 consideranti,
2083 3084 2234 3167 quia
2275 3102 2382 3145 ne·
2493 3086 2674 3160 rituS,
2701 3084 2994 3147 dividens
3024 3084 3374 3166 unicuique
3405 3093 3592 3165 prout
3620 3086 3777 3147 vult.
3801 3085 3995 3147 Vide-

889 3204 1064 3247 cesse
1102 3192 1199 3247 est
1238 3204 1339 3246 me
1379 3184 1445 3246 in
1486 3185 1907 3266 persolvendo
1947 3182 2237 3245 debitum
2275 3183 2382 3243 ha·
2493 3183 2573 3246 tis
2602 3202 2752 3265 ergo
2789 3202 3025 3245 munus
3065 3182 3468 3246 discretionis
3508 3201 3636 3246 non
3676 3202 3815 3246 esse
3847 3202 3996 3266 par-

889 3282 1039 3345 bere
1105 3301 1323 3344 curam
1389 3281 1742 3344 devotionis
1806 3288 1980 3343 tanto
2046 3281 2379 3362 majorem,
2493 3299 2645 3343 vum
2693 3299 2902 3362 neque
2947 3288 3294 3353 terrenum,
3339 3281 3451 3343 sed
3493 3281 3726 3345 divinae
3771 3282 3999 3362 gratiae

890 3388 1128 3462 quanto
1174 3398 1287 3442 vos
1336 3379 1521 3441 video
1573 3380 1635 3440 id
1684 3378 1987 3441 attentius
2036 3379 2380 3460 postulare,
2496 3379 2846 3441 maximum
2878 3378 3452 3460 praemium.Quam
3483 3379 3610 3441 nisi
3642 3378 4002 3442 monachus

609 3506 863 3558 prowm„
889 3478 1071 3559 juxta
1099 3478 1276 3539 illam
1306 3478 1685 3539 sententiam
1721 3495 1734 3539 ε
1770 3478 1833 3539 Si
1864 3478 2102 3539 sederis
2135 3494 2384 3540 coenare
2495 3484 2625 3540 tota
2662 3477 3013 3539 intentione
3043 3476 3237 3538 fuerit
3275 3484 3625 3551 assecutuS,
3659 3486 3723 3539 et
3753 3485 4001 3539 certam

599 3571 711 3673 {jx}
744 3570 869 3624 ''¹¹¹“
892 3576 972 3637 ad
1030 3594 1314 3637 mensam
1374 3576 1671 3657 potentis,
1723 3574 2045 3656 sapienter
2103 3574 2386 3655 intellige
2495 3577 2804 3638 rationem
2865 3575 3218 3657 possederit
3276 3575 3708 3657 spiritualium
3765 3594 4004 3657 appre-

707 3662 718 3675 ”
894 3692 1035 3755 quae
1072 3680 1483 3755 apponuntur
1524 3672 1665 3747 tibi,
1698 3680 1762 3735 et
1804 3672 2079 3734 immitte
2125 3689 2386 3734 manum
2496 3674 2878 3735 hensionum
2926 3691 3001 3734 ac
3048 3673 3500 3753 cogitationum
3552 3674 3618 3736 in
3667 3693 3735 3737 se
3781 3692 4006 3736 ascen-

892 3778 1091 3845 tuam,
1125 3771 1331 3833 sciens
1374 3770 1525 3852 quia
1569 3770 1716 3832 talia
1758 3777 2006 3855 oportet
2046 3778 2106 3833 te
2148 3788 2389 3851 praepa-
2497 3772 2808 3845 dentium,
2841 3788 3100 3833 necesse
3137 3778 3234 3833 est
3263 3788 3413 3832 eum
3450 3790 3661 3833 errare
3692 3779 4004 3853 tanquam

894 3888 1051 3931 rare.
1086 3868 1506 3943 Quamobrem
1550 3869 1784 3931 dicturi
1822 3870 1900 3932 de
1945 3870 2111 3933 bono
2153 3869 2388 3931 disere·
2501 3870 2566 3931 in
2607 3888 2772 3933 caeca
2816 3876 3000 3931 nocte
3039 3887 3112 3929 ac
3151 3868 3455 3944 tenebris,
3490 3888 3609 3931 nec
3649 3869 3861 3932 solum
3907 3869 4007 3931 in-

892 3968 1084 4031 tionis
1122 3975 1187 4029 et
1216 3967 1355 4047 ejus
1395 3968 1651 4043 virtute,
1685 3968 1753 4030 in
1793 3987 1986 4050 quam
2028 3984 2239 4030 sermo
2278 3984 2388 4028 no·
2424 3970 2468 4033 C
2501 3968 2710 4029 cidere
2742 3966 3130 4048 perniciosas
3162 3966 3377 4029 foveas
3407 3986 3481 4029 ac
3511 3974 3852 4049 praerupta,
3889 3967 4006 4028 sed

895 4076 1135 4129 cturnae
1185 4066 1540 4129 collationis
1591 4066 1935 4147 ingressus,
1987 4066 2140 4128 fecit
2188 4065 2390 4128 finem
2501 4067 2692 4128 etiam
2738 4066 2805 4127 in
2848 4064 3056 4148 planis
3101 4065 3417 4147 rectisque
3460 4066 3586 4128 viis
3627 4065 4010 4147 frequenter

892 4165 1309 4248 disputationi
1364 4165 1596 4237 eidem,
1660 4182 2011 4246 congruum
2071 4164 2390 4226 credimus
2501 4164 2828 4227 offendere
2873 4182 2986 4225 seu
3029 4180 3310 4243 peccare.

892 4264 1211 4325 declarare
1248 4264 1690 4325 excellentiam
1734 4263 2136 4325 discretionis
2181 4262 2392 4343 primo

893 4361 1149 4424 Patrum
1186 4361 1540 4435 sententiiS,
1575 4370 1645 4422 ut
1675 4380 1875 4443 quum
1918 4360 2196 4443 patuerit
2237 4359 2393 4441 quid
2923 4417 3428 4483 CAPITULUM
3488 4415 3554 4477 Π

897 4459 1170 4539 majores
1227 4460 1428 4522 nostri
1475 4460 1553 4521 de
1600 4479 1675 4522 ea
1720 4460 2037 4521 senserint
2086 4465 2198 4520 aut
2255 4474 2396 4539 pro·
3561 4462 3575 4477 ⁸

896 4556 1345 4631 nuntiaverint,
1364 4564 1777 4619 retractemus
1809 4556 2113 4618 utilitates
2144 4562 2208 4617 et
2233 4571 2398 4616 com·
2533 4566 2695 4633 Quid
2721 4566 3010 4621 discretio
3037 4564 3313 4635 conserat
3341 4564 3662 4626 monadia,-
3692 4568 3749 4619 et
3775 4562 3994 4634 dispu-

901 4654 1089 4715 moda
1144 4652 1307 4732 ejuS,
1369 4662 1440 4714 ut
1496 4671 1857 4735 possumus,
1918 4662 2049 4714 tam
2110 4652 2395 4733 allegatis
2711 4655 2865 4710 tatio
2895 4652 3139 4709 abbatis
3169 4653 3430 4709 Antonii
3457 4668 3640 4725 super
3665 4652 3796 4707 hoc.

898 4751 1306 4833 antiquorum
1337 4752 1889 4835 sententiis,quam
1922 4751 2253 4814 recensitis
2284 4769 2397 4813 seu

903 4849 1413 4913 commemoratis
1456 4850 1710 4913 casibus
1752 4858 1941 4932 atque
1981 4849 2260 4912 exitibus
2305 4849 2398 4911 di·
2509 4854 2516 4861 '
2667 4851 2816 4913 ΕΜΙ
2830 4850 2882 4913 Ν
2893 4852 2916 4911 Ι
2959 4850 3152 4931 igitur
3181 4850 3502 4931 quondam
3543 4848 3822 4912 seniores
3853 4866 4010 4911 con-

900 4964 1252 5021 versorum,
1294 4946 1405 5027 qui
1455 4946 1811 5028 pernicioso
1850 4946 2081 5028 dejecti
2126 4955 2274 5009 sunt
2314 4948 2398 5009 la·
2687 4949 2937 5011 venisse
2967 4949 3046 5010 ad
3087 4948 3145 5010 S.
3179 4947 3528 5009 Antonium
3566 4947 3645 5009 ad
3680 4946 4011 5028 inquiren-

901 5065 1043 5129 psu‚
1109 5063 1225 5128 pro
1288 5062 1363 5107 eo
1428 5045 1597 5126 quod
1664 5045 2112 5107 discretionem
2182 5046 2397 5108 minus
2510 5048 2663 5110 dum
2706 5048 2784 5109 de
2834 5047 3241 5129 perfectione,
3289 5046 3352 5108 in
3404 5044 3690 5127 partibus
3737 5044 4008 5107 Thebai-

901 5146 1154 5207 fuerant
1192 5143 1467 5206 assecuti
1502 5163 1516 5206 :
1551 5142 1787 5224 quibus
1830 5143 2159 5219 discussiS,
2202 5144 2396 5205 etiam
2431 5145 2480 5207 D
2512 5146 2633 5220 dis,
2668 5145 2778 5206 ubi
2809 5144 3173 5208 morabatur
3201 5144 3535 5217 Antonius,
3564 5162 3764 5224 quum
3793 5160 4008 5205 essem

904 5243 1294 5306 instruamur
1340 5241 1614 5324 qualiter
1659 5259 1800 5304 eam
1860 5242 2147 5305 excolere
2204 5250 2395 5325 atque
2504 5244 2885 5307 constitutus
2907 5242 3116 5305 adhuc
3140 5242 3206 5303 in
3231 5241 3524 5325 pueritia)
3545 5240 3748 5303 annis,
3769 5240 4008 5313 Quum-
