4359 6267
120 1000 233 1043 ludio.

104 1066 149 1105 15.

134 1196 225 1239 nid.
242 1199 277 1237 ⁹.

116 2074 173 2117 Pu.
184 2090 249 2122 cvi.
262 2080 299 2117 6.

228 1600 250 1625 ι
304 1573 545 1636 .fertur
595 1574 657 1635 in
708 1574 957 1636 Psalmo
1009 1591 1023 1634 :

1051 524 1467 573 cousslorttm
1508 524 1594 571 SS.
1629 522 1873 569 unum
1914 520 2090 567 LIBER
2130 522 2170 566 t.
2217 539 2298 548 —
2337 520 2623 567 COLLATIO
2666 520 2735 566 111

3323 498 3444 563 165

344 693 633 757 hostibus
664 695 951 769 traditOS,
984 712 1221 776 eosque
1250 712 1469 756 rursus
1500 709 1837 756 conversos
1865 690 1916 753 A
1948 691 2118 772 quod
2167 691 2246 752 ad
2295 689 2750 752 monasterium
2800 688 3162 750 decucurrit
3211 686 3442 768 impul-

342 792 683 854 Dominum
725 793 1075 866 invocasse,
1108 809 1183 854 eo
1221 792 1390 874 quod
1432 791 1514 853 ab
1560 790 1837 852 inimicis

343 890 478 951 suis
534 891 975 953 crudelissime
1034 898 1471 952 tractarentur.
1526 890 1701 951 Unde
1751 889 1839 949 ait

262 1014 315 1050 ιιι,
342 988 667 1069 Scriptura
710 1006 725 1049 ε
770 989 937 1050 Misit
976 989 1070 1051 eis
1112 988 1419 1050 Dominus
1462 987 1838 1049 salvatorem

342 1084 500 1159 Aod,
532 1086 643 1167 qui
675 1093 942 1167 utraque
981 1104 1175 1147 manu
1215 1084 1510 1146 utebatur
1541 1101 1656 1165 pro
1694 1084 1841 1144 dex-

343 1191 515 1261 tera3
565 1185 846 1265 itemque
896 1202 909 1245 :
958 1184 1400 1246 Clamaverunt
1448 1181 1715 1263 (inquit)
1760 1181 1837 1242 ad

344 1282 706 1355 Dominum,
725 1281 837 1363 qui
870 1281 1201 1343 suscitavit
1230 1281 1322 1342 eis
1354 1280 1753 1351 salvatorem,
1776 1286 1839 1339 et

344 1379 637 1441 liberavit
678 1398 809 1454 θος,
852 1378 1144 1442 Othoniel
1189 1378 1399 1440 filium
1448 1378 1667 1450 Cenez,
1721 1375 1839 1437 fra-

344 1486 504 1539 trem
549 1477 735 1539 Caleb
781 1477 1125 1557 juniorem.
1168 1477 1255 1538 De
1302 1476 1534 1537 talibus
1584 1492 1836 1556 quoque

1074 1574 1279 1647 Quum
1337 1572 1655 1664 occideret
1704 1588 1833 1644 θος,

342 1672 709 1753 quaerebant
739 1690 912 1746 eum,
945 1678 1007 1733 et
1044 1671 1545 1742 revertebantur,
1578 1676 1641 1731 et
1674 1668 1836 1730 dilu-

343 1770 488 1831 culo
530 1768 869 1831 veniebant
910 1770 987 1831 ad
1028 1788 1199 1841 eum,
1232 1776 1295 1830 et
1336 1768 1646 1829 recordati
1686 1772 1837 1827 sunt

1948 808 2055 849 sus
2124 796 2298 849 metu
2368 788 2589 849 mortis
2661 806 2802 868 quae
2873 786 2932 848 ei
3010 793 3268 867 propter
3329 784 3442 846 ho·-

1950 886 2284 948 micidium
2336 886 2712 948 imminebat
2749 905 2763 948 :
2803 886 2954 967 quia
3002 884 3442 947 necessitatem

1950 984 2383 1047 conversionis
2433 985 2520 1046 ita
2575 984 2866 1066 arripuit,
2918 984 3086 1066 quod
3144 1001 3283 1045 eam
3332 1000 3448 1063 per

1949 1082 2251 1144 virtutem
2297 1082 2608 1145 convertit
2653 1082 2716 1143 in
2761 1082 3042 1163 prompti
3089 1080 3286 1142 animi
3336 1096 3445 1141 vo-

1950 1180 2279 1241 luntatem.
2314 1180 2857 1253 Quemadmodum
2889 1179 3080 1240 etiam
3112 1177 3275 1239 nihil
3307 1194 3447 1259 pro-

1948 1277 2069 1338 fuit
2132 1278 2352 1339 multis
2409 1278 2596 1359 (quos
2655 1276 3033 1339 nominatim
3093 1292 3443 1337 memorare

1947 1391 2073 1437 non
2118 1374 2348 1455 debeo)
2387 1375 2555 1456 quod
2599 1374 2970 1436 servitutem
3014 1373 3125 1435 Dei
3165 1372 3443 1453 aggressi

1948 1479 2097 1534 sunt
2141 1473 2390 1535 meliori
2441 1472 2780 1553 principio,
2817 1472 2927 1554 qui
2979 1471 3280 1551 deinceps
3331 1488 3444 1552 per

1948 1571 2155 1633 cordis
2215 1571 2532 1651 ignaviam
2581 1570 3009 1651 duritiamque
3068 1576 3440 1649 sequentem

1949 1667 2109 1749 lapsi
2141 1674 2290 1729 sunt
2321 1669 2387 1729 in
2419 1675 2699 1749 teporem
2727 1687 2800 1729 ac
2832 1666 3196 1729 barathrum
3224 1667 3444 1728 mortis

1916 1765 2358 1846 profundum.
2394 1766 2568 1837 Quod
2613 1766 2803 1827 etiam
2851 1765 3142 1828 videmus
3188 1764 3443 1827 eviden-

342 1868 492 1949 quia
528 1868 695 1929 Deus
732 1868 985 1947 adjutor
1015 1874 1110 1929 est
1148 1884 1393 1939 eorum,
1427 1873 1489 1927 et
1525 1865 1691 1926 Deus
1730 1882 1835 1925 ex·
1871 1862 1925 1927 R
1948 1870 2042 1924 ter
2099 1863 2416 1944 signatum
2479 1863 2543 1924 in
2598 1864 2926 1926 vocatione
2972 1862 3438 1944 Apostolorum.

343 1966 545 2027 celsus
594 1965 959 2046 redemptor
1006 1982 1227 2027 eorum
1276 1971 1407 2041 est3
1452 1970 1514 2024 et
1561 1980 1779 2024 rursus
1816 1980 1831 2023 ε

344 2062 785 2125 Clamaverunt
824 2063 902 2124 ad
945 2062 1289 2124 Dominum
1333 2080 1533 2143 quum
1576 2059 1838 2122 tribula-

344 2168 577 2233 rentur,
610 2168 675 2221 et
711 2161 791 2221 de
829 2160 1315 2222 necessitatibus
1353 2176 1574 2221 eorum
1614 2157 1837 2219 libera-

340 2259 427 2320 vit
468 2275 593 2320 θος.

750 2501 1256 2566 CAPITULUM
1328 2500 1411 2563 V.

400 2648 569 2715 Quod
598 2654 655 2703 et
684 2648 887 2703 desidi
912 2648 1147 2704 vocatio
1168 2647 1382 2719 prima
1410 2662 1531 2701 non
1551 2647 1775 2717 prosit,

562 2742 899 2791 et'strenuo
928 2741 1237 2807 postrema
1264 2750 1387 2790 non
1417 2733 1593 2790 obsit.

459 2939 657 3002 ICET
710 2939 937 3000 harum
997 2938 1189 2999 trium
1238 2938 1645 3000 vocationum
1703 2938 1830 2999 duo

1946 1960 2105 2033 Quid
2159 1961 2332 2023 enim
2393 1960 2632 2043 profuit
2685 1961 2860 2023 Judae
2905 1961 3262 2023 voluntarie
3310 1981 3444 2023 sus-

1947 2061 2194 2143 cepisse
2259 2061 2524 2140 gradum
2586 2060 2972 2141 apostolatus
3031 2059 3438 2135 altissimum,

1944 2160 2169 2221 eodem
2199 2158 2420 2222 ordine
2452 2175 2578 2240 quo
2610 2158 2811 2220 vocati
2851 2166 3000 2219 sunt
3028 2158 3247 2220 Petrus
3279 2167 3441 2221 cete-

1944 2257 2126 2338 rique
2164 2256 2472 2338 Apostoli,
2506 2256 2616 2337 qui
2658 2273 3106 2318 consummans
3143 2257 3443 2338 praeclara

1944 2375 2073 2417 suae
2104 2355 2454 2417 vocationis
2484 2354 2802 2436 principia
2831 2353 3133 2435 pestifero
3162 2354 3442 2417 avaritiae

1942 2451 2406 2534 fine,prorupit
2438 2470 2638 2534 usque
2667 2452 2744 2513 ad
2777 2451 3008 2513 Christi
3037 2452 3439 2535 traditionem

1942 2549 2425 2611 crudelissimus
2470 2548 2828 2631 parricida?
2856 2548 2981 2611 Aut
3029 2550 3184 2631 quid
3231 2549 3440 2611 obfuit

1940 2647 2133 2709 Paulo
2164 2648 2334 2729 quod
2366 2655 2626 2729 repente
2660 2654 2951 2723 caecatus,
2975 2647 3227 2709 videtur
3256 2648 3436 2730 quasi

1941 2745 2179 2807 invitus
2211 2745 2287 2807 ad
2318 2746 2488 2807 viam
2519 2744 2740 2806 salutis
2769 2751 3094 2818 attractuS,
3119 2745 3228 2825 qui
3260 2745 3436 2807 dein-

1939 2843 2016 2904 de
2047 2850 2178 2905 toto
2221 2843 2429 2904 cordis
2471 2842 2718 2905 fervore
2757 2842 3098 2904 Dominum
3137 2861 3431 2923 sequenS,

1938 2948 2127 3021 atque
2178 2940 2436 3001 initium
2481 2939 2879 3001 'necessitatis
2929 2939 3288 3001 voluntaria
3333 2940 3436 3001 de-

478 3037 667 3119 primi
700 3036 867 3099 modi
897 3036 1259 3099 melioribus
1292 3036 1638 3098 innitantur
1669 3036 1831 3117 prin·
1862 3039 1905 3103 C
1941 3038 2194 3100 votione
2254 3046 2652 3100 commutans
2701 3056 2776 3099 ac
2822 3054 3234 3118 prosequens,
3288 3055 3435 3100 con-

339 3134 543 3216 cipiis,
587 3134 949 3196 invenimus
997 3142 1209 3195 tamen
1260 3133 1641 3215 quandoque
1691 3152 1829 3215 per-

336 3232 533 3295 fectos
573 3233 745 3295 viros
793 3251 866 3294 ac
908 3231 1414 3294 ferventissimos
1458 3232 1688 3313 spiritu
1730 3231 1829 3293 fu-

337 3330 459 3391 isse
498 3330 573 3392 de
610 3330 797 3391 tertio
834 3330 1031 3410 gradu
1071 3348 1183 3392 seu
1225 3330 1413 3391 modo
1455 3329 1824 3404 vocationiS,

335 3428 443 3509 qui
476 3428 543 3490 in
569 3446 636 3490 se
666 3428 932 3490 infimus
962 3428 1345 3510 tepidusque
1376 3428 1699 3491 consistit:
1721 3428 1827 3509 qui

336 3527 454 3589 viri
496 3526 752 3589 fuerunt
790 3526 1037 3589 similes
1078 3526 1206 3588 illis
1236 3526 1349 3608 qui
1390 3526 1601 3608 primo
1639 3527 1827 3589 modo

334 3625 697 3706 optimoque
734 3624 1057 3706 principio
1094 3632 1427 3705 coeperunt
1463 3625 1592 3686 Deo
1630 3625 1826 3686 servi-

334 3740 423 3795 re,
456 3723 563 3803 qui
591 3722 781 3784 etiam
828 3721 1137 3802 reliquam
1178 3740 1359 3783 suam
1388 3721 1587 3783 vitam
1620 3722 1828 3784 lauda-

334 3818 450 3879 bili
482 3820 957 3902 compleverunt
988 3818 1256 3880 fervore.
1292 3819 1370 3881 Et
1403 3819 1633 3882 iterum
1668 3818 1828 3882 vidi-

335 3934 477 3977 mus
514 3916 743 3979 multos
784 3916 995 3999 primo
1036 3915 1223 3978 modo
1264 3924 1537 3989 vocatos,
1573 3917 1823 3998 tepidos

332 4031 470 4075 esse
493 4014 767 4088 effectos,
786 4022 975 4095 atque
1001 4014 1079 4075 ad
1106 4012 1307 4075 finem
1332 4014 1821 4095 vituperabilem

336 4110 673 4174 devenisse.
707 4114 797 4174 Ac
836 4111 1128 4193 proinde,
1162 4111 1332 4173 sicut
1372 4111 1650 4193 praefatis
1694 4112 1821 4174 illis

336 4227 459 4270 non
504 4209 707 4272 obfuit
756 4210 926 4291 quod
984 4226 1100 4271 suo
1153 4209 1442 4271 conversi
1489 4228 1617 4272 non
1674 4217 1823 4271 sunt
1850 4216 1900 4280 D

336 4305 605 4381 arbitrio,
639 4308 750 4370 sed
782 4308 1056 4388 quadam
1088 4306 1548 4387 compulsione,
1584 4307 1819 4389 quibus

336 4412 397 4464 et
446 4405 635 4486 pietas
685 4406 795 4467 Dei
845 4406 1212 4487 procuravit
1259 4404 1658 4467 occasionem
1707 4406 1821 4467 hu-

336 4501 619 4581 jusmodi,
642 4523 770 4585 qua
800 4504 891 4565 ita
918 4509 1533 4584 compungerentur3
1556 4502 1649 4565 sic
1681 4503 1819 4565 istis

338 4600 536 4680 primo
583 4602 769 4665 modo
829 4602 1153 4664 conversis
1211 4619 1286 4662 ac
1338 4598 1670 4681 tepefactis
1728 4601 1818 4661 nil

340 4698 565 4778 profuit
613 4701 786 4782 quod
836 4699 1197 4762 habuerunt
1243 4697 1619 4761 sublimiora
1676 4716 1821 4761 con-

338 4796 631 4860 versionis
681 4798 1023 4879 principia‚
1064 4796 1216 4879 quia
1262 4814 1387 4859 non
1439 4796 1820 4859 studuerunt

340 4892 523 4955 vitam
562 4914 740 4958 suam
786 4896 1105 4958 residuam
1150 4895 1491 4957 terminare
1540 4911 1819 4977 congruo

340 4988 482 5052 fine.
528 4994 649 5056 Nec
703 4994 881 5057 enim
935 4994 1284 5075 quidquam
1339 4992 1548 5054 obfuit
1605 4993 1819 5055 abbati

340 5086 541 5169 Moysi,
573 5092 683 5172 qui
730 5091 1045 5152 habitavit
1084 5091 1151 5151 in
1197 5090 1334 5153 loco
1377 5090 1575 5152 eremi
1626 5090 1819 5171 hujus

342 5186 450 5264 qui
478 5186 756 5250 Calamus
796 5186 1175 5269 appellatur,
1209 5207 1359 5263 non,
1394 5188 1677 5270 inquam,
1710 5189 1820 5251 ob-

346 5280 463 5343 fuit
498 5286 553 5347 ei
588 5287 666 5348 ad
702 5284 1005 5368 perfectae
1042 5284 1455 5347 beatitudinis
1496 5288 1817 5361 meritum,

1939 3135 2130 3197 clusit
2182 3135 2378 3197 vitam
2443 3135 2634 3197 tantis
2692 3134 3037 3197 virtutibus
3093 3134 3432 3215 gloriosam

1938 3234 2181 3314 optimo
2232 3232 2410 3293 fine?
2454 3233 2680 3295 Totum
2731 3251 2880 3314 ergo
2929 3232 2994 3294 in
3052 3232 3185 3294 fine
3235 3233 3436 3295 consi-

1938 3331 2068 3405 stit,
2105 3331 2167 3392 in
2207 3348 2335 3412 quo
2372 3331 2424 3393 is
2458 3331 2568 3412 qui
2601 3331 2842 3412 optime
2884 3332 3226 3405 inchoavit,
3259 3350 3435 3413 repe-

1938 3429 2049 3490 riri
2092 3435 2300 3510 potest
2337 3447 2415 3489 ex
2455 3428 2839 3509 negligentia
2879 3447 2993 3490 sua
3032 3428 3328 3507 inferior3
3369 3437 3433 3492 et

1935 3526 2310 3589 necessitate
2367 3527 2446 3587 ad
2501 3526 2915 3588 monasticam
2969 3525 3430 3608 professionem

1933 3632 2259 3697 attractuS,
2310 3623 2486 3686 effici
2540 3631 2748 3706 potest
2803 3643 2917 3706 per
2963 3624 3076 3686 Dei
3136 3625 3429 3688 timorem

1935 3723 2462 3803 diligentiamque
2508 3722 2846 3803 perfectuS.

2334 3972 2842 4037 CAPITULUM
2905 3973 3021 4036 VI.

2115 4110 2450 4181 Eoepositio
2480 4109 2668 4164 trium
2699 4109 3243 4165 renuntiationum.

2070 4306 2181 4368 UN
2195 4305 2238 4368 C
2271 4306 2348 4366 de
2387 4304 3048 4367 abrenuntiationibus
3085 4312 3182 4368 est
3211 4306 3423 4369 dicen-

2087 4405 2265 4477 dum,
2312 4422 2470 4484 quas
2519 4402 2772 4465 Patrum
2821 4402 3107 4465 doctrina
3153 4411 3216 4465 et
3262 4405 3424 4467 Scri-

1931 4508 2264 4583 pturarum
2307 4500 2645 4563 auctoritas
2690 4508 3120 4583 protestantur
3158 4509 3285 4565 tres
3333 4522 3426 4566 es-

1930 4618 1997 4661 se
2052 4618 2065 4661 :
2118 4618 2276 4681 quas
2324 4606 2389 4660 et
2431 4599 2784 4681 quemlibet
2831 4608 3120 4663 nostrum
3177 4608 3426 4683 oportet

1930 4696 2211 4759 studiose
2252 4696 2539 4779 implere.
2575 4698 2783 4760 Prima
2827 4706 2943 4773 est,
2975 4718 3103 4780 qua
3139 4718 3428 4783 corpora-

1930 4795 2075 4857 liter
2122 4796 2486 4876 spernimus
2537 4795 2942 4877 exteriusque
3001 4796 3424 4879 relinquimus

1929 4893 2260 4954 universas
2293 4892 2513 4953 mundi
2547 4892 2832 4971 divitias3
2857 4895 3137 4955 secunda
3165 4901 3281 4968 est,
3300 4914 3427 4976 qua

1930 4990 2294 5071 respuimus
2355 5008 2428 5051 ac
2490 4990 2766 5052 vitamus
2826 4991 3128 5072 pristinos
3191 5009 3420 5065 moreS,

1932 5106 2158 5170 pravos
2198 5086 2469 5148 affectus
2501 5094 2566 5148 et
2587 5087 2742 5149 vitia
2778 5088 2984 5149 carnis
3015 5106 3088 5148 ac
3119 5087 3420 5168 spiritus;

1930 5187 2137 5260 tertia,
2171 5203 2299 5267 qua
2339 5191 2618 5246 mentem
2662 5193 2940 5248 nostram
2984 5184 3421 5249 abstrahentes

1931 5304 1969 5348 a
1992 5284 2358 5347 visibilibus
2387 5290 2452 5345 et
2480 5283 2899 5365 praesentibus
2929 5283 3424 5360 universiS,eon·
