4359 6267
1281 499 1360 547 ns
1404 498 1731 548 msrrruris
1775 498 1860 547 ss.
1904 498 2167 547 runnu.
2216 520 2295 529 —
2335 500 2511 548 maun
2550 500 2660 548 vm
3436 480 3519 548 89

75 683 142 725 ι..
177 698 308 733 nvn.
339 688 387 728 ι.
419 686 544 748 que
593 676 658 729 et
706 670 907 743 sedet,
949 689 1147 751 quum
1197 670 1365 732 dicat
1406 690 1422 733 ε
1464 671 1708 734 Coelum
1758 671 1918 733 mihi
1946 670 2000 733 A
2029 690 2191 733 mus.
2228 672 2341 733 Per
2370 690 2630 733 manum
2662 672 2771 733 Dei
2804 672 3154 755 accipimus
3185 672 3518 753 providen-

417 772 518 826 est
557 766 762 840 sedes,
805 774 974 828 terra
1020 775 1232 829 autem
1283 767 1631 830 scabellum
1684 769 1918 850 pedum

75 880 388 930 amana.
417 882 728 927 meorum.
765 866 881 939 Qui
927 874 1139 929 tamen
1193 867 1455 929 metitur
1502 867 1735 931 coelum
1787 868 1916 949 pal—

419 980 548 1036 mo,
581 971 644 1025 et
681 972 918 1025 terram
961 982 1077 1026 suo
1121 964 1364 1045 pugillo
1406 966 1746 1028 concludit.
1783 966 1917 1027 Ine-

416 1059 665 1123 briatur
693 1080 948 1143 quoque
979 1062 1150 1137 vino,
1183 1082 1384 1144 quum
1425 1064 1737 1145 scriptum
1782 1064 1864 1124 sit
1897 1082 1912 1126 ε

97 1166 184 1209 1²⁸-
199 1180 384 1218 mm,
417 1158 496 1219 Et
519 1160 877 1222 exsurrexit
903 1168 1198 1242 tanquam
1231 1162 1554 1223 dormiens
1584 1162 1913 1236 DominuS‚

75 1234 144 1273 ⁶³.

417 1264 722 1338 tanquam
754 1264 978 1339 potens
1011 1258 1374 1340 crapulatus
1405 1278 1442 1320 a
1471 1259 1640 1321 vino.
1678 1259 1914 1321 Deinde

413 1354 468 1415 si
508 1356 866 1440 secundum
908 1354 1100 1418 vilem
1155 1356 1378 1420 litterae
1428 1374 1656 1418 sonum
1700 1357 1913 1418 volue-

410 1452 619 1515 rimus
657 1453 992 1515 admittere
1031 1454 1247 1516 omnia
1284 1474 1426 1536 quae
1466 1454 1531 1517 in
1569 1454 1912 1536 Scripturis

408 1552 651 1612 sanctis
690 1551 1058 1633 frequenter
1092 1552 1362 1633 legimus
1403 1552 1782 1626 introducta,
1817 1560 1911 1614 ut-

406 1655 556 1729 pote
597 1648 982 1712 lineamenta
1023 1650 1456 1712 membrorum
1497 1670 1638 1731 quae
1677 1650 1911 1712 descri-

407 1744 652 1808 buntur
689 1747 769 1809 de
813 1748 941 1810 Deo
981 1756 1282 1830 tanquam
1327 1749 1404 1810 de
1448 1748 1707 1811 homine
1750 1746 1912 1829 figu-

2026 770 2178 830 tiam
2225 778 2289 830 et
2329 770 2760 851 operationem
2804 769 3029 851 ipsiuS‚
3063 776 3123 831 et
3166 770 3334 851 quod
3380 770 3517 851 ipse

2025 868 2317 929 omnium
2361 868 2443 929 sit
2487 876 2765 946 creator3
2809 886 2921 950 per
2965 867 3298 929 brachium
3342 885 3513 939 ver0,

2027 964 2300 1045 insignia
2347 964 2602 1026 virtutis
2662 972 2724 1026 et
2770 964 3295 1046 gubernationem
3353 964 3515 1044 ejus,

2025 1081 2150 1143 qua
2180 1063 2394 1124 omnia
2426 1063 2807 1137 moderatur,
2841 1070 3172 1136 sustentat,
3206 1062 3512 1143 regitque.

2025 1158 2101 1221 Et
2148 1168 2219 1221 ut
2261 1161 2338 1222 dc
2389 1154 2619 1222 ceteris
2662 1167 2927 1233 taceam,
2978 1160 3242 1222 canities
3292 1159 3519 1242 capitis

2025 1257 2176 1338 quid
2224 1258 2397 1320 aliud
2441 1259 2507 1319 in
2553 1259 2680 1320 Deo
2721 1258 3063 1339 significat,
3097 1258 3222 1320 nisi
3266 1257 3518 1319 deitatis

2026 1355 2490 1435 longaevitatem
2533 1364 2596 1417 et
2637 1357 3075 1430 aeternitatem,
3109 1375 3235 1437 qua
3276 1355 3517 1437 absque

2025 1452 2156 1515 ullo
2202 1453 2520 1535 principio
2559 1462 2622 1515 et
2661 1462 2805 1517 ante
2845 1456 3060 1517 omnia
3098 1463 3387 1535 tempora
3420 1461 3519 1515 est

2023 1559 2339 1614 creaturas
2384 1552 2710 1614 universas
2755 1552 3117 1614 excedens?

2103 1651 2193 1712 lta
2222 1651 2300 1712 de
2332 1650 2425 1712 ira
2454 1657 2517 1713 et
2548 1650 2760 1712 furore
2791 1651 2903 1713 Dei
2942 1651 3175 1712 sentire
3208 1650 3515 1713 debemus

2022 1766 2148 1810 non
2208 1749 2561 1810 secundum
2610 1748 2978 1830 qualitatem
3037 1749 3330 1811 humanae
3381 1768 3517 1830 per-

405 1851 544 1907 rato
587 1852 779 1927 atque
830 1846 1183 1928 composito
1226 1865 1303 1907 ex
1349 1845 1578 1927 capite,
1621 1846 1904 1921 naribus,
1946 1843 1994 1905 B
2027 1845 2423 1919 turbationiS,
2458 1846 2567 1908 sed
2598 1846 3013 1928 spiritualiter
3041 1865 3115 1908 ac
3145 1846 3332 1927 digne
3363 1847 3512 1921 Deo,

405 1941 635 2015 oculiS‚
688 1942 873 2016 facie,
936 1944 1254 2015 manibuS,
1317 1942 1616 2017 brachiiS,
1670 1944 1907 2024 digitis,

409 2046 612 2113 utero,
677 2039 950 2120 pedibus
1008 2047 1071 2102 et
1129 2040 1416 2122 capillis3
1479 2060 1737 2103 necesse
1793 2042 1914 2103 erit

408 2144 636 2218 putare
667 2138 838 2219 quod
879 2138 1044 2199 Deus
1088 2138 1152 2199 in
1193 2156 1308 2199 sua
1346 2145 1570 2201 natura
1602 2139 1913 2220 composi-

409 2243 512 2295 tus
553 2234 637 2295 sit
666 2251 744 2295 ex
787 2234 1188 2297 lineamentis
1231 2235 1665 2298 membrorum
1698 2255 1914 2318 corpo-

406 2350 646 2413 reaque
706 2331 916 2413 figura
967 2350 983 2395 ε
1037 2335 1206 2416 quod
1255 2334 1431 2395 dictu
1482 2335 1674 2397 etiam
1733 2335 1913 2396 nefas

406 2437 528 2503 est,
561 2431 732 2512 quod
776 2439 840 2493 et
881 2431 1047 2494 absit
1087 2451 1125 2495 a
1166 2431 1375 2496 nobiS.

813 2725 1318 2790 CAPITULUM
1388 2725 1502 2788 IV.

399 2908 690 2975 Qualiter
716 2908 1094 2963 sentiendum
1129 2909 1215 2963 sit
1246 2907 1318 2963 de
1351 2906 1633 2962 membris
1671 2905 1911 2978 affecti-

2023 1943 2133 2024 qui
2184 1944 2263 2005 ab
2313 1944 2486 2004 omni
2539 1943 3013 2025 perturbatione
3062 1951 3157 2005 est
3205 1943 3450 2006 alienus
3498 1962 3512 2005 ε

2022 2048 2335 2121 quatenus
2377 2060 2491 2122 per
2529 2040 2812 2103 furorem
2850 2048 2913 2103 et
2953 2042 3109 2102 iram
3149 2061 3289 2123 quae
3328 2041 3385 2103 ei
3427 2048 3518 2103 at-

2021 2137 2412 2212 tribuuntur,
2447 2138 2875 2219 intelligamus
2916 2139 3083 2220 quod
3126 2139 3260 2221 ipse
3299 2140 3382 2201 sit
3417 2140 3518 2219 ju—

2022 2236 2143 2298 dex
2182 2244 2247 2297 et
2285 2236 2453 2298 ultor
2494 2237 2787 2298 omnium
2827 2256 2969 2317 quae
3010 2237 3077 2298 in
3122 2238 3359 2299 mundo
3398 2238 3518 2299 hoc

2024 2334 2242 2416 inique
2290 2342 2618 2415 geruntur,
2661 2343 2849 2416 atque
2898 2334 3201 2397 terribilis
3250 2334 3519 2397 retribu-

2024 2438 2120 2493 tor
2147 2432 2471 2494 actionum
2504 2440 2896 2511 nostrarum3
2929 2433 3149 2515 sicque
3178 2452 3256 2494 ex
3286 2434 3515 2495 horum

2022 2530 2363 2592 verborum
2432 2530 3008 2611 significationibus
3075 2531 3511 2607 formidanteS‚

2022 2628 2361 2691 timeamus
2402 2638 2620 2691 contra
2660 2630 2862 2710 ipsius
2902 2629 3291 2692 voluntatem
3336 2632 3517 2712 quid-

2022 2746 2215 2809 quam
2260 2727 2612 2789 admittere.
2649 2727 2948 2789 Homines
2988 2746 3262 2810 namque
3308 2728 3514 2792 solent

2020 2842 2127 2888 eos
2176 2826 2424 2900 timere,
2476 2842 2709 2906 eosque
2768 2817 3113 2887 formidant
3159 2826 3508 2901 offendere,

2020 2940 2178 3003 quos
2210 2931 2445 2986 norunt
2474 2923 2787 3003 indignari
2818 2930 3008 3004 atque
3041 2924 3226 2985 irasci
3252 2942 3265 2985 :
3292 2944 3512 3006 quem-

482 2996 710 3069 ὂωφιθ
737 2997 1018 3052 humani-³
1055 3012 1192 3069 qm
1220 2994 1594 3052 immutabili
1631 3000 1687 3051 θ’
1719 2996 1912 3050 ''7²⁶⁰‘'
1939 3023 1982 3086 C
2015 3021 2362 3083 admodum
2410 3020 2602 3083 ultrix
2650 3022 2743 3083 ira
2786 3022 3299 3103 aequissimorum
3346 3023 3515 3103 judir

471 3102 666 3157 porco
691 3088 814 3142 Deo
842 3085 1050 3141 adseri
1055 3084 1298 3141 buntur.

537 3318 762 3393 AQUE,
794 3319 962 3381 sicut
991 3318 1125 3382 haec
1167 3336 1293 3382 non
1333 3326 1598 3400 possunt
1629 3319 1765 3381 sine
1797 3338 1904 3381 ne-

505 3416 698 3480 fando
736 3416 1070 3497 sacrilegio
1112 3417 1463 3478 secundum
1509 3417 1785 3480 litteram
1825 3419 1904 3480 de

397 3514 538 3579 Deo
568 3514 859 3596 intelligi,
889 3516 1000 3597 qui
1028 3515 1400 3577 auctoritate
1432 3514 1903 3598 Scripturarum

395 3611 712 3675 asseritur
766 3631 906 3675 esse
964 3611 1330 3686 invisibilis,
1387 3611 1759 3686 ineffabilis,
1814 3613 1906 3675 in-

397 3709 1028 3791 comprehensibilis,
1094 3709 1577 3785 inaestimabiliS‚
1629 3710 1903 3792 simplex

393 3814 468 3870 et
512 3807 1013 3890 incompositus3
1055 3808 1142 3869 ita
1190 3826 1308 3871 nec
1351 3807 1745 3889 perturbatio
1796 3809 1904 3871 irae

391 3913 514 3967 aut
565 3904 797 3968 furoris
847 3905 1080 3987 poterit
1129 3906 1268 3967 sine
1317 3904 1557 3985 ingenti
1608 3904 1904 3987 blasphe-

397 4004 538 4065 mia
579 4002 940 4066 invariabili
984 4004 1113 4065 Deo
1153 4002 1450 4065 adscribi.
1485 4002 1646 4066 Hinc
1688 4002 1907 4085 praefa-

395 4110 538 4163 tam
586 4100 1123 4183 significationem
1183 4101 1616 4163 membrorum
1675 4101 1906 4164 intelli-

2018 3138 2165 3181 cum
2233 3120 2394 3182 solet
2455 3120 2669 3182 timeri
2730 3138 2767 3180 a
2828 3120 2950 3181 reis
3013 3120 3137 3181 sibi
3201 3120 3279 3183 de
3342 3121 3509 3186 malo

2015 3217 2326 3297 consciis3
2368 3235 2496 3281 non
2539 3217 2709 3299 quod
2759 3216 2852 3278 ira
2894 3217 2962 3279 in
3006 3218 3238 3280 animis
3282 3218 3506 3281 talium

2009 3315 2302 3395 judicum
2334 3314 2444 3398 qui
2482 3314 2651 3396 juste
2678 3314 3024 3395 judicaturi
3060 3323 3228 3389 sunt,
3264 3316 3345 3378 sit
3375 3335 3512 3397 per-

2012 3412 2291 3476 turbatio
2322 3413 2553 3487 cordiS,
2588 3414 2698 3475 sed
2734 3413 2885 3495 quia
2913 3412 3184 3476 effectus
3224 3414 3385 3494 ejuS,
3419 3415 3509 3476 vi-

2011 3512 2243 3574 delicet
2285 3512 2454 3592 rigor
2498 3511 2815 3586 vindictae,
2851 3512 2939 3574 ita
2981 3513 3253 3574 sentitur
3295 3532 3332 3574 a
3377 3531 3506 3575 me-

2010 3609 2338 3671 tuentibus
2382 3628 2523 3671 eam
2567 3626 2581 3670 ε
2625 3610 2736 3691 qui
2780 3608 3051 3672 effectus
3096 3610 3382 3692 procedit
3424 3610 3504 3673 ab

2010 3726 2084 3770 ea
2113 3708 2467 3770 secundum
2498 3707 2709 3788 legum
2740 3708 3237 3783 exsecutionem,
3270 3716 3332 3771 et
3363 3728 3505 3771 exa-

2010 3807 2427 3869 minationem
2482 3805 2747 3886 justitiae
2803 3813 2865 3866 et
2924 3825 3171 3887 aequam
3231 3806 3510 3869 libratio-

2011 3924 2159 3967 nem
2204 3904 2439 3987 ipsius;
2480 3923 2621 3986 quae
2666 3910 2877 3965 tamen
2926 3905 3250 3967 exsecutio
3292 3905 3504 3986 legum

2011 4010 2523 4084 quantacumque
2565 4019 2791 4082 magna
2829 4002 3316 4063 mansuetudine
3348 4002 3507 4065 leni-

2011 4108 2264 4182 tateque
2297 4100 2495 4161 animi
2528 4099 2662 4173 fiat,
2696 4099 2950 4161 videtur
2978 4098 3188 4180 gravis
3228 4100 3406 4162 furor
3433 4119 3507 4163 ac

393 4218 555 4281 gere
604 4199 912 4263 debemus
962 4200 1360 4281 operationes
1409 4207 1472 4261 et
1519 4198 1903 4262 efficientias
1933 4200 1982 4261 D
2012 4199 2413 4261 severissima
2458 4198 2551 4260 ira
2592 4199 2691 4260 his
2732 4198 2840 4279 qui
2887 4215 3001 4280 pro
3040 4216 3154 4260 suo
3196 4182 3505 4263 demerito

395 4297 542 4371 Dei,
576 4317 717 4380 quae
747 4297 932 4361 nobis
974 4298 1284 4361 insinuari
1317 4315 1444 4360 non
1481 4306 1748 4379 possunt
1777 4298 1901 4361 nisi

393 4414 521 4479 per
549 4396 682 4459 haec
712 4397 944 4459 usitata
977 4396 1408 4460 membrorum
1439 4396 1750 4459 vocabula
1784 4415 1798 4459 :
1834 4404 1903 4459 ut

397 4512 521 4577 per
563 4512 630 4556 os
671 4494 784 4556 Dei
829 4494 1258 4576 intelligamus
1298 4494 1747 4559 allocutionem
1790 4495 1901 4557 Dei

391 4612 546 4675 quae
603 4592 766 4654 solet
812 4592 1160 4655 clementer
1217 4591 1468 4655 infundi
1522 4594 1588 4655 in
1638 4610 1900 4656 arcanos

391 4708 516 4753 seu
560 4688 893 4753 interiores
936 4691 1164 4756 animae
1203 4710 1450 4766 sensuS,
1485 4691 1585 4754 vel
1627 4692 1797 4773 quod
1837 4691 1902 4753 in

393 4786 696 4870 patribus
745 4788 978 4849 nostris
1035 4795 1224 4870 atque
1273 4788 1603 4869 Prophetis
1655 4788 1904 4851 locutus

395 4894 520 4947 est.
566 4885 754 4948 Porro
797 4904 912 4967 per
949 4885 1167 4949 oculos
1210 4887 1322 4948 Dei
1367 4886 1720 4969 intelligere
1764 4906 1904 4969 pos-

397 5002 632 5045 sumus
681 4984 1061 5046 immensam
1116 4984 1574 5066 perspicaciam
1624 4992 1736 5047 aut
1783 4985 1907 5048 cla-

399 5082 665 5145 ritatem
695 5101 826 5145 suae
855 5082 1118 5156 notitiae,
1153 5101 1279 5164 qua
1309 5082 1606 5145 universa
1636 5083 1909 5145 illustrat

400 5198 482 5241 ac
512 5179 846 5261 perspicit,
865 5186 930 5241 et
959 5180 1112 5242 item
1146 5181 1313 5262 quod
1346 5180 1509 5242 nihil
1541 5180 1732 5243 lateat
1759 5200 1908 5243 eum

397 5296 482 5339 ex
527 5276 632 5339 his
676 5296 818 5359 quae
856 5277 1229 5358 cogitamuS‚
1262 5278 1542 5359 gerimus
1587 5286 1697 5341 aut
1739 5298 1911 5361 gere-

659 5410 724 5461 T.
761 5411 840 5461 27.

2012 4297 2391 4380 puniuntur.

2092 4395 2378 4476 Longum
2407 4401 2523 4468 est,
2548 4394 2599 4456 si
2632 4394 3023 4458 voluerimus
3052 4396 3267 4459 omnia
3295 4396 3505 4479 expla-

2013 4512 2164 4556 nare
2206 4513 2346 4575 quae
2389 4494 2455 4555 in
2494 4491 2840 4574 Scripturis
2884 4493 3238 4575 figuraliter
3264 4496 3342 4557 de
3378 4495 3505 4560 Deo

2011 4593 2180 4655 dicta
2222 4599 2371 4655 sunt
2399 4586 2867 4673 significatione
2906 4592 3205 4668 humana,
3238 4612 3356 4656 nec
3386 4594 3507 4657 hoc

2013 4691 2344 4773 praesentis
2406 4698 2501 4752 est
2549 4689 2780 4771 operis.
2832 4690 2975 4753 Haec
3033 4690 3270 4754 dixisse
3328 4691 3508 4755 suffi-

2015 4789 2160 4863 ciat,
2206 4796 2517 4871 quantum
2568 4806 2825 4850 necesse
2876 4788 2997 4850 fuit
3040 4788 3249 4851 dicere
3293 4798 3511 4853 contra

2014 4887 2251 4973 vitium
2288 4886 2524 4949 furoris
2562 4904 2636 4947 ac
2670 4886 2797 4959 irae,
2834 4892 2903 4946 ut
2933 4885 3147 4948 nullus
3187 4905 3302 4968 per
3341 4888 3514 4968 igno-

2017 4986 2287 5047 rantiam
2326 4985 2554 5046 habeat
2592 4983 2714 5045 sibi
2748 4984 3146 5046 occasionem
3187 4985 3394 5047 morbi
3433 5004 3507 5048 ac

2019 5084 2241 5145 mortis
2293 5090 2615 5166 perpetuae
2663 5081 2811 5145 inde
2847 5080 3176 5163 (videlicet
3220 5100 3298 5144 ex
3347 5083 3510 5145 Scri-

2020 5181 2254 5264 pturis)
2279 5181 2446 5242 unde
2476 5179 2773 5242 sanctitas
2802 5186 2867 5240 et
2898 5179 3335 5242 immortalitas
3364 5181 3512 5245 vitae

2019 5298 2094 5341 ac
2137 5278 2360 5341 salutis
2401 5278 2682 5341 remedia
2723 5278 3160 5359 acquiruntur.

3232 5411 3264 5462 6
