4359 6267
148 1695 266 1739 Haut.
277 1709 334 1747 vn,

148 4535 238 4582 Bm.
251 4549 323 4590 ms.

1030 527 1445 576 coLLATmNuM
1487 527 1572 572 SS.
1607 525 1850 572 PA'rmm
1891 525 2067 572 LIBER
2107 526 2148 570 1.
2194 543 2275 552 -·
2315 523 2601 570 COLLATIO
2642 523 2727 570 vn

3310 498 3432 564 225

362 699 570 762 melius
611 697 853 780 aliquid
898 697 1294 781 providente,
1337 716 1418 760 ne
1463 697 1602 760 sine
1644 694 1830 759 nobis
1858 694 1911 758 A
1940 701 2180 758 catores
2212 712 2363 757 vero
2393 701 2649 757 econtra
2682 711 2942 755 cursum
2980 691 3174 773 hujus
3214 689 3431 752 saeculi

361 805 954 862 consummarentur.
988 798 1200 872 Porro,
1233 814 1560 878 nunquam
1607 795 1830 857 recoli-

359 916 484 958 mus
529 896 622 959 eis
678 895 878 958 fuisse
937 895 1337 958 interdictam
1387 913 1424 956 a
1471 892 1830 956 senioribus

356 993 565 1058 nostris
596 1013 844 1056 sacram
875 993 1413 1068 communionem,
1443 993 1574 1055 imo
1603 992 1658 1055 si
1689 1009 1829 1074 pos-

355 1093 542 1167 sibile,
575 1093 875 1156 dixerunt
906 1093 1074 1175 quod
1107 1092 1477 1155 communio
1504 1098 1671 1154 esset
1701 1090 1830 1152 illis

355 1192 617 1273 quotidie
679 1191 1122 1274 impendenda.
1175 1191 1304 1253 Nec
1353 1190 1524 1252 enim
1577 1189 1832 1252 creden-

355 1291 490 1352 dum
520 1297 616 1352 est
645 1296 1111 1352 sacrosanctam
1143 1289 1660 1351 communionem
1691 1306 1830 1370 per-

358 1389 551 1450 venire
595 1394 709 1450 aut
755 1388 1073 1470 pertinere
1121 1387 1200 1449 ad
1245 1386 1551 1450 daemonis
1595 1404 1828 1460 escam,

358 1487 455 1548 sed
513 1486 725 1568 potius
787 1486 867 1549 ad
929 1487 1369 1569 purgationem
1432 1503 1506 1547 ac
1567 1485 1832 1547 tutelam

360 1585 544 1646 carnis
573 1603 650 1646 ac
678 1584 928 1647 animae.
944 1585 1186 1647 Idcirco
1215 1601 1341 1648 non
1373 1590 1541 1646 recte
1571 1584 1832 1665 aptastis

359 1683 772 1765 evangelicam
811 1683 986 1746 illam
1027 1682 1430 1758 sententiam,
1460 1681 1666 1746 Nolite
1697 1701 1835 1744 san-

361 1789 516 1843 ctum
555 1782 706 1844 dare
756 1781 1045 1854 canibuS,
1087 1782 1165 1843 ad
1213 1788 1496 1844 vestrum
1546 1780 1833 1862 proposi-

1939 793 2323 877 pertransire
2364 811 2489 856 non
2534 792 2741 854 solum
2771 790 3013 873 absque
3053 789 3185 852 ullo
3224 787 3431 850 humi-

1938 893 2217 956 liationis
2247 900 2310 954 et
2339 891 2767 973 castigationis
2797 889 3066 971 flagello,
3088 889 3215 951 imo
3239 888 3431 950 etiam

1938 992 2211 1073 gaudere
2254 991 2589 1054 affluentia
2627 990 2995 1053 divitiarum
3040 1007 3113 1053 ac
3157 986 3433 1050 maxima

1937 1091 2229 1154 omnium
2289 1089 2738 1172 temporalium
2797 1086 3239 1170 prosperitate,
3295 1104 3433 1148 suc·

1939 1207 2168 1252 census
2211 1187 2595 1251 intolerabili
2638 1186 2773 1250 zelo
2813 1185 3139 1256 accordis
3182 1184 3430 1246 fervore

1941 1295 2159 1352 contra
2198 1287 2349 1351 istos
2389 1287 2642 1369 iniquos
2672 1286 2984 1349 exclamat
3016 1304 3031 1349 :
3063 1283 3183 1346 Mei
3217 1290 3429 1346 autem

1941 1406 2104 1470 pene
2157 1386 2309 1449 moti
2369 1394 2519 1449 sunt
2564 1386 2779 1468 pedeS,
2832 1404 2995 1467 pene
3044 1382 3237 1445 effusi
3284 1389 3433 1444 sunt

1939 1505 2193 1568 gressus
2244 1485 2391 1560 mei,
2443 1485 2595 1567 quia
2649 1483 2847 1546 zelavi
2905 1501 3097 1565 super
3154 1480 3430 1563 iniquOS,

1940 1602 2163 1668 pacem
2214 1590 2618 1666 peccatorum
2660 1582 2921 1661 videns;
2964 1581 3117 1663 quia
3162 1597 3289 1642 non
3338 1586 3434 1641 est

1942 1689 2267 1765 respectus
2316 1681 2507 1745 morti
2555 1699 2797 1755 eorum,
2843 1687 2907 1743 et
2952 1679 3431 1742 firmamentum

1943 1782 2008 1844 in
2048 1782 2231 1864 plaga
2270 1799 2490 1843 eorum
2525 1799 2538 1843 :
2573 1782 2638 1842 in
2680 1779 2893 1842 labore
2931 1778 3266 1841 hominum
3307 1794 3433 1839 non

359 1887 480 1942 tum
521 1879 1084 1961 comprobandum.
1129 1878 1355 1943 Sancta
1401 1886 1614 1942 autem
1661 1895 1830 1942 com·
1866 1877 1916 1940 B
1943 1888 2112 1956 sunt,
2143 1888 2209 1942 et
2252 1899 2397 1942 cum
2440 1878 2807 1942 hominibus
2850 1896 2975 1941 non
3019 1876 3433 1956 flagellabun-

361 1977 556 2041 munio
587 1985 890 2060 percepta
916 1977 996 2040 ab
1028 1977 1309 2051 homine,
1327 1976 1504 2058 fugat
1533 1977 1829 2060 spiritum

358 2075 574 2138 malum
615 2076 727 2158 qui
769 2077 837 2138 in
880 2077 1014 2139 suis
1057 2076 1292 2139 residet
1334 2075 1663 2151 membriS,
1696 2084 1830 2138 tan-

355 2193 526 2255 quam
566 2175 884 2257 quoddam
917 2192 1188 2238 exurens
1229 2174 1618 2237 incendium.
1648 2174 1831 2237 Nem-

355 2291 424 2353 pe
459 2273 574 2335 hoc
613 2274 803 2336 modo
841 2273 1118 2336 vidimus
1159 2292 1365 2355 nuper
1404 2281 1694 2335 curatum
1723 2274 1831 2335 ab·

354 2369 548 2433 batem
595 2370 1052 2446 Andronicum,
1103 2371 1389 2454 aliosque
1443 2372 1822 2453 complures

353 2468 492 2530 Nam
542 2469 842 2532 inimicus
893 2469 1226 2532 insultabit
1269 2469 1470 2551 magis
1511 2489 1584 2531 ac
1628 2470 1827 2551 magis

353 2566 610 2642 obses50,
643 2575 882 2650 quanto
911 2568 1142 2630 viderit
1172 2586 1320 2629 eum
1353 2587 1390 2629 a
1419 2567 1662 2630 coelesti
1704 2588 1831 2630 me·

353 2665 544 2728 dicina
572 2672 920 2744 remotum3
948 2673 1122 2728 tanto
1150 2666 1373 2728 durius
1404 2665 1828 2748 frequentius-

353 2781 463 2843 que
494 2763 756 2825 tentabit
777 2765 1095 2838 eumdem,
1115 2772 1352 2846 quanto
1379 2764 1650 2826 senserit
1675 2783 1824 2826 eum

355 2861 583 2944 longius
619 2862 984 2925 abdicatum
1024 2882 1063 2925 a
1097 2862 1414 2945 spirituali
1462 2864 1760 2926 remedio.

665 3152 1168 3217 CAPITULUM
1235 3151 1487 3216 XXXI.

398 3339 562 3406 Quod
584 3339 792 3394 miseri
819 3338 946 3394 sint
975 3339 1085 3410 qui
1114 3353 1236 3394 non
1265 3343 1570 3394 merentur
1598 3337 1779 3394 subdi

535 3427 964 3500 temporalibus
993 3427 1437 3484 tentationibus
1467 3429 1627 3484 istis.

477 3653 678 3716 ERUM
718 3652 810 3715 illi
854 3651 1184 3732 judicandi
1229 3659 1377 3714 sunt
1418 3671 1564 3714 vere
1610 3653 1824 3714 miseri

492 3770 565 3813 ac
606 3750 998 3814 miserabiles
1039 3750 1244 3824 valde,
1289 3751 1399 3832 qui
1451 3771 1649 3833 quum
1697 3771 1826 3814 ma-

353 3849 552 3911 culant
582 3849 955 3932 semetipsos
999 3849 1314 3912 universis
1354 3849 1732 3912 criminibus
1764 3858 1828 3912 et

353 3948 632 4029 peccatis,
673 3966 801 4011 non
849 3948 1057 4011 solum
1107 3947 1358 4010 nullum
1403 3948 1656 4030 signum
1700 3949 1828 4011 dia-

355 4044 560 4110 bolicae
607 4045 972 4128 repletionis
1023 4065 1135 4108 seu
1187 4045 1572 4108 obsessionis
1613 4046 1830 4109 visibi-

357 4143 488 4206 liter
543 4146 604 4208 in
667 4145 760 4208 eis
823 4145 1199 4217 ostenditur,
1262 4145 1371 4206 sed
1435 4163 1554 4210 nec
1617 4133 1830 4227 aliqua

1942 1985 2078 2058 tur3
2118 1986 2345 2064 utputa
2374 1978 2439 2040 in
2471 1977 2686 2039 futuro
2717 1995 2864 2038 cum
2896 1974 3291 2038 daemonibus
3322 1993 3435 2056 pu-

1939 2077 2180 2150 niendi,
2235 2076 2346 2158 qui
2397 2076 2461 2138 in
2522 2075 2816 2158 praesenti
2877 2091 3005 2136 non
3064 2080 3435 2136 meruerunt

1940 2194 2085 2237 cum
2135 2173 2503 2237 hominibus
2562 2173 2871 2254 flagellari
2922 2172 2986 2234 in
3036 2179 3202 2233 sorte
3249 2170 3436 2233 disci-

1939 2272 2129 2355 plinae
2179 2271 2483 2335 filiorum.
2537 2271 2839 2334 Jeremias
2887 2288 3140 2351 quoque
3188 2269 3266 2330 de
3315 2268 3433 2330 hac

1939 2370 2283 2454 impiorum
2335 2370 2753 2452 prosperitate
2800 2387 2945 2430 cum
2997 2366 3265 2430 Domino
3307 2365 3432 2428 dis-

1936 2478 2190 2552 putanS,
2240 2468 2474 2531 fatetur
2524 2487 2591 2530 se
2640 2468 2717 2530 de
2762 2466 3011 2548 justitia
3065 2465 3176 2527 Dei
3230 2465 3430 2527 nulla-

1935 2577 2121 2630 tenus
2171 2567 2484 2640 dubitare,
2535 2566 2803 2628 dicendo
2850 2585 2863 2629 :
2908 2566 3121 2626 Justus
3170 2563 3428 2645 quidem

1934 2686 2025 2741 οε,
2059 2667 2327 2730 Domine
2355 2667 2543 2739 DeuS‚
2576 2666 2629 2727 si
2660 2665 2979 2746 disputem
3011 2672 3243 2726 tecum.
3280 2663 3433 2726 Cau-

1935 2785 2035 2828 sas
2085 2774 2297 2827 tamen
2348 2772 2535 2827 tantae
2584 2763 3025 2845 inaequalitatis
3076 2761 3426 2843 inquirens,

1936 2864 2264 2945 subjungit
2312 2883 2325 2926 :
2367 2864 2817 2926 Verumtamen
2865 2861 3036 2941 justa
3085 2860 3305 2941 loquar
3352 2860 3430 2921 ad

1935 2970 2017 3026 te.
2045 2963 2246 3036 Quare
2277 2962 2383 3024 via
2412 2961 2753 3043 impiorum
2791 2961 3239 3042 prosperatur?
3268 2957 3432 3021 bene

1863 3058 1908 3122 G
1937 3069 2032 3124 est
2073 3060 2373 3124 omnibus
2418 3060 2529 3141 qui
2576 3058 3069 3140 praevaricantur
3110 3066 3172 3120 et
3215 3057 3433 3139 inique

1936 3162 2175 3241 agunt?
2215 3158 2513 3221 Plantasti
2554 3174 2661 3220 eos
2694 3164 2755 3219 et
2787 3156 3099 3219 miserunt
3132 3156 3431 3229 radicem,

1936 3257 2287 3342 proficiunt
2318 3263 2381 3318 et
2410 3254 2655 3318 faciunt
2685 3254 2998 3332 fructum;
3040 3271 3237 3336 prope
3268 3273 3335 3316 es
3366 3261 3435 3316 tu

1936 3355 2028 3418 ori
2089 3373 2334 3428 eorum,
2387 3362 2449 3416 et
2509 3354 2692 3434 longe
2740 3372 2777 3414 a
2822 3352 3102 3414 renibus.
3156 3353 3432 3426 Quorum

1935 3454 2186 3516 ruinam
2218 3472 2419 3535 quum
2450 3452 2757 3515 Dominus
2788 3471 2902 3534 per
2930 3451 3306 3533 Prophetam
3335 3451 3437 3513 de-

1934 3552 2142 3626 fleret,
2210 3559 2275 3614 et
2340 3551 2610 3614 sollicite
2680 3551 2961 3613 mitteret
3027 3549 3308 3613 medicos
3369 3557 3433 3613 et

1935 3652 2224 3713 doctores
2270 3651 2347 3714 ad
2394 3650 2785 3712 curationem
2831 3649 3137 3731 ipsorum,
3174 3655 3234 3710 et
3280 3666 3432 3730 quo-

1934 3750 2274 3812 dammodo
2319 3749 2613 3811 invitaret
2652 3766 2759 3810 eos
2803 3748 2880 3810 ad
2924 3748 3201 3810 similem
3252 3747 3428 3828 plan-

1936 3857 2134 3924 ctum,
2168 3867 2241 3910 ac
2281 3849 2520 3910 diceret
2557 3847 2770 3909 subito
2805 3867 2819 3911 ε
2856 3846 3095 3910 Cecidit
3123 3846 3425 3928 Babylon,

1938 3947 2209 4010 contrita
2266 3954 2405 4026 est;
2466 3945 2707 4008 ululate
2763 3966 2957 4028 super
3014 3965 3176 4020 eam,
3228 3945 3428 4008 tollite

1939 4047 2214 4109 resinam
2246 4046 2323 4107 ad
2353 4046 2635 4108 dolorem
2667 4045 2829 4127 ejuS‚
2854 4046 2907 4107 si
2939 4045 3099 4107 forte
3131 4052 3425 4107 sanetur:

1940 4145 2346 4225 desperantes
2379 4144 2455 4205 de
2489 4161 2563 4204 ea
2593 4141 2799 4224 angeli
2832 4141 3065 4223 quibus
3098 4141 3431 4204 commissa

357 4243 644 4325 condigna
685 4243 969 4318 tentatio,
1003 4262 1122 4304 nec
1165 4243 1368 4305 ullum
1411 4243 1828 4325 correptionis
1857 4239 1908 4302 D
1939 4251 2033 4306 est
2082 4261 2235 4304 cura
2281 4243 2576 4304 humanae
2626 4241 2869 4313 salutis,
2920 4240 3021 4301 -vel
3072 4247 3240 4301 certe
3287 4240 3429 4303 Pro-

357 4339 658 4422 flagellum
703 4341 1021 4423 infligitur
1062 4358 1282 4403 eorum
1327 4341 1648 4422 operibus.
1693 4342 1829 4405 Non

355 4439 512 4501 enim
547 4447 870 4503 merentur
909 4439 1271 4521 expeditam
1302 4458 1374 4501 ac
1407 4439 1678 4501 celerem
1717 4440 1832 4502 hu-

353 4535 448 4616 jus
491 4538 784 4621 temporis
831 4537 1238 4612 medicinam,
1281 4555 1554 4619 quorum
1597 4538 1832 4600 duritia

355 4643 527 4716 atque
555 4636 961 4720 impoenitens
993 4653 1103 4698 cor
1128 4636 1438 4698 excedens
1470 4654 1722 4718 poenam
1745 4636 1832 4698 vi-

356 4739 426 4795 tae
454 4735 790 4815 praesenti8‚
823 4734 1205 4797 thesaurizat
1245 4733 1629 4816 sibimetipsi
1669 4734 1827 4797 iram

355 4839 410 4892 et
437 4831 919 4915 indignationem
956 4832 1021 4894 in
1053 4833 1156 4896 die
1187 4833 1295 4896 irae
1330 4842 1389 4895 et
1424 4834 1828 4898 revelationis

317 4928 494 5009 -Justi
543 4931 768 5014 judicii
826 4931 961 5004 Dei,
1014 4931 1082 4994 in
1135 4949 1264 5013 quo
1309 4933 1547 4994 vermis
1605 4951 1825 4996 eorum

355 5045 470 5090 non
511 5031 826 5105 morietur,
859 5047 979 5091 nec
1010 5029 1174 5110 ignis
1209 5047 1430 5092 eorum
1471 5032 1828 5113 exstingue-

357 5131 466 5187 tur.
499 5127 661 5192 Unde
703 5127 1034 5192 Psalmista
1076 5127 1256 5209 quasi
1300 5128 1525 5191 anxius
1569 5137 1829 5213 propter

357 5223 712 5290 afflictiones
762 5227 1158 5300 Sanctorum,
1202 5244 1362 5308 quos
1411 5228 1570 5290 vidit
1617 5228 1828 5310 subja-

359 5339 489 5385 cere
516 5324 696 5388 variis
735 5323 1194 5388 tentationibus
1230 5332 1293 5386 et
1322 5325 1646 5401 aerumniS,
1681 5345 1826 5409 pec-

1939 4341 2129 4422 pheta
2171 4360 2249 4402 ex
2293 4357 2562 4422 persona
2599 4339 3041 4421 Apostolorum
3089 4339 3432 4421 spirituali-

1939 4458 2127 4502 umve
2158 4439 2443 4502 virorum
2474 4439 2831 4502 videntium
2862 4439 3161 4500 duritiam
3195 4439 3429 4501 mentis

1935 4544 2125 4619 atque
2174 4537 2579 4619 impoenitens
2639 4555 2749 4599 cor
2795 4554 3038 4612 eorum,
3090 4538 3429 4619 responde-

1938 4643 2086 4697 runt
2128 4655 2141 4700 ε
2188 4635 2561 4698 Curavimus
2608 4635 3016 4718 Babylonem,
3057 4643 3121 4697 et
3164 4655 3291 4698 non
3333 4644 3430 4700 est

1936 4743 2188 4812 sanata3
2222 4734 2656 4816 relinquamus
2696 4753 2858 4807 eam,
2894 4742 2952 4797 et
2985 4754 3205 4798 eamus
3240 4756 3431 4798 unus-

1935 4833 2208 4915 quisque
2238 4833 2304 4895 in
2336 4840 2566 4894 terram
2596 4852 2792 4906 suam,
2808 4834 3109 4914 quoniam
3141 4835 3431 4916 pervenit

1938 4951 2139 5014 usque
2179 4932 2259 4993 ad
2301 4932 2536 4994 coelum
2578 4931 2894 5013 judicium
2936 4931 3098 5013 ejuS,
3132 4939 3195 4995 et
3230 4933 3431 4996 eleva-

1934 5039 2072 5093 tum
2129 5037 2228 5093 est
2284 5049 2487 5112 usque
2543 5031 2621 5092 ad
2681 5029 2904 5093 nubes,
2957 5032 3046 5093 De
3098 5032 3429 5113 desperato

1935 5129 2129 5211 igitur
2164 5129 2395 5190 horum
2439 5128 2737 5208 languore
2776 5129 3059 5210 loquitur
3096 5147 3173 5192 ex
3215 5148 3427 5212 perso-

1933 5247 2014 5290 na
2043 5228 2155 5291 Dei
2187 5228 2264 5289 ad
2292 5225 2638 5290 Jerusalem
2669 5227 2859 5290 Isaias
2884 5247 2897 5291 :
2923 5227 2973 5290 A
3002 5228 3217 5310 planta
3246 5228 3427 5310 pedis

1932 5344 2136 5407 usque
2175 5326 2255 5388 ad
2284 5324 2591 5388 verticem
2632 5342 2759 5388 non
2799 5333 2895 5388 est
2933 5325 2997 5386 in
3039 5343 3117 5389 eo
3153 5325 3424 5406 sanitas3

3496 1298 3579 1342 Pe.
3600 1310 3724 1349 mxxii,

3460 1364 3547 1405 2-5.

3470 2580 3565 2624 ler.
3582 2593 3655 2632 xu,
3676 2583 3712 2623 Ι.

3480 2874 3595 2918 levid.
3614 2876 3651 2927 ί,
3672 2879 3713 2919 2.

3476 3863 3590 3909 levid.
3604 3878 3657 3917 u,
3668 3868 3710 3908 8.

3495 4657 3611 4701 Ibtd.
3637 4661 3679 4700 9.

3492 5245 3555 5290 Ie.
3581 5260 3609 5298 1,
3631 5249 3671 5289 8.
