4359 6267
867 510 948 574 46
1757 524 1836 570 nn
1877 522 2207 569 msrlrurrs
2250 522 2334 567 ss.
2368 519 2630 566 ramum.
2676 538 2757 549 —
2798 519 2971 565 mann
3010 519 3073 565 tv

871 698 948 759 ad
980 697 1179 759 finem
1209 696 1354 759 vitae
1387 697 1581 769 illius,
1615 713 1757 756 cum
1798 699 1970 754 tanta
2005 690 2363 752 humilitate
2392 688 2444 749 A
2474 696 2575 750 cet
2616 687 2858 769 lignum
2899 687 3223 749 radicibus
3262 696 3443 749 terrae
3488 685 3847 761 inhaereret,
3886 685 3983 747 le-

872 796 1125 858 inhaesit
1182 796 1450 857 senioris
1499 792 1846 876 obsequiis,
1899 798 1969 852 ut
2020 790 2160 870 ejus
2220 787 2364 851 obe-

871 893 1110 955 dientia
1137 912 1462 955 summum
1494 901 1817 974 stuporem
1859 890 2170 951 incuteret
2200 886 2358 949 seni.

872 992 990 1065 Qui
1028 991 1247 1054 volens
1288 990 1692 1053 manifestius·
1729 988 2058 1071 explorare
2095 1005 2175 1047 an
2219 984 2364 1048 obe-

871 1089 1110 1151 dientia
1159 1088 1278 1151 ista
1322 1088 1577 1151 Ioannis
1625 1086 2036 1149 descenderet
2087 1084 2165 1145 de
2215 1101 2364 1144 vera

871 1187 1000 1249 fide
1031 1195 1219 1270 atque
1250 1187 1566 1268 profunda
1594 1186 1802 1249 cordis
1832 1183 2361 1265 simplicitate,an

871 1285 1082 1367 potius
1114 1284 1266 1347 ficta
1295 1292 1460 1347 esset
1501 1292 1562 1346 et
1602 1291 1836 1358 coacta,
1872 1289 1934 1343 et
1967 1281 2173 1344 solum
2208 1298 2363 1361 prae-

868 1381 1124 1443 beretur
1171 1383 1249 1444 ad
1299 1382 1557 1444 oculum
1616 1380 2009 1462 imperantiS‚
2061 1377 2247 1459 plura
2302 1376 2361 1437 ei

869 1479 1197 1561 superflua
1226 1487 1290 1541 et
1329 1480 1541 1541 minus
1581 1478 1957 1552 necessaria,
1992 1477 2120 1539 imo
2151 1483 2213 1537 et
2246 1474 2360 1536 im-

871 1578 1222 1659 possibilia,
1259 1596 1425 1659 saepe
1478 1576 1775 1657 injunxit.
1817 1576 1908 1637 Ex
1957 1574 2193 1657 quibus
2242 1573 2384 1637 tria.-

873 1694 1126 1758 ponam,
1162 1696 1275 1757 per
1304 1696 1445 1758 quae
1476 1676 1718 1757 puritas
1749 1694 1878 1736 suae
1915 1674 2144 1735 mentis
2175 1679 2234 1733 et
2267 1672 2360 1732 in-

871 1774 1126 1855 tegritas
1187 1773 1602 1853 subjectionis
1654 1771 2043 1835 manifestari
2094 1777 2361 1852 possunt

2472 786 2537 847 vi
2579 794 2753 850 motu
2794 786 2951 848 illud
2996 785 3285 858 extraxit,
3320 784 3729 867 projectoque
3768 784 3981 865 lign0,

2474 885 2778 967 praecepit
2816 891 2887 946 ut
2928 883 3007 945 ab
3050 883 3415 965 irrigatione
3457 890 3748 946 cessaret.

2826 1137 3331 1202 CAPITULUM
3388 1137 3603 1201 XXV.

2577 1290 2663 1344 De
2701 1290 2878 1345 unico
2918 1288 3038 1344 olei
3072 1303 3213 1343 vase
3251 1304 3289 1343 a
3324 1288 3559 1344 Ioanne
3587 1287 3867 1360 projecto

2785 1379 2868 1433 ad
2894 1378 3156 1434 senioris
3184 1378 3283 1433 sui
3312 1378 3649 1450 imperium.

2478 1570 2793 1771 OUUM
2833 1575 3044 1656 itaque
3085 1573 3317 1637 talibus
3346 1575 3667 1638 exercitiis
3694 1577 3977 1640 Ioannes

2635 1673 2841 1735 adhuc
2876 1673 3133 1753 juvenis
3174 1673 3461 1735 eruditus
3492 1674 3555 1735 in
3586 1673 3977 1739 obedientiae

2471 1770 2705 1832 virtute
2755 1770 3039 1852 quotidie
3084 1778 3416 1845 cresceret,
3458 1778 3519 1833 et
3565 1772 3706 1852 ejus
3754 1772 3976 1835 humi-

870 1872 1231 1934 volentibus
1290 1891 1431 1934 eam
1491 1872 1673 1933 scire.
1736 1870 2022 1951 Sumpsit
2082 1886 2358 1949 namque
2396 1871 2443 1934 B
2474 1868 2615 1931 litas
2664 1870 3089 1931 innotesceret
3136 1869 3377 1944 multiS,
3422 1870 3763 1952 suavisque
3810 1872 3977 1935 odor

867 1989 1060 2033 senex
1091 1971 1168 2033 de
1200 1970 1465 2050 lignario
1494 1988 1610 2031 suo
1639 1969 1984 2050 virgultum
2012 1966 2182 2049 quod
2212 1965 2361 2028 olim

867 2069 1176 2143 excisum,
1215 2068 1337 2130 fuit
1379 2068 1523 2132 foco
1568 2075 1879 2149 paratum,
1923 2074 1986 2129 et
2028 2065 2360 2127 occasione

867 2167 1174 2229 coctionis
1213 2184 1341 2229 non
1381 2173 1774 2239 occurrente,
1804 2163 2055 2245 jacebat
2092 2181 2221 2225 non
2264 2179 2360 2224 so-

870 2265 1195 2327 lummodo
1242 2264 1515 2337 aridum,
1549 2263 1656 2325 sed
1702 2261 2007 2344 temporis
2049 2268 2362 2324 vetustate

867 2363 1337 2446 quodammodo
1379 2361 1827 2443 putrefactum.
1863 2361 2196 2442 Quumque
2241 2361 2361 2422 hoc

871 2462 1115 2542 lignum
1174 2478 1386 2523 coram
1442 2461 1678 2523 Ioanne
1736 2459 1984 2521 fixisset
2045 2459 2109 2520 in
2171 2466 2357 2533 terra,

868 2559 1171 2641 praecepit
1218 2559 1277 2621 ei
1330 2566 1397 2620 ut
1436 2577 1601 2640 aqua
1647 2558 1835 2620 allata
1874 2557 2030 2619 illud
2075 2556 2359 2638 quotidie

867 2657 1177 2739 irrigaret,
1211 2664 1524 2738 quatenus
1564 2655 1810 2718 diurnis
1855 2654 2233 2717 humoribus
2278 2654 2360 2715 ir-

866 2756 1141 2837 rigatum
1180 2774 1253 2817 ac
1294 2754 1668 2828 radicatum,
1701 2761 1764 2815 et
1805 2754 1869 2815 in
1909 2753 2237 2835 antiquam
2268 2773 2361 2817 ar-

867 2854 1087 2917 borem
1139 2853 1549 2928 reviviscens,
1587 2853 1914 2914 exhiberet
1963 2850 2220 2913 diffusis
2270 2870 2361 2913 ra-

868 2952 1012 3027 miS,
1083 2951 1203 3014 sub
1271 2970 1337 3013 se
1407 2950 1854 3023 residentibuS‚
1923 2950 2357 3012 amoenitatem

2470 1965 2847 2031 obedientiae
2876 1986 3005 2029 suae
3036 1986 3150 2049 per
3179 1975 3410 2029 cuncta
3438 1969 3819 2032 monasteria
3846 1970 3976 2032 dil'-

2469 2066 2871 2144 funderetur3
2896 2065 3155 2148 quidam
3177 2065 3466 2128 Fratrum
3495 2067 3809 2131 desiderio
3833 2087 3977 2150 pro-

2471 2164 2766 2239 bationiS,
2819 2164 2947 2226 imo
2996 2164 3461 2239 aedificationis,
3506 2166 3835 2229 venientes
3884 2168 3973 2229 ad

2470 2281 2711 2337 senem,
2744 2282 2945 2344 quum
2994 2261 3425 2326 obedientiam
3467 2264 3722 2327 Ioannis
3769 2284 3971 2347 quam

2469 2359 2821 2433 audierant,
2856 2359 3259 2433 mirarentur,
3292 2377 3525 2422 vocans
3564 2378 3711 2423 eum
3752 2361 3973 2425 subito

2471 2476 2682 2532 senex,
2717 2457 2877 2519 dixit
2911 2475 2925 2519 τ
2958 2456 3265 2531 Ascende,
3298 2465 3362 2519 et
3391 2458 3687 2521 deorsum
3723 2460 3971 2541 projice

2471 2574 2585 2637 per
2615 2555 2959 2618 fenestram
2990 2574 3099 2617 vas
3129 2556 3276 2631 olei,
3308 2556 3479 2638 quod
3510 2558 3719 2620 solum
3749 2566 3973 2622 nostro

2468 2660 2657 2735 atque
2718 2654 3196 2716 advenientium
3254 2654 3400 2716 usui
3458 2656 3967 2719 modicissimum

2471 2752 2790 2814 ministrat
2819 2752 3151 2834 liquorem.
3186 2752 3361 2825 Quod
3394 2753 3500 2816 ille
3529 2754 3607 2815 ad
3638 2756 3969 2836 superiora

2470 2850 2871 2912 velocissime
2913 2850 3221 2913 scandens
3264 2852 3534 2932 projecit
3569 2852 3866 2916 deorsum
3900 2863 3968 2917 et

2468 2946 2679 3029 fregit,
2712 2967 2937 3029 parum
2970 2948 3251 3028 cogitans
3285 2949 3777 3030 ineptitudinem
3810 2971 3969 3033 prae-

863 3051 1198 3113 oculorum
1236 3057 1426 3131 atque
1467 3048 1912 3111 umbraculum
1952 3048 2032 3110 ab
2071 3055 2229 3111 aestu
2268 3067 2361 3109 ca·
2396 3047 2439 3112 C
2470 3045 3038 3127 cepti,diuturnam
3066 3063 3286 3108 eorum
3318 3047 3774 3124 necessitatem,
3790 3049 3969 3112 infir-

868 3149 1094 3211 lorum.
1147 3148 1323 3221 Quod
1372 3156 1763 3229 praeceptum
1815 3147 2001 3210 solita
2048 3146 2359 3209 venerati-

865 3265 986 3310 one
1045 3247 1402 3327 suscipiens
1459 3246 1826 3309 adolescens
1883 3244 2124 3328 absque
2182 3245 2357 3308 omni

866 3344 1398 3427 impossibilitatis
1447 3343 1969 3417 consideratione,
2005 3343 2092 3405 ita
2140 3343 2361 3425 imple-

865 3444 959 3506 vit
1006 3442 1312 3525 quotidie,
1359 3450 1428 3503 ut
1468 3460 1696 3523 aquam
1748 3442 1928 3524 quasi
1979 3460 2092 3522 per
2136 3441 2360 3505 millia-

866 3542 960 3603 ria
1016 3541 1142 3604 duo
1200 3540 1632 3602 indesinenter
1687 3547 2049 3621 apportans,
2113 3539 2357 3621 lignum

865 3641 1070 3721 rigare
1110 3656 1512 3722 nequaquam
1551 3645 1824 3699 cessaret
1858 3655 1871 3699 :
1905 3638 1996 3699 sic
2035 3639 2207 3719 quod
2246 3657 2359 3719 per

864 3746 1069 3801 totum
1099 3737 1251 3800 anni
1291 3736 1571 3818 spatium
1612 3755 1728 3798 nec
1769 3736 2110 3799 infirmitas
2143 3755 2359 3819 corpo-

865 3835 975 3908 riS‚
1017 3853 1136 3897 nec
1183 3833 1547 3897 festivitatis
1585 3834 1962 3908 *solennitaffi
2003 3855 2122 3898 nec
2171 3853 2357 3898 occu-

865 3934 1036 4016 patio
1079 3933 1470 3995 necessitatis
1511 3952 1654 4013 quae
1697 3951 1843 3994 eum
1888 3941 2132 4015 poterat
2171 3953 2359 3996 excu-

864 4050 1002 4094 sare
1060 4032 1343 4103 honeste,
1395 4048 1512 4093 nec
1570 4030 1999 4094 interveniens
2051 4032 2357 4113 asperitas

863 4129 1049 4203 aeris,
1083 4129 1290 4210 potuit
1317 4147 1464 4191 eum
1497 4128 1807 4210 impedire
1836 4148 1873 4190 a
1903 4129 2146 4210 praesati
2180 4148 2356 4191 exse-

2470 3145 2756 3206 mitatem
2796 3144 3101 3226 corporiS,
3136 3145 3469 3225 penuriam
3512 3164 3961 3228 expensarum,

2470 3243 2946 3325 squalentisque
3018 3243 3218 3304 eremi
3286 3242 3701 3307 difficultates
3769 3254 3963 3328 atque

2467 3341 2789 3422 angustias
2837 3359 2850 3401 :
2904 3341 2968 3402 in
3022 3360 3168 3422 qua,
3224 3341 3417 3402 etiam
3468 3341 3521 3403 si
3576 3342 3963 3406 abundasset

2470 3439 2763 3520 pecunia,
2798 3447 3008 3501 tamen
3050 3458 3159 3501 vas
3203 3438 3321 3501 tale
3361 3438 3637 3502 inveniri
3682 3458 3806 3503 non
3850 3460 3960 3523 po-

2467 3544 2627 3599 terat
2670 3556 2785 3598 nec
2828 3536 3125 3618 reparari.

2804 3790 3306 3854 CAPITULUM
3372 3742 3621 3853 xxw.

2464 3943 2549 3997 De
2576 3940 2925 3996 obedientia
2951 3939 3219 4010 ejusdem
3247 3940 3315 3995 in
3339 3938 3627 3995 volvendo
3663 3955 3815 3997 εει-το
3844 3958 3967 3998 ma-

2567 4046 2685 4102 gno
2714 4029 2878 4102 quod
2904 4044 2943 4084 a
2968 4028 3176 4085 multis
3204 4046 3325 4085 non
3345 4034 3589 4101 poterat
3618 4032 3861 4087 moveri.

865 4227 1119 4290 cutione
1165 4227 1462 4289 mandati.
1498 4227 1833 4308 Quumque
1877 4228 2040 4290 hanc
2077 4227 2218 4308 ejus
2262 4246 2357 4289 se·
2386 4230 2437 4293 D
2605 4227 2777 4289 LlIS
2821 4245 3072 4288 rursum
3117 4225 3439 4288 Fratribus
3483 4226 3814 4290 informari
3857 4248 3965 4291 cu-

863 4325 1195 4387 dulitatem
1239 4324 1468 4387 tacitus
1516 4344 1709 4387 senex
1759 4325 2027 4387 latenter
2073 4326 2355 4406 quotidie

862 4423 1239 4505 exploraret,
1283 4422 1527 4484 videret
1573 4439 1828 4503 quoque
1878 4440 2027 4483 eum
2075 4422 2355 4505 simplici

862 4520 1070 4583 cordis
1117 4519 1353 4581 affectu
1408 4519 1672 4600 implere
1723 4540 1910 4581 suum
1963 4521 2352 4596 mandatum,

860 4627 1162 4701 tanquam
1193 4618 1272 4681 de
1304 4617 1464 4680 coelo
1494 4619 1786 4691 missum,
1810 4620 1949 4680 sine
1981 4619 2111 4680 ulla
2139 4620 2355 4683 vultus

860 4718 1212 4781 mutatione
1253 4735 1329 4778 ac
1377 4716 1638 4779 rationis
1688 4717 2124 4796 discussione3
2155 4718 2356 4782 since-

857 4833 993 4877 ram
1041 4814 1183 4894 ejus
1233 4812 1661 4875 obedientiam
1704 4812 2086 4896 approbanS,
2119 4822 2184 4876 et
2227 4824 2351 4877 tam

859 4913 1046 4993 longo
1093 4911 1232 4991 ejus
1285 4909 1485 4972 labori
1536 4912 1950 4993 compatienS,
1983 4911 2062 4973 ad
2103 4912 2354 4974 aridum

857 5010 1207 5091 virgultum
1238 5008 1568 5082 accedens,
1595 5009 1756 5071 dixit
1785 5027 1799 5071 :
1834 5010 1880 5072 Ο
1910 5012 2203 5085 Ioannes,
2239 5011 2355 5073 mi-

857 5106 1024 5168 sitne
1056 5106 1300 5187 lignum
1335 5106 1503 5167 istud
1533 5107 1833 5181 radicem,
1864 5128 1945 5171 an
1979 5110 2147 5171 non?
2178 5108 2354 5181 Quod

859 5223 1060 5285 quum
1109 5204 1217 5265 ille
1265 5204 1512 5266 nescire
1561 5223 1626 5267 se
1677 5206 2126 5287 respondisset,
2159 5225 2355 5269 senex

859 5301 1041 5382 quasi
1099 5302 1430 5364 veritatem
1490 5302 1581 5363 rei
1641 5302 1991 5383 inquirens,
2041 5322 2123 5365 an
2181 5303 2353 5365 scili-

2628 4324 2952 4406 pientibus
3014 4324 3308 4405 exemplo
3360 4324 3737 4390 obedientiae
3793 4326 3959 4407 ejuS,

2466 4441 2700 4486 vocans
2749 4441 2898 4485 eum
2944 4440 3187 4484 senex:
3222 4423 3437 4498 Curre,
3486 4424 3716 4507 inquit,
3756 4433 3821 4487 et
3867 4444 3963 4487 sa·

2466 4542 2619 4583 xum
2666 4521 2823 4583 illud
2867 4520 3049 4584 volve
3096 4520 3259 4582 istuc
3299 4521 3619 4584 velociter.
3653 4524 3769 4597 Qui
3809 4541 3960 4587 con·

2465 4620 2679 4682 festim
2710 4619 3013 4701 grandem
3056 4618 3328 4699 lapidem
3370 4620 3575 4695 illum,
3608 4640 3799 4702 quem
3838 4640 3959 4684 nec

2468 4719 2651 4781 multi
2702 4724 2993 4799 poterant
3043 4735 3317 4791 movere,
3352 4718 3698 4780 conabatur
3745 4719 3958 4781 advol-

2465 4835 2611 4879 vere
2648 4833 2661 4877 :
2694 4834 2865 4877 nunc
2905 4816 3243 4889 cervicem,
3276 4834 3449 4877 nunc
3487 4823 3690 4878 totum
3726 4834 3959 4898 corpus

2465 4933 2653 4975 suum
2692 4914 3021 4996 applicans
3063 4922 3237 4976 tanto
3275 4912 3443 4987 nisu,
3478 4922 3547 4975 ut
3588 4932 3713 4976 non
3748 4914 3955 4977 solum

2466 5011 2753 5091 irrigaret
2799 5019 2995 5073 totam
3042 5017 3283 5075 vestem
3326 5030 3507 5074 suam
3549 5013 3778 5076 sudore
3825 5030 3957 5075 om-

2463 5109 2643 5171 nium
2686 5109 3119 5172 membrorum
3166 5127 3449 5183 suorum,
3483 5110 3593 5171 sed
3632 5108 3824 5172 etiam
3871 5109 3954 5171 la-

2463 5207 2678 5288 pidem
2720 5207 2852 5269 suis
2892 5208 3287 5269 humectaret
3324 5206 3726 5284 cervicibus3
3759 5207 3825 5270 in
3852 5208 3953 5270 his

2463 5324 2689 5386 parum
2719 5305 3077 5388 ponderans
3107 5304 3687 5387 impossibilitatem
3723 5324 3967 5387 praece-.
