4359 6267
1292 503 1372 549 ΒΕ
1413 503 1742 549 ῐΝετῐτυΤῐε
1785 504 1870 549 ss.
1915 503 2176 549 ramum.
2224 520 2305 532 —
2343 504 2519 550 Lmen
2560 506 2645 550 vn
3439 486 3521 549 85

407 668 674 732 illorum
704 678 1022 735 sectantes
1053 672 1338 753 vestigia,
1357 691 1760 756 nequaquam
1791 681 1919 737 stu·
1947 673 1998 735 A

403 766 678 830 deamus
718 769 1016 853 decipere
1057 770 1480 852 nosmetipsos
1517 788 1531 833 :
1565 771 1784 851 sicque
1816 791 1920 853 pa-

401 865 570 927 riter
592 875 972 948 expetamus
995 876 1058 929 et
1078 869 1536 950 amplectamur
1557 870 1918 932 monasterii

405 962 886 1028 institutionem
947 985 1022 1029 ac
1079 966 1507 1049 disciplinam,
1563 974 1631 1028 ut
1681 985 1916 1029 renun-

403 1061 652 1125 tiemus
699 1063 854 1125 huic
905 1065 1147 1127 mundo
1188 1064 1256 1127 in
1298 1065 1605 1143 veritate;
1647 1072 1710 1126 et
1754 1065 1916 1126 nihil

403 1178 492 1221 ex
527 1160 627 1222 his
658 1181 802 1242 quae
835 1164 1338 1245 contempsimus
1373 1170 1768 1225 reservantes
1799 1171 1918 1225 tra-

401 1258 608 1321 hente
668 1276 783 1321 nos
842 1261 1118 1342 quadam
1175 1260 1578 1335 infidelitate,
1629 1262 1915 1343 acquira-

405 1376 562 1419 mus
604 1357 848 1419 victum
894 1359 1340 1440 quotidianum
1391 1358 1650 1441 proprio
1699 1376 1912 1441 opere,

401 1473 544 1517 non
587 1473 666 1518 ex
709 1457 986 1539 reposita
1028 1474 1316 1520 seorsum
1361 1457 1651 1539 pecunia.

785 1746 1294 1810 CAPITULUM
1355 1748 1542 1811 XIX.

462 1919 782 1975 Sententia
807 1922 871 1976 S.
903 1920 1133 1976 Basilii
1161 1922 1562 1979 Coesariensis
1597 1926 1870 1997 episcopi

641 2008 900 2079 prolata
927 2010 1218 2067 adversus
1245 2011 1669 2083 Syncleticum.

557 2240 667 2303 ΠΜ
712 2240 974 2322 quidam
1019 2242 1415 2325 Syncleticus
1465 2245 1746 2319 nomine,
1793 2254 1915 2308 tor-

583 2357 740 2420 pens
786 2339 1050 2421 praefato
1092 2348 1332 2423 tepore,
1372 2342 1612 2405 diceret
1655 2363 1723 2405 se
1763 2343 1913 2405 huic

397 2437 648 2499 saeculo
695 2439 1113 2513 renuntiasse,
1147 2447 1210 2501 et
1249 2448 1461 2503 tamen
1502 2437 1791 2522 quae'dam
1835 2442 1912 2503 de

399 2535 694 2616 propriis
737 2534 1149 2599 facultatibus
1196 2538 1456 2601 sibimet
1505 2546 1908 2612 reservasset,

399 2632 638 2695 nolens
673 2632 884 2696 labore
916 2653 1177 2697 suarum
1209 2655 1514 2698 manuum
1546 2639 1909 2711 sustentari,

397 2748 532 2792 nec
581 2749 798 2792 veram
859 2731 1309 2807 humilitatem,
1363 2742 1798 2816 paupertatem
1850 2744 1913 2797 et

395 2828 626 2909 operis
677 2829 1124 2892 contritionem
1182 2832 1510 2912 acquirere
1567 2834 1911 2895 monastica

395 2924 856 3006 subjectione3
888 2926 1051 2989 dixit
1078 2929 1155 2989 ad
1197 2946 1344 2989 eum
1385 2929 1444 2991 S.
1480 2929 1751 2993 Basilius
1787 2948 1801 2991 :
1836 2929 1912 2993 Et

2396 722 2897 787 CAPITULUM
2958 724 3145 787 XXI.

2240 872 2519 938 Qualiter
2556 873 2833 928 avaritia
2869 873 2953 927 sit
2988 872 3303 928 vincenda.

2166 1064 2215 1127 E
2255 1066 2377 1128 hoc
2415 1066 2695 1129 avaritiae
2736 1067 2892 1131 vitio
2934 1068 3055 1129 erit
3092 1068 3226 1130 haec
3270 1086 3522 1130 summa

2182 1164 2469 1237 victoria,
2499 1174 2973 1247 perpetuusque
3003 1166 3365 1247 triumphus
3402 1185 3415 1231 :
3452 1173 3522 1226 ut

2024 1262 2563 1342 quemadmodum
2595 1262 2849 1335 dicitur,
2877 1281 3003 1325 non
3036 1264 3361 1345 permittat
3392 1280 3521 1326 mo-

2025 1359 2267 1420 nachus
2300 1360 2604 1421 maculari
2637 1360 3091 1421 conscientiam
3124 1379 3303 1422 suam
3335 1379 3519 1422 num-

2026 1475 2131 1519 mo
2159 1456 2628 1540 quantumlibet
2661 1474 2875 1539 parvo,
2911 1458 3312 1540 Impossibile
3346 1477 3519 1520 nam-

2024 1575 2149 1637 que
2179 1563 2277 1617 est
2306 1574 2453 1618 eum
2485 1555 2596 1637 qui
2626 1556 2836 1618 victus
2864 1557 2934 1618 in
2964 1556 3190 1637 exigua
3232 1557 3516 1631 materia,

2025 1653 2559 1735 concupiscentiae
2606 1660 2667 1715 et
2719 1653 3084 1734 cupiditatis
3128 1654 3408 1717 radicem
3454 1655 3520 1717 in

2025 1768 2141 1812 suo
2181 1752 2543 1833 conceperit
2582 1752 2791 1825 corde,
2827 1769 2955 1813 non
3000 1753 3399 1815 continenter
3430 1752 3523 1813 in-

1949 1844 1997 1907 B
2027 1847 2344 1910 flammari
2377 1848 2599 1928 majori
2643 1849 2937 1912 incendio
2976 1850 3274 1913 desiderii
3316 1850 3516 1933 pravi.

2027 1946 2277 2007 Etenim
2326 1946 2567 2008 tamdiu
2620 1946 2803 2009 miles
2857 1947 3089 2010 Christi
3147 1948 3269 2010 erit
3318 1948 3523 2011 victor

2024 2051 2213 2124 atque
2262 2062 2543 2117 securus,
2589 2051 2653 2105 et
2694 2043 2776 2105 ab
2819 2044 2994 2106 omni
3037 2045 3519 2127 impugnatione

2024 2141 2392 2223 cupiditatis
2450 2142 2779 2215 immuniS,
2834 2143 3141 2224 quamdiu
3199 2144 3519 2225 nequissi-

2026 2257 2167 2301 mus
2201 2240 2317 2301 iste
2348 2239 2627 2302 avaritiae
2656 2240 2919 2322 spiritus
2950 2258 3078 2304 non
3110 2241 3522 2303 seminaverit

2025 2338 2090 2398 in
2122 2338 2310 2400 corde
2344 2337 2545 2420 ipsius
2580 2338 2762 2400 initia
2790 2339 3324 2420 concupiscentiae
3354 2339 3514 2419 ejus,

2023 2436 2417 2517 Quapropter
2465 2454 2663 2517 quum
2715 2455 2974 2499 necesse
3024 2437 3107 2498 sit
3155 2438 3221 2499 in
3271 2438 3519 2499 cunctis

2021 2534 2326 2596 vitiorum
2374 2533 2716 2615 generibus
2766 2534 3089 2598 observari
3146 2543 3336 2616 caput
3385 2553 3518 2596 ser-

2023 2632 2255 2714 pentiS,
2309 2632 2371 2693 in
2436 2632 2554 2694 hoc
2614 2640 2826 2695 tamen
2886 2642 3144 2715 peccato
3198 2633 3516 2715 praecipuc

2022 2730 2323 2793 convenit
2352 2736 2543 2811 caput
2572 2729 2711 2810 ejus
2741 2730 3109 2812 diligentius
3138 2731 3510 2812 praecaveri.

2022 2828 2198 2901 Quod
2248 2828 2300 2889 si
2348 2826 2546 2889 suerit
2594 2828 3056 2902 intromissum,
3101 2848 3177 2890 ex
3226 2847 3340 2890 sua
3387 2847 3517 2890 ma—

2021 2925 2181 2986 teria
2226 2924 2589 2999 invalescet,
2637 2933 2699 2987 et
2742 2925 3217 2987 vehementiora
3258 2924 3515 2988 sibimet

395 3030 772 3085 senatorem
815 3024 1246 3106 Syncleticum
1287 3028 1644 3108 perdidisti,
1677 3037 1740 3091 et
1784 3047 1912 3092 mo-
1945 3026 1989 3087 C
2022 3023 2357 3084 suscitabit
2414 3024 2726 3085 incendia.
2790 3024 3062 3105 ideoque
3121 3041 3249 3086 non
3307 3024 3512 3086 solum

395 3122 697 3183 nachum
741 3140 868 3184 non
911 3121 1142 3185 fecisti.

799 3382 1304 3477 CAPITULUM
1367 3414 1521 3477 xx.

548 3587 722 3653 Quod
759 3588 1226 3657 iynomim'osum
1267 3589 1350 3643 sit
1387 3588 1464 3644 ab
1503 3588 1780 3644 avaritia

1007 3679 1314 3749 superari.

485 3908 742 3981 TAQUE
789 3908 843 3970 si
894 3908 1292 3990 spiritualem
1347 3928 1615 3991 agonem
1668 3919 1908 3973 certare

513 4006 800 4087 legitime
837 4006 1158 4088 cupimus,
1201 4006 1373 4069 hunc
1417 4027 1672 4089 quoque
1714 4008 1911 4070 avari-

389 4106 512 4167 tiae
543 4104 1155 4185 perniciosissimum
1185 4105 1426 4167 hostem
1453 4123 1491 4167 a
1520 4106 1749 4167 nostris
1782 4125 1913 4169 cor-

387 4200 601 4265 dibus
648 4202 1078 4263 extrudamuS.
1123 4202 1320 4275 Quem
1367 4221 1666 4284 superare
1710 4224 1908 4285 quan·
1937 4210 1986 4270 D

388 4308 546 4361 tum
599 4317 727 4361 non
776 4318 1021 4381 magnae
1065 4299 1318 4362 virtutis
1366 4308 1484 4375 est,
1534 4307 1778 4363 tantum
1827 4302 1908 4363 ab

386 4398 634 4461 eodem
663 4396 836 4459 vinci
877 4396 1374 4478 ignominiosum
1417 4405 1512 4460 est
1540 4417 1614 4459 ac
1644 4399 1906 4480 plenum

387 4494 756 4557 dedecoris
800 4493 958 4556 Nam
1002 4495 1296 4576 quamvis
1337 4496 1420 4557 sit
1465 4496 1640 4559 labor
1683 4516 1755 4558 ac
1799 4516 1907 4578 ge-

389 4593 608 4655 mitus
637 4592 706 4653 in
735 4591 1090 4672 dejectione
1127 4600 1192 4654 et
1228 4593 1572 4656 amissione
1601 4594 1904 4669 victoriae,

389 4688 667 4773 quando
705 4688 850 4771 quis
888 4690 1168 4752 vincitur
1206 4709 1243 4751 a
1282 4698 1578 4773 potente3
1610 4692 1780 4754 victo
1819 4700 1908 4755 ta-

391 4806 556 4851 men
603 4787 809 4849 oritur
853 4787 1200 4850 consolatio
1242 4790 1530 4877 quaedam
1571 4789 1648 4851 dc
1692 4791 1910 4853 adver-

388 4886 556 4949 sarii
599 4884 847 4948 robore.
883 4886 1072 4949 Porro
1111 4886 1166 4948 si
1209 4887 1509 4949 inimicus
1541 4888 1622 4950 sit
1652 4888 1904 4963 debilis,

389 4992 468 5047 et
510 4983 881 5047 colluctatio
922 4984 1060 5066 ipsa
1099 4984 1165 5046 in
1207 5004 1274 5047 se
1315 4984 1593 5059 infirma,
1639 4986 1909 5049 infertur

389 5082 701 5145 confusio
743 5084 991 5164 turpior
1027 5090 1091 5145 et
1129 5083 1478 5164 ignominia
1514 5084 1764 5165 gravior
1803 5086 1908 5147 de-

391 5182 709 5245 trimento
747 5200 826 5243 ex
868 5182 1288 5262 prostratione
1328 5190 1567 5255 secum,
1604 5182 1769 5244 ultra
1807 5183 1909 5245 de-

389 5279 705 5363 jectionis
748 5278 1054 5342 dolorem.

2021 3121 2301 3184 cavenda
2336 3129 2434 3183 est
2473 3121 2889 3203 pecuniarum
2921 3121 3256 3204 possessi0‚
3290 3141 3513 3184 verum

2019 3219 2212 3281 etiam
2243 3219 2501 3294 affectio
2536 3219 2881 3284 voluntatis
2919 3221 2997 3283 ad
3039 3240 3142 3283 eas
3183 3221 3516 3283 extruden-

2019 3318 2099 3379 da
2127 3325 2225 3380 est
2255 3336 2513 3401 prorsus
2553 3318 2632 3381 ab
2670 3320 2905 3381 animo.
2948 3319 3084 3381 Non
3124 3326 3221 3381 est
3259 3327 3387 3380 tam
3426 3320 3517 3381 vi-

2019 3417 2249 3478 tandus
2296 3418 2578 3479 avaritiae
2627 3417 2919 3490 effectuS,
2969 3436 3162 3498 quam
3212 3417 3513 3479 radicitus

2019 3515 2447 3595 amputandus
2500 3514 2639 3593 ejus
2700 3513 2991 3577 affectus.
3046 3514 3214 3577 Nihil
3275 3514 3513 3597 quippe

2021 3613 2303 3694 proderit
2335 3612 2637 3695 pecunias
2678 3630 2804 3676 non
2845 3612 3102 3687 habere,
3138 3613 3189 3674 si
3222 3614 3513 3676 voluntas

2021 3711 2387 3793 possidendi
2430 3728 2535 3773 eas
2579 3710 2644 3772 in
2687 3711 2870 3775 nobis
2912 3711 3242 3773 exstiterit.

2368 3965 2870 4029 CAPITULUM
2934 3965 3154 4027 XXII.

2106 4112 2279 4181 Quod
2308 4114 2509 4185 possit
2544 4113 2729 4168 etiam
2768 4110 3004 4183 aliquis
3041 4128 3163 4167 non
3198 4112 3423 4168 habens

2306 4218 2499 4274 pecun
2508 4202 2626 4265 icta,
2656 4216 2883 4256 avarus
2898 4198 3207 4271 judicari.

2143 4396 2479 4459 OSSIBILE
2520 4415 2794 4479 namque
2837 4404 2935 4459 est
2976 4397 3168 4461 etiam
3207 4418 3355 4461 eum
3395 4400 3507 4482 qui

2168 4512 2295 4558 non
2346 4494 2538 4556 habet
2585 4495 2910 4577 pecuniam,
2959 4514 3361 4579 nequaquam
3410 4517 3508 4560 ca-

2015 4611 2152 4655 rere
2202 4592 2482 4655 avaritiae
2531 4592 2774 4667 morb0,
2818 4612 2935 4656 nec
2977 4594 3219 4676 aliquid
3263 4596 3323 4657 ei
3367 4615 3508 4678 pro-

2016 4691 2198 4753 desse
2245 4689 2636 4753 beneficium
2686 4692 3012 4767 nuditatiS,
3064 4691 3365 4774 quoniam
3413 4694 3505 4756 vi-

2016 4790 2176 4851 tium
2223 4789 2589 4870 cupiditatis
2634 4788 3005 4853 abscindere
3049 4809 3176 4853 non
3218 4792 3501 4856 curavit:

2017 4895 2235 4969 utpote
2293 4888 2639 4949 delectatus
2700 4886 2866 4950 bono
2925 4888 3109 4969 cujus
3167 4897 3263 4951 est
3317 4889 3382 4952 in
3430 4909 3507 4955 eo

2017 4986 2285 5068 penuria
2334 5004 2446 5048 seu
2497 4994 2858 5068 pauperum,
2911 5004 3037 5050 non
3091 4988 3317 5051 merito
3366 4990 3506 5071 ipso

2016 5084 2273 5146 virtutis
2332 5092 2693 5165 spontaneas
2753 5087 3162 5168 paupertatis,
3212 5095 3275 5148 et
3322 5089 3508 5150 susti-

2017 5202 2175 5244 nens
2219 5199 2380 5243 onus
2421 5182 2815 5243 necessitatis
2855 5200 2983 5245 non
3026 5176 3161 5245 sine
3206 5184 3506 5265 languore

2021 5298 2133 5341 scu
2173 5279 2359 5342 taedio
2400 5279 2624 5341 cordis.
2660 5278 3202 5352 Quemadmodum
3243 5301 3508 5364 evange-
