4359 6267
123 2304 430 2408 gs-pjisss,

1125 524 1542 573 COLLATmNtm
1585 526 1669 573 SS.
1705 527 1946 573 ramum
1987 527 2164 575 LIBER
2206 528 2268 574 11.
2313 546 2394 556 —
2435 528 2721 575 coLLA'rlo
2761 528 2910 576 xxw

3443 504 3564 572 415

1367 917 2164 1031 COLLATIO
2284 917 2674 1027 XXIV

1635 1160 2008 1257 (Abbatis
2045 1158 2443 1248 Abrahae)

1493 1410 1605 1462 DE
1692 1406 2527 1459 MORTIFICATIONE.

745 1733 1251 1816 CAPITULUM
1301 1748 1673 1812 PRIMUM.

458 1902 740 1971 Qualiter
765 1898 1360 1970 manifestaverimus
1391 1902 1618 1951 secreta
1646 1894 1960 1965 coqitatio-

677 2006 822 2047 num
849 1996 1199 2045 nostrarum
1226 1986 1440 2043 abbati
1470 1984 1748 2041 Abrahae.

595 2185 964 2251 ICESIMAM
996 2191 1278 2266 quartam
1313 2183 1494 2245 istam
1531 2182 1952 2253 collationem,

613 2304 756 2367 quae
795 2292 892 2345 est
927 2282 1174 2345 abbatis
1211 2281 1497 2355 Abrahae‚
1533 2280 1956 2343 describimus

459 2403 632 2446 nunc
667 2403 681 2447 :
716 2402 856 2464 quae
904 2381 1172 2465 mystice
1221 2380 1510 2460 congruit
1554 2398 1822 2441 numero
1865 2378 1956 2440 vi-

455 2483 618 2563 ginti
688 2490 958 2563 quatuor
1027 2479 1349 2543 seniorum
1420 2478 1530 2559 qui
1605 2478 1668 2539 in
1743 2485 1958 2540 sancta

123 2600 428 2656 Αροωωο.
457 2579 838 2663 Apocalypsi
886 2578 1190 2641 dicuntur
1227 2595 1488 2639 coronas
1539 2596 1682 2639 suas
1722 2574 1956 2638 offerre

453 2678 684 2757 Agn03
743 2695 885 2757 quae
947 2675 1138 2737 etiam
1192 2674 1430 2737 claudit
1491 2694 1604 2735 seu
1661 2673 1953 2735 terminat

453 2775 826 2837 traditiones
855 2792 928 2836 ac
960 2774 1250 2835 instituta
1281 2766 1570 2835 omnium
1603 2770 1948 2834 seniorum.

1987 1684 2039 1745 A
2071 1685 2455 1766 profectum,
2504 1694 2568 1748 et
2616 1689 2785 1768 quod
2834 1690 2911 1751 de
2962 1698 3171 1754 cetero
3226 1709 3354 1754 non
3401 1710 3562 1755 esse-

2071 1803 2213 1845 mus
2262 1784 2613 1866 occupandi
2670 1786 2883 1867 aliqua
2941 1787 3372 1851 sollicitudine
3430 1808 3563 1852 cor-

2069 1884 2385 1964 poralium
2430 1902 2644 1945 rerum
2684 1894 2795 1945 aut
2829 1886 3191 1967 provisione
3221 1889 3562 1951 necessarii

2067 1982 2297 2056 victus,
2332 1982 2632 2063 quoniam
2664 1984 2861 2045 nostri
2893 1993 3183 2065 parentes
3212 1988 3429 2050 omnia
3456 2006 3562 2049 ex-

2068 2080 2362 2142 hiberent
2399 2080 2584 2143 nobis
2625 2100 2770 2142 cum
2810 2083 3058 2163 gaudio,
3094 2083 3361 2166 Insuper
3388 2086 3563 2167 pavi-

2069 2198 2213 2241 mus
2242 2179 2527 2241 animum
2562 2187 2847 2242 nostrum
2882 2200 2995 2263 spe
3026 2181 3313 2244 inanium
3343 2183 3561 2264 gaudi-

2067 2278 2605 2348 orum‚creden'tes
2640 2296 2751 2340 nos
2775 2285 3181 2359 percepturos
3214 2281 3559 2343 maximum

2067 2378 2349 2439 fructum
2386 2377 2463 2438 de
2494 2377 2905 2440 conversione
2946 2379 3291 2441 multorum
3326 2381 3438 2462 qui
3469 2382 3560 2443 di-

2067 2475 2313 2556 rigendi
2357 2483 2569 2537 essent
2606 2477 2684 2537 ad
2724 2476 2893 2537 viam
2939 2477 3160 2539 salutis
3204 2485 3419 2542 nostro
3461 2498 3563 2541 ex-

2066 2573 2282 2655 emplo
2330 2592 2402 2635 ac
2447 2574 2727 2647 monitiS,
2772 2580 2907 2635 tum
2959 2583 3217 2656 propter
3263 2576 3423 2638 situs
3473 2577 3560 2640 lo-

2068 2691 2289 2735 corum
2354 2674 2417 2733 in
2480 2672 2714 2753 quibus
2776 2672 3225 2735 habitaverunt
3287 2675 3559 2755 majores

2067 2771 2287 2834 nostri.
2338 2770 2625 2833 Jucunda
2672 2788 2925 2851 quoque
2972 2771 3305 2833 amoenitas
3364 2773 3561 2853 regio-

452 2874 589 2946 Qua
635 2879 1094 2945 consummata,
1146 2872 1466 2934 credimus
1517 2890 1630 2933 nos
1681 2869 1952 2932 liberan-
1990 2872 2039 2935 B
2069 2891 2223 2932 num
2258 2869 2638 2951 pingebatur
2666 2876 2809 2931 ante
2840 2869 3057 2932 oculos
3088 2870 3335 2932 cordis:
3367 2890 3558 2952 quam

451 2973 567 3033 dos
603 2991 640 3034 a
679 2970 911 3032 debitis
960 2970 1250 3032 omnium
1298 2968 1796 3050 promissionum
1844 2987 1952 3030 no-

451 3077 746 3132 strarum.
782 3068 1049 3130 Proinde
1095 3068 1146 3129 si
1193 3068 1259 3129 hi
1303 3086 1486 3129 senes
1534 3068 1732 3129 nostri
1777 3084 1952 3129 coro-

449 3167 584 3230 nati
617 3166 854 3229 fuerint
883 3165 1084 3247 gloria
1112 3166 1330 3247 aliqua
1360 3172 1618 3246 propter
1649 3165 1949 3227 meritum

449 3284 584 3328 suae
628 3264 1087 3337 instructioniS,
1133 3263 1443 3344 subjectis
1488 3272 1636 3324 sunt
1679 3262 1952 3325 oblaturi

447 3362 769 3445 capitibus
801 3363 978 3444 Agno
1021 3362 1112 3423 illi
1151 3362 1262 3443 qui
1306 3362 1673 3423 immolatus
1715 3369 1808 3423 est
1840 3380 1953 3443 pro

447 3462 654 3523 salute
695 3461 938 3523 mundi.
974 3460 1114 3542 Ipse
1146 3460 1319 3522 enim
1353 3459 1647 3541 dignatus
1680 3467 1775 3521 est
1804 3461 1952 3522 dare

451 3559 582 3621 illis
631 3558 1010 3641 sapientiam
1059 3566 1187 3620 tam
1239 3558 1606 3631 sublimem,
1659 3564 1722 3619 et·
1770 3559 1952 3621 nobis

447 3658 990 3739 qualemcumque
1027 3674 1412 3731 sermonem,
1446 3674 1574 3737 quo
1605 3664 1776 3717 tanta
1813 3675 1953 3738 pro-

449 3756 733 3819 funditas
789 3756 1094 3818 doctrinae
1154 3754 1409 3816 illorum
1474 3755 1955 3835 depromeretur

446 3854 535 3919 ob
574 3853 854 3917 nominis
905 3853 1004 3915 sui
1056 3853 1402 3931 honorem3
1444 3858 1506 3914 et
1553 3872 1808 3915 necesse
1856 3860 1954 3914 est

451 3961 526 4016 ut
577 3952 804 4015 merita
859 3970 1198 4013 munerum
1263 3957 1668 4012 reserventur
1718 3951 1795 4012 ad
1847 3970 1955 4013 au-

2064 2977 2257 3049 gratae
2286 2975 2347 3029 et
2379 2966 2667 3048 spatiosae
2698 2967 3071 3029 solitudines
3101 2976 3312 3030 essent
3344 2969 3408 3030 in
3439 2969 3555 3041 εἰς,

2066 3068 2151 3129 ita
2201 3074 2271 3127 ut
2314 3073 2555 3127 secreta
2601 3066 2902 3126 silvarum
2956 3073 3212 3146 possent
3255 3084 3379 3129 non
3429 3075 3561 3129 tan-

2063 3174 2200 3227 tum
2255 3164 2638 3227 monachum
2688 3164 3021 3237 delectare,
3065 3164 3174 3225 sed
3213 3172 3274 3226 et
3323 3165 3560 3246 praebe·

2063 3284 2129 3326 re
2181 3262 2457 3325 maxima
2515 3261 2893 3343 compendia
2938 3262 3101 3323 vitae.
3150 3262 3297 3335 Quae
3345 3264 3562 3325 omnia

2066 3382 2263 3444 quum
2297 3361 2721 3443 panderemus
2756 3358 2889 3423 seni
2931 3360 3310 3442 simpliciter
3339 3380 3561 3425 secun-

2062 3463 2215 3524 dum
2271 3460 2466 3521 fidem
2519 3459 2923 3521 conscientian
2974 3466 3223 3532 nostrai,
3270 3459 3557 3543 fusisque

2063 3558 2346 3622 lacrimis
2380 3565 2759 3619 testaremur
2787 3576 2915 3619 non
2956 3575 3141 3639 posse
3168 3557 3300 3637 jam
3332 3559 3557 3621 tolera-

2063 3677 2130 3719 re
2164 3657 2295 3719 vim
2329 3655 2881 3737 impugnationum
2915 3656 3328 3729 istarum‚nisi
3359 3657 3557 3737 gratia

2063 3756 2174 3818 Dei
2226 3760 2625 3817 succurreret
2673 3753 2858 3816 nobis
2908 3772 3020 3835 per
3068 3754 3552 3817 instructionem

2064 3855 2306 3935 ipsius:
2332 3872 2524 3915 senex
2557 3852 2693 3933 ipse
2724 3852 2834 3913 diu
2867 3859 3079 3914 tacens
3116 3870 3189 3913 ac
3223 3852 3551 3927 differem,

2061 3962 2251 4034 atque
2296 3958 2615 4033 postremo
2658 3950 2932 4031 graviter
2980 3949 3425 4029 ingemiscenS‚
3461 3970 3554 4014 re-

449 4059 692 4113 ctorem
755 4050 1204 4112 universorum
1274 4048 1608 4121 bonorum,
1671 4049 1772 4111 cui
1833 4049 1954 4111 hoc
1986 4048 2029 4111 C
2065 4051 2339 4134 spondit.

449 4149 592 4231 ipso
640 4148 783 4230 plus
844 4146 1114 4209 debetur
1160 4164 1287 4227 quo
1336 4146 1614 4228 amplius
1663 4146 1948 4209 solvitur.

531 4247 746 4328 Itaque
782 4246 861 4308 ad
891 4245 1208 4307 Abraham
1241 4245 1438 4307 istum
1469 4245 1817 4306 detulimus
1851 4264 1957 4307 an-

449 4346 620 4407 xiam
653 4344 1203 4426 impugnationem
1235 4343 1688 4425 cogitationum
1723 4351 1957 4405 nostra-

449 4464 618 4519 rum,
645 4444 753 4525 qui
788 4442 1177 4524 quotidianis
1209 4441 1469 4506 aestibus
1501 4442 1708 4504 cordis
1740 4443 1957 4505 incita-

449 4542 680 4605 bamur
703 4542 784 4604 ad
809 4541 1216 4623 repetendam
1249 4547 1529 4603 nostram
1564 4541 1956 4621 provinciam

451 4649 642 4722 atque
671 4640 751 4703 ad
786 4640 1154 4702 revisendos
1186 4648 1498 4721 parentes,
1526 4639 1686 4701 Hinc
1716 4639 1952 4702 etenim

453 4738 833 4801 nascebatur
873 4737 1058 4799 nobis
1109 4737 1387 4800 maxima
1425 4736 1673 4799 occasio
1713 4737 1956 4799 deside·

453 4836 697 4899 riorum
758 4842 1144 4909 nostrorum,
1201 4836 1368 4916 quod
1429 4842 1600 4897 tanta
1655 4834 1960 4916 religione

455 4955 529 4997 ac
567 4935 801 5017 pietate
846 4932 1337 4996 recordabamur
1379 4940 1670 5014 parentes
1715 4941 1960 4996 nostros

462 5032 818 5116 praedictos,
874 5039 942 5092 ut
994 5050 1527 5113 praesumeremus
1575 5049 1680 5092 eos
1731 5050 1964 5112 nequa-

463 5149 656 5212 quam
703 5128 1126 5210 impedituros
1180 5129 1574 5211 propositum
1623 5136 1960 5193 nostrum:

2482 4293 2986 4357 CAPITULUM
3050 4293 3136 4356 ΙΙ.

2105 4446 2385 4514 Qualiter
2410 4442 2771 4517 patefecerit
2800 4442 2975 4498 nobis
3002 4446 3240 4497 nostros
3268 4458 3523 4498 errores.

2210 4640 2523 4703 BRAHAM
2550 4656 2563 4700 ε
2590 4638 3053 4719 Cogitationum
3086 4646 3439 4700 vestrarum
3474 4637 3564 4699 in-

2227 4738 2501 4800 firmitas
2534 4736 2753 4818 pandit
2771 4754 2884 4798 vos
2914 4736 3193 4797 nondum
3227 4735 3569 4797 renuntias·

2071 4858 2136 4900 se
2175 4834 2507 4899 desideriis
2554 4832 2798 4907 mundi,
2831 4852 2949 4895 nec
2995 4833 3293 4914 pristinas
3336 4851 3566 4895 concu-

2073 4934 2416 5018 piscentias
2449 4931 3065 4995 'mortificasseNam
3097 4931 3263 4992 sicut·
3286 4930 3570 5011 evagatio

2074 5032 2533 5096 desideriorum
2586 5037 2939 5091 vestrorum
2994 5029 3213 5109 pandit
3260 5028 3567 5091 desidiam

2077 5130 2283 5194 cordis
2332 5127 2548 5200 vestri,
2600 5126 2691 5187 sic
2743 5132 2986 5187 constat
3036 5127 3204 5206 quod
3256 5125 3389 5188 solo
3438 5144 3570 5187 cor-

466 5230 586 5291 hoc
625 5226 865 5309 jugiter
909 5226 1324 5307 recogitantes
1368 5228 1536 5309 quod
1580 5248 1656 5289 ex
1699 5228 1965 5290 assidui·
1998 5234 2046 5294 D
2080 5248 2231 5311 pore
2281 5226 2606 5288 sustinetis
2664 5225 2825 5286 hanc
2887 5223 3455 5305 peregrinationem
3507 5231 3569 5284 et

467 5335 598 5389 tate
658 5326 916 5388 illorum
988 5326 1236 5408 capturi
1302 5345 1589 5389 essemus
1656 5328 1964 5409 majorem
2075 5332 2412 5411 parentum
2452 5321 2829 5395 absentiam,
2873 5341 3062 5403 quam
3109 5320 3419 5383 debuistis
3460 5340 3568 5403 po-
