4359 6267
871 484 949 547 18
1747 506 1825 550 nr:
1868 506 2196 552 ms‘rrrurls
2240 508 2323 552 ss.
2361 507 2622 553 runnu.
2668 526 2749 535 —
2790 506 3093 554 rnoLoous

870 672 1228 753 simplicem
1282 674 1476 736 vitam
1527 676 1897 738 Sanctorum
1953 676 2250 758 simplici.
2288 695 2579 740 sermone
2631 678 2954 740 Fratribus
3004 680 3069 741 in
3120 677 3370 741 novello
3421 678 3804 742 monasterio
3853 687 3967 742 tuo

869 780 1244 859 degentibus
1284 783 1532 863 appetis
1571 783 1914 865 explanari.
1952 784 2020 846 In
2053 804 2177 866 qua
2221 804 2307 857 re,
2342 793 2657 867 quantum
2698 804 2799 847 me
2840 786 2985 867 pius
3026 786 3325 848 desiderii
3354 786 3446 847 tui
3486 786 3673 848 ardor
3711 787 3789 849 ad
3817 786 3967 849 obe-

868 887 1170 950 diendum
1219 888 1337 951 tibi
1387 890 1670 963 inclinat,
1713 898 1958 953 tantum
2012 910 2112 953 me
2156 892 2347 955 variae
2394 892 2784 955 anxietatum
2836 893 3304 975 magnitudines
3353 900 3609 956 terrent.
3653 893 3960 966 Primum,

868 995 1170 1076 quoniam
1211 997 1339 1059 vita
1384 1017 1525 1059 mea
1570 1017 1973 1080 nequaquam
2013 1000 2172 1062 tanti
2214 1008 2309 1062 est
2352 1000 2584 1074 meriti,
2620 1010 2690 1063 ut
2732 1001 3049 1064 confidam
3100 1020 3199 1063 me
3240 1020 3339 1063 res
3380 1008 3509 1062 tam
3546 1002 3796 1073 arduaS‚
3828 1008 3960 1063 tam

867 1102 1212 1184 profundas
1243 1112 1304 1165 et
1333 1113 1602 1179 sanctaS,
1635 1106 1827 1186 digno
1857 1124 2040 1188 posse
2083 1108 2272 1170 corde
2310 1108 2844 1190 comprehendere
2874 1117 2936 1170 et
2966 1108 3171 1170 effari.
3208 1109 3518 1183 Secundo,
3550 1109 3855 1191 quoniam
3884 1128 3961 1171 ea

864 1229 1006 1292 quae
1047 1229 1082 1271 a
1122 1212 1394 1292 pueritia
1438 1219 1650 1275 nostra
1698 1214 1864 1275 inter
1911 1222 2162 1277 sanctos
2213 1216 2423 1278 Patres
2473 1215 2617 1278 illos
2668 1217 3019 1290 constituti,
3061 1225 3251 1298 atque
3298 1234 3519 1278 eorum
3569 1217 3961 1298 quotidianis

864 1318 1408 1381 exhortationibus
1437 1328 1500 1382 et
1527 1322 1838 1404 exemplis
1879 1324 2160 1397 excitati,
2193 1342 2378 1405 agere
2416 1325 2826 1400 tentavimu5‚
2861 1325 2994 1387 sive
3035 1325 3377 1387 didicimus
3415 1333 3525 1387 aut
3554 1325 3697 1388 visu
3734 1343 3961 1405 cogno-

864 1425 1096 1500 vimus,
1133 1426 1374 1509 integre
1416 1430 1728 1491 recordari
1773 1448 1900 1493 non
1951 1449 2315 1513 possumuS‚
2350 1439 2439 1494 tot
2482 1432 2665 1493 annis
2710 1432 2791 1493 ab
2840 1450 3062 1495 eorum
3113 1432 3429 1494 consortio
3478 1452 3552 1494 ac
3601 1432 3957 1495 imitat-ione

862 1533 1161 1595 abstracti
1196 1554 1210 1597 :
1246 1536 1595 1616 praesertim
1637 1556 1837 1618 quum
1872 1538 2098 1599 harum
2135 1557 2348 1599 rerum
2391 1538 2615 1601 notitia
2652 1539 3013 1602 nullatenus
3044 1540 3249 1601 valeat
3282 1539 3481 1602 otiosa
3520 1540 3953 1615 meditatione,

861 1650 970 1703 aut
1013 1643 1182 1704 nuda
1225 1642 1564 1705 verborum
1608 1645 1915 1719 doctrina,
1960 1646 2144 1719 tradi,
2191 1645 2483 1726 intelligi,
2527 1654 2636 1708 aut
2681 1647 3047 1709 memoriter
3092 1647 3371 1709 retineri.
3406 1647 3633 1709 Totum
3678 1666 3955 1729 namque

861 1749 930 1811 in
973 1750 1105 1812 sola
1145 1751 1538 1831 experientia
1581 1753 1869 1814 consistit
1907 1761 1970 1815 et
2009 1772 2148 1815 usu.
2187 1754 2263 1815 Et
2305 1755 2845 1835 quemadmodum
2884 1774 3009 1817 non
3050 1755 3172 1817 nisi
3212 1753 3293 1816 ab
3351 1754 3630 1837 expertis
3672 1774 3773 1818 res
3817 1755 3955 1818 istae

860 1864 1104 1938 queunt
1146 1858 1380 1932 doceri,
1415 1857 1502 1919 ita
1543 1859 1622 1920 ab
1664 1860 1765 1922 his
1808 1867 2056 1922 tantum
2101 1869 2369 1943 possunt
2413 1861 2684 1942 intelligi
2724 1862 2834 1944 qui
2876 1862 3190 1943 condigno
3227 1862 3439 1923 studio
3475 1880 3550 1924 ac
3589 1862 3817 1924 sudore
3846 1882 3954 1925 eas

859 1965 1040 2046 sequi
1090 1983 1162 2027 ac
1210 1964 1498 2027 obtinere
1546 1966 1839 2028 nituntur
1880 1987 1892 2031 :
1935 1988 2078 2049 quae
2130 1975 2340 2029 tamen
2393 1987 2611 2030 rursus
2661 1969 2786 2031 cito
2827 1988 2941 2050 per
2988 1970 3221 2031 mentis
3270 1968 3723 2050 negligentiam
3769 1969 3954 2031 amit-

857 2080 1101 2146 tuntur,
1144 2073 1268 2134 nisi
1322 2073 1656 2137 collatione
1703 2074 1958 2137 assidua
2006 2075 2439 2157 spiritualium
2483 2077 2766 2139 virorum
2807 2077 3110 2139 discussae
3152 2075 3393 2139 fuerint
3438 2084 3502 2138 et
3542 2076 3776 2159 politae‚
3816 2076 3953 2139 sive

858 2180 1178 2261 expositae.
1231 2181 1462 2256 Terti0‚
1507 2182 1660 2265 quia
1713 2183 1774 2244 id
1829 2184 2042 2265 ipsum
2089 2184 2261 2265 quod
2309 2185 2388 2246 de
2436 2184 2757 2266 praedictis
2809 2202 3149 2267 possumus
3200 2184 3550 2259 reminisci,
3595 2201 3725 2246 non
3771 2184 3954 2265 juxta

858 2288 1233 2367 dignitatem
1268 2289 1567 2363 materiae,
1601 2291 1709 2352 sed
1742 2291 2094 2353 secundum
2127 2292 2616 2373 possibilitatem
2647 2300 2712 2354 et
2741 2300 2976 2355 statum
3008 2292 3313 2374 temporis
3348 2292 3563 2372 hujuS‚
3597 2291 3954 2374 imperitior

857 2412 1068 2457 sermo
1100 2411 1225 2456 non
1257 2396 1424 2457 valet
1452 2396 1829 2478 exprimere.
1856 2398 1990 2460 Huc
2021 2398 2286 2472 accedit,
2310 2400 2481 2480 quod
2512 2398 2634 2461 viri
2667 2398 3143 2462 conversatione
3173 2398 3474 2472 illustres,
3496 2406 3561 2459 et
3588 2398 3952 2480 eloquentia

857 2510 1046 2583 atque
1085 2502 1352 2565 scientia
1390 2502 1670 2583 gloriosi,
1707 2504 1906 2566 multa
1946 2506 2133 2568 modo
2172 2506 2481 2587 opuscula
2514 2507 2591 2568 de
2630 2506 2748 2567 ista
2787 2506 3051 2568 materia
3089 2505 3605 2587 conscripserunt
3636 2523 3652 2567 t
3686 2506 3745 2568 S.
3780 2506 3949 2568 Basi-

859 2609 1018 2672 lium
1073 2618 1134 2672 et
1186 2612 1665 2693 Hieronymum,
1717 2631 1790 2674 ac
1838 2612 1996 2675 alios
2049 2615 2359 2695 quosdam
2413 2615 2575 2676 dice.
2632 2616 2800 2677 Inter
2857 2632 3016 2697 quos
3070 2613 3359 2688 BasiliuS,
3412 2614 3947 2695 interrogantibus

857 2718 1178 2781 Fratribus
1216 2720 1293 2782 de
1324 2720 1592 2782 diversis
1625 2721 2084 2801 quaestionibus
2115 2740 2189 2784 ac
2220 2723 2493 2797 statutiS,
2525 2742 2815 2785 sermone
2855 2722 3129 2784 facundo
3166 2739 3239 2783 ac
3277 2729 3638 2784 sanctarum
3672 2722 3949 2803 Scriptu-

857 2845 1068 2888 rarum
1118 2826 1498 2889 testimoniis
1547 2828 1910 2889 abundante
1961 2830 2324 2911 respondit3
2374 2832 2794 2913 Hieronymus
2842 2848 2993 2893 vero
3042 2848 3168 2892 non
3223 2829 3431 2892 solum
3480 2847 3596 2892 suo
3645 2830 3948 2912 praeclaro

853 2934 1109 3014 ingenio
1139 2936 1497 3016 composuit
1527 2935 1743 3009 libros,
1778 2937 1886 2997 sed
1919 2943 1982 2997 et
2011 2939 2319 3019 quosdam
2352 2958 2427 2999 ex
2460 2938 2675 3001 Graeco
2704 2940 3025 3000 transtulit
3058 2938 3123 3000 in
3153 2939 3465 3000 Latinum.
3500 2939 3644 3002 Post
3674 2957 3944 3020 quorum

850 3046 980 3101 tam
1030 3038 1302 3102 facunda
1345 3048 1409 3103 et
1447 3041 1859 3103 exuberantia
1907 3043 2289 3106 documenta
2330 3064 2404 3105 ac
2454 3045 2781 3126 sapientiae
2829 3044 3102 3107 flumina
3148 3063 3401 3127 possem
3449 3063 3575 3107 non
3626 3046 3947 3109 immerito

851 3147 929 3207 de
972 3148 1467 3229 praesumptione
1511 3149 1737 3223 notari,
1773 3150 1826 3211 si
1866 3150 2146 3231 aliquam
2192 3151 2428 3213 stillam
2473 3152 2776 3215 doctrinae
2821 3160 3161 3214 'tentassem
3206 3152 3506 3233 adjicere,
3548 3152 3673 3216 nisi
3720 3173 3823 3215 me
3866 3154 3945 3215 ad

850 3255 970 3316 hoc
1013 3263 1135 3317 tuae
1179 3255 1530 3317 sanctitatis
1574 3256 1885 3319 animaret
1929 3256 2189 3332 fiducia,
2222 3266 2413 3340 atque
2459 3259 2797 3340 promissio
2839 3279 2966 3341 qua
3006 3260 3245 3333 dixisti,
3286 3260 3457 3342 quod
3505 3260 3742 3342 scripta
3783 3261 3939 3335 haec,

851 3362 1341 3443 qualiacumque
1381 3362 1610 3435 forent,
1645 3364 1764 3425 tibi
1805 3373 2017 3427 essent
2046 3373 2327 3447 accepta,
2361 3366 2461 3427 vel
2493 3386 2567 3428 ea
2597 3367 3066 3447 congregationi
3106 3368 3394 3429 Fratrum
3437 3368 3501 3429 in
3542 3368 3795 3431 novello
3834 3376 3945 3431 tuo

851 3470 1143 3533 coenobio
1175 3472 1705 3533 commorantium
1742 3472 2140 3536 solummodo
2171 3474 2507 3555 deputares
2535 3492 2548 3535 :
2577 3476 2688 3556 qui
2721 3476 2825 3556 pie
2856 3476 3085 3555 legant,
3119 3482 3182 3537 et
3213 3494 3361 3537 cum
3392 3476 3579 3539 venia
3608 3475 3941 3550 sufferant,

849 3578 902 3639 si
947 3578 1102 3659 quid
1151 3578 1364 3641 forsan
1416 3580 1630 3641 minus
1677 3588 1860 3642 caute
1904 3601 1940 3642 a
1983 3580 2169 3643 nobis
2221 3582 2537 3662 prolatum
2586 3583 2921 3656 exstiterit,
2963 3582 3163 3645 ‚fidem
3208 3583 3519 3646 sermonis
3571 3585 3695 3646 mei
3746 3586 3945 3666 magis

850 3704 1044 3767 quam
1084 3694 1480 3748 venustatem
1527 3687 1764 3769 eloquii
1811 3689 2234 3770 exquirentes
2272 3690 2684 3771 Quapropter,
2719 3690 3084 3753 beatissime
3127 3691 3381 3765 Praesul,
3415 3692 3525 3774 qui
3570 3712 3639 3754 es
3682 3693 3945 3754 unicum

850 3793 1178 3875 religionis
1209 3802 1272 3856 et
1301 3795 1682 3857 humilitatis
1722 3796 2067 3877 exemplar,
2102 3797 2229 3859 tuis
2272 3796 2569 3878 precibus
2609 3797 2949 3872 animatum,
2983 3816 3143 3881 opus
3178 3799 3347 3880 quod
3388 3799 3693 3882 injungis,
3726 3820 3947 3863 secun-

847 3901 999 3962 dum
1035 3902 1200 3963 vires
1244 3902 1481 3982 ingenii
1526 3903 1650 3964 mei
1691 3904 2055 3983 aggrediar3
2097 3913 2160 3966 et
2191 3924 2265 3967 ea
2295 3924 2435 3986 quae
2467 3924 2504 3967 a
2535 3905 3105 3987 praedecessoribus
3146 3908 3378 3970 nostris
3420 3908 3655 3970 intacta
3682 3910 3945 3973 omnino

849 4008 1069 4070 relicta
1109 4018 1278 4083 sunt,
1312 4016 1532 4090 utpote
1577 4010 1686 4091 qui
1728 4011 1943 4072 audita
1985 4011 2197 4093 potius
2228 4032 2421 4093 quam
2460 4020 2722 4094 experta
2750 4022 2812 4074 et
2842 4013 2979 4076 visa
3019 4015 3515 4097 descripserunt,
3549 4016 3691 4078 rudi
3734 4035 3947 4080 mona-

848 4117 1041 4180 sterio
1081 4124 1189 4180 tuo
1218 4125 1282 4179 et
1311 4118 1560 4179 cunctis
1599 4119 1932 4181 veritatem
1973 4120 2341 4182 sitientibus
2383 4120 2710 4183 intimabo.
2746 4121 2873 4183 Nec
2920 4122 3239 4185 mirabilia
3278 4123 3389 4185 Dei
3429 4131 3619 4207 atque
3658 4125 3947 4207 prodigia

847 4225 1127 4289 recitabo
1161 4245 1174 4290 :
1209 4245 1351 4307 quae
1392 4226 1540 4288 licet
1581 4226 1780 4287 multa
1819 4233 1880 4289 et
1912 4227 2318 4289 incredibilia
2360 4247 2473 4309 per
2512 4228 2793 4291 seniores
2833 4237 3079 4292 nostros
3120 4248 3247 4292 non
3284 4231 3488 4293 solum
3527 4232 3941 4307 audierimuS,

847 4353 1070 4395 verum
1115 4334 1308 4395 etiam
1353 4334 1628 4415 propriis
1673 4334 1876 4395 oculis
1923 4336 2445 4417 conspexerimus
2495 4335 2676 4415 fieri3
2720 4345 2933 4399 tamen
2987 4338 3430 4419 praetermissis
3474 4339 3574 4401 his
3618 4340 3941 4412 omnibus,

847 4460 988 4522 quae
1037 4449 1264 4521 praeter
1319 4440 1807 4503 admirationem
1865 4441 1958 4503 nil
2016 4443 2293 4523 amplius
2350 4443 2427 4506 ad
2494 4444 2978 4507 instructionem
3028 4446 3173 4509 vitae
3230 4446 3527 4529 perfectae
3587 4447 3945 4528 legentibus

848 4547 1205 4622 conferunt,
1249 4548 1540 4609 instituta
1583 4548 1836 4610 Patr-um
1883 4549 2212 4611 dumtaxat
2258 4552 2916 4634 monasteriorumque
2964 4554 3232 4634 regulaS,
3265 4554 3540 4635 origines
3584 4574 3841 4637 quoque
3882 4565 3963 4631 et,

846 4674 1065 4717 causas
1106 4663 1296 4737 atque
1328 4656 1686 4718 curationes
1727 4656 2179 4738 principalium
2213 4658 2540 4732 vitiorum,
2574 4680 2715 4741 quae
2755 4668 2897 4723 octo
2924 4660 3005 4721 ab
3046 4662 3139 4724 eis
3177 4662 3599 4742 assignantur,
3632 4673 3941 4746 quantum

845 4762 1113 4823 Domino
1152 4762 1493 4843 adjuvante
1536 4770 1822 4844 potuerO,
1855 4762 2135 4825 fideliter
2174 4765 2493 4846 explicare
2534 4767 2889 4829 secundum
2932 4785 3152 4830 eorum
3200 4768 3605 4832 traditionem
3646 4771 3938 4837 conabor.

842 4870 1238 4952 Propositum
1291 4870 1529 4933 etenim
1590 4889 1804 4931 meum
1855 4878 1971 4944 est,
2025 4889 2150 4934 non
2204 4872 2281 4935 de
2333 4873 2737 4937 mirabilibus
2788 4875 2921 4949 Dei,
2965 4876 3075 4937 sed
3126 4876 3203 4937 de
3254 4876 3643 4941 correctione
3694 4897 3946 4942 morum

847 4988 1208 5042 nostrorum
1243 4980 1321 5041 ad
1358 4978 1769 5041 obtinendam
1809 4978 1954 5041 vitae
2001 4980 2298 5061 perfectae
2338 4983 2949 5045 consummationem
2992 5002 3193 5065 pauca
3231 4984 3561 5060 disserere,
3594 4988 3947 5050 secundum

846 5106 922 5149 ea
970 5107 1111 5168 quae
1155 5106 1192 5147 a
1241 5086 1600 5149 senioribus
1651 5086 1884 5148 nostris
1941 5088 2329 5171 accepimus.
2386 5091 2455 5151 In
2513 5090 2633 5152 hoc
2692 5107 2947 5173 quoque
3006 5091 3368 5154 satisfacere
3426 5093 3555 5155 tuis
3614 5094 3947 5176 praeceptis

847 5194 1137 5268 studebo,
1183 5202 1253 5255 ut
1291 5194 1345 5255 si
1385 5193 1540 5275 quid
1587 5192 1750 5256 forte
1791 5194 1856 5255 in
1909 5194 2046 5257 istis
2096 5195 2463 5276 regionibus
2512 5196 2875 5259 institutum
2921 5196 3024 5260 vel
3066 5198 3456 5262 diminutum
3503 5209 3613 5263 aut
3659 5202 3947 5265 additum

850 5303 1090 5375 videro,
1115 5320 1242 5364 non
1274 5301 1627 5363 secundum
1661 5318 1902 5364 morem
1937 5302 2251 5383 maj0rum
2284 5304 2730 5386 antiquissima
2762 5306 3161 5369 institutione
3190 5307 3549 5383 fundatum,
3584 5310 3693 5371 sed
3724 5328 3946 5373 secun-
