4359 6267
156 5118 291 5166 Maseli.

1045 505 1464 553 couAnoNtm
1505 507 1591 552 SS.
1626 506 1870 552 mmm!
1911 505 2086 551 LIBER
2127 507 2191 550 11.
2237 525 2317 534 —
2357 505 2643 553 COLLATIO
2682 507 2790 552 xlx

387 689 623 756 quoque
668 677 949 738 excrevit
997 677 1166 758 apud
1207 677 1516 759 quosdam
1558 676 1746 738 noxia
1785 675 1864 738 is·
1890 673 1944 738 A
1975 675 2322 760 Scriptura,
2365 678 2737 741 Humiliavit
2776 678 3213 761 semetipsum,
3255 676 3461 740 factus
3488 685 3755 743 Philipp-n.

386 779 442 832 ta
492 773 792 843 remissio,
839 783 908 836 ut
956 784 1134 838 aceto
1185 777 1537 857 muriaeque
1586 775 1864 857 permix-

387 869 460 931 tis
497 889 620 934 non
661 873 965 936 misceant
1006 874 1179 935 illam
1223 893 1416 936 unam
1455 873 1576 936 olei
1617 881 1860 954 guttam

384 986 564 1048 quam
620 971 1112 1052 praedecessores
1167 973 1392 1046 nostri,
1453 972 1563 1054 qui
1626 971 1862 1052 majore

383 1066 604 1130 virtute
643 1068 1042 1133 abstinentiae
1081 1071 1302 1132 sectati
1345 1077 1494 1133 sunt
1532 1070 1730 1132 eremi
1772 1069 1864 1130 in-

381 1164 609 1240 stituta,
641 1168 716 1229 ad
747 1169 1181 1251 repellendam
1211 1170 1482 1250 gloriam
1513 1188 1741 1232 vanam
1774 1168 1864 1230 in-

379 1262 634 1327 fundere
699 1276 1190 1342 consueverunt‚
1262 1268 1373 1331 sed
1443 1266 1861 1348 infringentes

379 1361 800 1444 ,Egyptiacum
849 1385 1107 1428 caseum
1161 1384 1276 1449 pro
1324 1367 1588 1439 salibuS,
1643 1385 1860 1447 super-

381 1458 636 1523 fundant
682 1463 826 1544 plus
875 1464 999 1526 olei
1050 1484 1242 1546 quam
1293 1473 1596 1547 oportet3
1642 1463 1862 1546 sicque

381 1559 690 1640 accipiunt
729 1562 851 1624 sub
901 1563 1325 1627 oblectatione
1371 1564 1560 1626 unius
1603 1563 1730 1624 cibi
1773 1571 1862 1624 at-

382 1677 497 1739 que
539 1661 800 1741 saporiS,
834 1662 994 1725 duos
1035 1662 1214 1726 cibos
1259 1663 1514 1744 propria
1553 1661 1862 1724 suavitate

381 1757 692 1832 distanteS‚
738 1760 851 1842 qui
897 1760 1164 1824 reficere
1209 1761 1552 1824 monachos
1605 1766 1862 1841 possent

381 1855 689 1936 sigillatim
749 1858 1130 1942 diversoque
1189 1867 1494 1942 tempore.
1559 1859 1862 1920 Praeterea
1898 1856 1945 1919 B

379 1953 503 2015 haec
541 1956 985 2038 temporalium
1029 1977 1242 2020 rerum
1288 1957 1604 2040 possessio
1635 1957 1700 2018 in
1731 1963 1862 2017 tan-

383 2059 506 2114 tum
552 2055 851 2129 excrevit,
896 2065 968 2119 ut
1007 2057 1404 2119 anachoretae
1443 2055 1754 2138 coeperint
1795 2055 1860 2116 in

379 2150 618 2214 cellulis
673 2152 806 2214 suis
864 2152 1098 2214 habere
1147 2153 1339 2216 etiam
1391 2172 1611 2234 sagum
1661 2152 1859 2234 (quod

379 2248 508 2312 sine
547 2251 930 2313 verecundia
967 2251 1204 2314 referre
1246 2270 1372 2314 non
1413 2251 1702 2333 possum)
1740 2250 1861 2311 sub

381 2348 580 2410 colore
620 2349 1036 2412 humanitatis
1079 2348 1632 2432 susceptionisque
1675 2349 1860 2411 adve-

379 2447 681 2510 nientium
723 2468 737 2511 :
783 2458 853 2510 ut
890 2449 1001 2511 illa
1039 2457 1407 2531 praeteream
1451 2448 1686 2531 quibus
1725 2465 1860 2528 gra-

379 2553 551 2607 vatur
606 2548 817 2609 anima
881 2546 1286 2610 admirationi
1355 2554 1416 2609 et
1475 2545 1861 2628 contempla·

379 2642 524 2706 tioni
593 2665 842 2728 semper
902 2647 1165 2720 intenta,
1219 2646 1514 2708 videlicet
1575 2646 1861 2706 Fratrum

379 2762 733 2818 concursus,
795 2745 1016 2809 officia
1069 2745 1495 2828 susceptionis
1554 2751 1616 2806 et
1669 2744 1863 2806 dedu·

378 2843 616 2918 ctioniS‚
637 2852 890 2906 mutuas
914 2844 1334 2916 visitationes,
1357 2841 1862 2905 interminabiles

377 2958 550 3004 curas
580 2941 975 3005 diversarum
1007 2941 1474 3004 fabulationum
1503 2948 1567 3004 et
1595 2959 1864 3023 occupa-

379 3039 652 3120 tionum3
683 3060 958 3124 quarum
996 3041 1386 3124 exspectatio
1418 3060 1498 3103 ex
1530 3041 1862 3103 assiduita-
1901 3042 1944 3104 C

377 3145 434 3199 te
471 3139 1042 3202 consuetudinariae
1076 3139 1540 3220 inquietudinis
1570 3139 1863 3201 distrahit

375 3235 676 3310 animum,
707 3238 901 3300 etiam
952 3246 1104 3300 tunc
1143 3238 1399 3321 quando
1439 3236 1861 3320 impedimen-

383 3340 438 3395 ta
491 3335 610 3397 ista
665 3336 998 3398 actualiter
1047 3345 1314 3398 cessant.
1369 3337 1600 3418 Sicque
1657 3336 1736 3397 fit
1793 3344 1862 3398 ut

377 3434 810 3496 anachoretica
853 3435 965 3496 illa
1007 3434 1267 3496 libertas
1310 3434 1678 3514 hujusmodi
1726 3435 1862 3496 vin-

375 3532 530 3595 culis
581 3533 908 3615 impedita,
962 3552 1363 3615 nequaquam
1421 3533 1736 3615 pertingat
1784 3534 1861 3594 ad

375 3630 761 3694 ineffabilem
803 3631 1012 3694 cordis
1051 3631 1442 3693 alacritatem
1475 3652 1489 3695 :
1527 3631 1654 3694 imo
1683 3631 1864 3694 amit-

377 3737 458 3790 tat
499 3749 833 3792 ascensum
876 3748 950 3792 ac
1000 3728 1281 3791 fructum
1329 3729 1671 3792 eremiticae
1722 3748 1863 3813 pro-

374 3827 680 3892 fessionis,
734 3829 850 3903 Qui
899 3828 1146 3890 fructus
1196 3829 1250 3890 si
1301 3828 1459 3890 mihi
1501 3829 1564 3890 in
1605 3846 1864 3910 congre-

372 3927 616 4007 gatione
660 3927 1008 3990 constituto
1059 3944 1188 3989 non
1229 3927 1435 4001 detur,
1481 3935 1694 3989 tamen
1736 3945 1863 3990 non

376 4025 632 4087 deerunt
663 4025 823 4087 mihi
853 4025 1038 4106 quies
1077 4025 1306 4087 animae
1345 4032 1404 4086 et
1447 4025 1656 4088 cordis
1697 4033 1864 4087 tran-

376 4123 650 4204 quillitas
702 4123 783 4186 ab
840 4122 1156 4185 universis
1208 4122 1737 4205 occupationibus
1790 4123 1863 4185 li-

3346 484 3468 554 359

1972 774 2275 837 obediens
2335 795 2536 858 usque
2593 777 2668 839 ad
2733 784 3049 854 mortem3
3093 794 3460 856 merearque
3490 751 3532 792 ⁸·

1973 874 2303 936 humiliter
2351 875 2562 937 dicere
2612 875 2826 938 verbis
2876 875 3048 937 illius
3083 892 3097 937 ε
3132 875 3287 948 Quia
3334 892 3460 936 non
3491 882 3757 988 3{ocant-w,

1971 972 2118 1034 veni
2178 971 2385 1035 facere
2432 974 2823 1036 voluntatem
2878 992 3103 1046 meam,
3154 974 3264 1036 sed
3322 972 3461 1053 ejus

1974 1071 2081 1152 qui
2129 1071 2304 1134 misit
2350 1090 2469 1133 me.

2356 1327 2860 1391 CAPITULUM
2923 1329 3071 1392 VII.

2047 1475 2460 1546 Interroyatio
2488 1476 2561 1532 de
2587 1477 2800 1550 fructu
2828 1477 3187 1533 solitudinis
3215 1483 3397 1551 atque

2580 1567 2861 1623 caenobii.

2117 1764 2477 1828 ERMANUS
2521 1783 2534 1827 t
2578 1766 2783 1839 Quum
2829 1764 3239 1828 manifestum
3282 1765 3365 1827 sit
3407 1774 3467 1828 te

2136 1863 2497 1925 ascendisse
2527 1882 2653 1926 non
2685 1864 2891 1926 solum
2923 1865 3241 1947 principia
3268 1864 3468 1926 instar

1977 1960 2345 2034 multorum,
2397 1962 2506 2023 sed
2555 1970 2617 2023 et
2665 1960 2917 2043 fastigia
2968 1982 3078 2025 seu
3130 1963 3464 2044 perfectio-

1971 2077 2120 2121 nem
2149 2059 2481 2141 utriusque
2511 2059 2941 2142 professioniS,
2968 2068 3261 2142 optamus
3291 2079 3468 2142 agno-

1971 2175 2146 2218 scere
2186 2158 2331 2240 quis
2370 2159 2452 2220 sit
2490 2157 2643 2221 finis
2681 2159 2961 2222 eremitae
2999 2178 3072 2221 ac
3112 2159 3304 2221 etiam
3346 2177 3467 2222 coe·

1971 2254 2225 2318 nobitae.
2280 2255 2437 2317 Nam
2489 2256 2789 2319 omnibus
2842 2265 3086 2320 constat
3140 2259 3462 2320 neminem

1973 2372 2156 2436 posse
2192 2354 2271 2416 de
2310 2355 2409 2416 his
2452 2355 2703 2437 plenius
2747 2355 3134 2439 fideliusque
3176 2363 3462 2430 tractare,

1971 2470 2164 2533 quam
2215 2452 2397 2514 illum
2441 2453 2551 2535 qui
2603 2454 2789 2535 longo
2839 2475 2958 2517 usu
3006 2463 3069 2517 et
3118 2474 3230 2538 per
3278 2473 3465 2537 expe-

1971 2551 2267 2612 rientiam
2311 2560 2690 2615 consecutus
2739 2560 2833 2615 est
2884 2561 3217 2635 utramque
3261 2554 3465 2637 perfe-

1973 2650 2273 2724 ctionem,
2330 2659 2589 2735 propter
2646 2653 2816 2734 quod
2880 2653 3201 2716 insinuare
3261 2661 3467 2736 potest

1974 2750 2386 2813 instructione
2424 2752 2703 2814 veridica
2745 2750 2945 2814 finem
2989 2771 3063 2814 ac
3106 2752 3333 2814 merita
3371 2771 3468 2815 ea-

1973 2850 2287 2912 rumdem.

2345 3100 2849 3164 CAPITULUM
2914 3099 3097 3163 VIII.

2009 3241 2340 3312 Responsio
2370 3240 2453 3296 ad
2480 3240 3022 3310 interroqationem
3047 3240 3427 3310 praedictam.

2069 3435 2371 3499 OANNES
2419 3455 2433 3498 ε
2477 3434 2779 3497 Absolute
2828 3435 3039 3498 dicere
3091 3435 3462 3518 potuissem,

2089 3553 2287 3595 unum
2330 3542 2391 3595 et.
2429 3533 2727 3595 eumdem
2758 3534 3087 3597 hominem
3118 3553 3245 3597 non
3278 3553 3463 3617 posse

1973 3651 2112 3694 esse
2144 3631 2499 3715 perfectum
2531 3633 2596 3694 in
2628 3641 2893 3714 utraque
2925 3632 3342 3714 professione,
3378 3634 3469 3696 ni-

1975 3728 2027 3790 si
2067 3729 2433 3810 exemplum
2466 3728 2646 3790 valde
2688 3746 3032 3810 paucorum
3080 3749 3179 3792 me
3218 3749 3469 3794 revoca-

1975 3836 2088 3891 ret.
2143 3829 2435 3908 Magnum
2485 3827 2725 3910 quippe
2773 3834 2871 3888 est
2921 3828 3277 3911 perfectum
3326 3848 3465 3892 esse

1975 3926 2042 3987 in
2088 3944 2213 3987 una
2256 3942 2658 4007 quacumque
2701 3944 2942 3998 earum,
2983 3935 3220 4007 quanto
3265 3929 3465 4009 magis

1974 4025 2245 4086 arduum
2285 4031 2402 4096 est,
2444 4031 2507 4084 et.
2546 4023 2725 4105 quasi
2768 4023 3188 4105 impossibile,
3222 4043 3359 4088 esse
3400 4026 3465 4088 in

1974 4120 2285 4185 ambabus
2329 4121 2725 4205 perfectum?
2770 4121 2943 4195 Quod
2987 4121 3041 4183 si
3086 4123 3466 4206 quandoque

377 4221 521 4284 bera
567 4243 579 4285 :
630 4242 773 4304 quae
821 4221 946 4284 nisi
993 4220 1156 4283 adsit
1205 4221 1746 4284 commorantibus
1797 4221 1862 4283 in
1896 4225 1943 4286 D
1975 4220 2280 4292 evenerit,
2313 4237 2439 4282 non
2469 4219 2683 4281 statim
2713 4218 3085 4281 trahendum
3115 4227 3211 4282 est
3239 4220 3314 4282 ad
3348 4219 3470 4283 for-

374 4321 730 4394 solitudine‚
777 4318 1186 4382 sustinebunt.
1230 4319 1476 4382 labores
1526 4320 1862 4382 anachore-

373 4420 478 4493 εἰς,
530 4421 639 4483 sed
697 4418 1163 4482 fraudabuntur
1212 4418 1424 4480 fructu
1478 4419 1700 4501 ipsiuS,
1753 4419 1860 4501 qui

375 4536 496 4581 non
539 4519 893 4601 acquiritur
931 4517 1052 4579 nisi
1097 4525 1307 4579 mente
1351 4516 1584 4599 quieta.
1629 4517 1866 4579 Postre-

377 4636 477 4680 mo
505 4617 556 4680 si
591 4618 747 4700 quid
778 4618 856 4679 de
886 4617 1330 4679 anachoretica
1364 4617 1636 4697 puritate
1675 4614 1867 4678 fuerit

375 4716 764 4779 subtractum
828 4715 985 4777 mihi
1047 4716 1111 4776 in
1172 4713 1466 4777 coenobio
1535 4714 1862 4788 collocato,

377 4823 706 4879 contentus
743 4832 854 4876 ero
888 4813 1261 4895 impletione
1301 4813 1648 4894 evangelici
1695 4812 1866 4875 illius

381 4915 696 4998 praecepti,
721 4914 890 4996 quod
924 4921 1170 4976 certum
1203 4921 1296 4974 est
1326 4930 1451 4975 non
1485 4929 1669 4994 posse
1704 4921 1869 4993 post·

380 5015 524 5094 poni
555 5012 856 5076 omnibus
889 5012 1017 5074 illis
1048 5011 1364 5073 fructibus
1395 5010 1615 5083 eremi,
1651 5017 1717 5070 ut
1748 5011 1868 5072 sci-

304 5139 353 5176 n.
383 5113 524 5175 licet
562 5112 722 5174 nihil
771 5111 847 5173 de
900 5110 1177 5174 crastino
1217 5110 1512 5191 cogitem,
1556 5117 1618 5170 et
1669 5128 1870 5190 usque

378 5211 454 5274 ad
497 5211 696 5274 finem
740 5210 886 5273 vitae
932 5229 1088 5272 meae
1130 5208 1342 5270 abbati
1387 5207 1738 5288 subjectuS‚
1778 5208 1869 5270 vi-

381 5310 526 5372 dear
565 5309 750 5370 illum
799 5307 1161 5391 aliqualiter
1208 5306 1466 5381 imitari,
1510 5304 1620 5388 qui
1666 5312 1736 5367 ut
1782 5307 1871 5368 ait

1977 4338 2144 4381 mam
2203 4337 2315 4380 seu
2377 4319 2795 4381 imitationem
2854 4336 3312 4398 communem3
3357 4321 3467 4382 sed

1977 4419 2355 4481 universalis
2388 4418 2603 4499 regula
2631 4417 2935 4481 trahenda
2974 4426 3069 4481 est
3100 4438 3174 4481 ex
3208 4419 3286 4482 iis
3325 4438 3468 4501 quae

1975 4517 2310 4598 subjacent
2347 4517 2629 4580 facultati
2665 4517 3035 4591 multorum,
3072 4518 3198 4580 imo
3236 4525 3298 4579 et
3339 4536 3469 4581 om·

1977 4617 2176 4679 nium.
2230 4616 2420 4679 Porro
2477 4615 2530 4677 si
2589 4615 2804 4697 aliqua
2861 4616 3229 4678 obtinentur
3287 4617 3472 4679 raris-

1975 4718 2158 4791 sime,
2207 4723 2270 4778 et
2311 4734 2439 4778 non
2484 4715 2608 4778 nisi
2651 4735 2687 4778 a
2732 4716 3158 4798 paucissimiS,
3205 4716 3473 4798 possibi-

1925 4837 1934 4849 ·
1978 4815 2347 4895 litatemque
2404 4813 2719 4875 excedunt
2776 4814 3135 4877 communis
3189 4813 3466 4889 virtutis,

1978 4911 2424 4995 sequestranda
2453 4932 2489 4973 a
2512 4911 2911 4992 generalibus
2942 4919 3087 4973 sunt
3115 4913 3468 4995 praeceptiS,

1979 5019 2041 5074 et
2072 5011 2393 5074 recitanda
2423 5027 2538 5092 pro
2570 5010 2875 5072 miraculo
2906 5010 3107 5091 magis
3137 5029 3324 5092 quam
3356 5029 3471 5093 pro

1979 5109 2291 5190 exemplo.
2329 5109 2569 5170 Idcirco
2608 5108 2789 5188 juxta
2833 5108 3332 5171 mediocritatem
3380 5110 3471 5172 in-

1979 5207 2271 5270 tellectus
2332 5205 2456 5266 mei
2512 5203 2907 5286 respondebo
2959 5205 3035 5266 ad
3089 5204 3242 5266 illud
3299 5207 3468 5287 quod

1980 5304 2285 5389 quaeritis.
