4359 6267
533 1432 711 1478 Manli.
724 1447 798 1485 vu,

528 2315 794 2370 flammo.

573 3694 760 3740 Ibidem.

565 4086 701 4129 Pruv.
718 4099 805 4138 xvi,

538 4151 605 4198 26,
644 4149 766 4203 juxta

540 4211 659 4255 Lxx.

820 448 940 513 430

1480 466 1897 514 COLLATIONUM
1939 467 2025 512 SS.
2059 466 2306 512 lunum
2346 464 2522 511 mmm
2564 466 2625 511 11.
2672 483 2755 493 —
2798 464 3085 512 cumano
3124 465 3273 512 xxlv

771 700 784 711 ,
826 655 1232 719 quocumque
1276 636 1542 718 ingressi
1586 636 1860 712 fueritiS,
1899 636 2140 719 absque
2181 635 2317 699 ullo
2347 632 2400 696 Α
2430 642 2649 698 sancto
2696 652 2860 709 meo,
2902 643 2967 697 et
3011 634 3473 715 glorificaveris
3515 636 3717 697 Deum
3765 635 3925 697 dum

826 735 1277 799 sollicitudinis
1326 742 1552 799 vestrae
1600 735 1812 798 labore
1859 754 1874 800 ε
1926 736 2036 818 qui
2087 753 2200 797 vos
2248 742 2319 796 ut

827 834 1116 915 proprios
1181 834 1470 897 dominos
1540 834 1869 896 humiliter
1934 833 2315 915 suscipiunt,

824 932 1318 1013 amplectuntur,
1370 932 1587 995 fovent
1635 939 1698 993 et
1745 939 2130 995 venerantur
2186 932 2319 992 suis

824 1029 1170 1111 obsequiis,
1224 1030 1375 1104 Hoc,
1428 1030 1712 1111 inquam,
1769 1029 2124 1092 ministerio
2182 1047 2321 1111 per·

824 1126 1128 1189 fruuntur
1175 1127 1592 1200 confidenter,
1639 1128 1749 1211 qui
1801 1128 1978 1210 prius
2027 1127 2321 1190 subdide-

825 1232 976 1287 runt
1004 1226 1359 1288 voluntaria
1399 1226 1732 1289 devotione
1771 1245 1839 1289 se
1879 1227 2051 1307 ipsos
2089 1234 2153 1288 et
2190 1243 2321 1288 om-

827 1323 934 1385 nia
972 1343 1086 1386 sua
1125 1324 1190 1385 in
1231 1324 1539 1406 obsequia
1575 1325 1864 1387 Fratrum
1899 1343 1912 1387 :
1954 1344 2103 1387 nam
2140 1325 2322 1405 juxta

827 1422 1206 1483 sententiam
1246 1422 1522 1497 Domini,
1555 1422 1874 1504 recipiunt
1914 1422 2111 1485 libere
2151 1422 2320 1503 quod

827 1517 970 1581 aliis
1003 1519 1471 1601 impenderunt.
1506 1520 1696 1583 Porro
1725 1520 1835 1602 qui
1867 1520 1987 1583 ista
2017 1520 2160 1582 aliis
2193 1537 2320 1583 non

830 1617 1164 1698 impendit,
1197 1637 1324 1699 qua
1362 1618 1601 1681 ratione
1633 1619 1949 1700 promittit
1979 1618 2102 1681 sibi
2136 1637 2211 1681 ea
2238 1617 2319 1680 ab

825 1715 968 1777 aliis
1013 1715 1322 1790 exhiberi,
1365 1736 1564 1798 quum
1608 1716 1918 1797 intelligat
1961 1736 2028 1779 se
2071 1716 2320 1797 gravari

2428 750 2556 796 non
2596 732 2755 796 facis
2800 734 2935 796 vias
2976 740 3139 809 tuaS,
3170 740 3234 796 et
3277 750 3405 796 non
3454 733 3778 796 invenitur
3816 750 3928 796 vo-

2428 829 2639 893 luntas
2674 838 2782 893 tua
2819 838 2890 892 ut
2920 830 3197 912 loquaris
3235 848 3619 905 sermonem,
3650 837 3770 893 etc.
3804 830 3925 894 Cui

2430 936 2667 1009 quanta
2708 928 3034 992 beatitudo
3076 930 3374 992 reddetur
3414 928 3749 1011 subjungit
3777 929 3925 991 Pro-

2431 1028 2641 1109 pheta,
2684 1027 2953 1090 dicendo
2996 1045 3010 1089 ε
3053 1028 3227 1090 Tunc
3269 1027 3685 1090 delectaberis
3730 1045 3928 1109 super
3958 1040 4338 1093 te.1.vm‚u..

2431 1125 2795 1201 Dominum,
2828 1135 2892 1188 et
2936 1127 3264 1189 sustollam
3311 1134 3369 1189 te
3412 1145 3606 1208 super
3646 1126 3928 1189 altitudi-

2431 1243 2578 1286 nem
2628 1232 2832 1299 terrae,
2865 1231 2929 1286 et
2972 1224 3199 1288 cibabo
3242 1232 3304 1286 te
3343 1224 3693 1287 hereditate
3731 1224 3927 1287 Jacob

2432 1324 2629 1404 patris
2671 1322 2803 1402 tui;
2843 1340 2913 1385 os
2957 1324 3131 1386 enim
3174 1322 3425 1386 Domini
3477 1324 3761 1387 locutum
3803 1330 3921 1385 est.

2430 1418 2592 1480 Hinc
2630 1419 2937 1483 Dominus
2976 1427 3040 1483 et
3079 1420 3382 1497 Salvator,
3414 1428 3485 1482 ut
3523 1421 3703 1483 daret
3738 1420 3926 1483 nobis

2431 1515 2704 1580 formam
2733 1519 3135 1600 propriarum
3165 1520 3566 1582 voluntatum
3596 1526 3930 1600 amputan-

2432 1614 2679 1689 darum,
2712 1615 2944 1679 fatetur
2978 1636 2991 1681 :
3024 1616 3161 1679 Non
3200 1617 3345 1680 veni
3388 1616 3599 1679 facere
3641 1617 3930 1680 volunta·
3988 1627 4217 1673 Jmn.
4242 1641 4331 1677 w.

2432 1719 2561 1774 tem
2603 1732 2833 1787 meam,
2866 1715 2977 1777 sed
3006 1714 3400 1777 voluntatem
3428 1714 3569 1796 ejus
3599 1714 3711 1796 qui
3750 1714 3931 1776 misit
3959 1694 4041 1735 ⁸⁸·

825 1830 1046 1875 eorum
1075 1813 1400 1895 obsequiis
1441 1815 1652 1896 potius
1683 1832 1874 1897 quam
1911 1814 2134 1889 foveri,
2168 1815 2321 1896 quia
2356 1806 2403 1869 B
2436 1829 2573 1889 me3
2618 1819 2682 1873 et
2723 1812 2954 1874 iterum
2996 1830 3009 1874 :
3049 1812 3187 1875 Non
3236 1812 3404 1874 sicut
3444 1828 3561 1893 ego
3602 1812 3781 1886 vole,
3812 1813 3929 1875 sed
4022 1824 4277 1867 Matth-

827 1911 1026 1991 magis
1073 1912 1212 1973 vult
1258 1912 1549 1994 accipere
1607 1911 1985 1974 famulatum
2032 1914 2320 1975 Fratrum

825 2026 1017 2089 quam
1061 2009 1366 2071 redderet

906 2106 1355 2168 Verumtamen
1404 2106 1715 2189 percipiet
1763 2108 1978 2169 omnia
2027 2108 2146 2170 ista
2194 2126 2321 2171 non

829 2219 977 2263 cum
1022 2202 1211 2265 inerti
1249 2204 1668 2267 delectatione
1709 2212 1818 2267 aut
1857 2204 2195 2267 securitate
2233 2222 2326 2264 re-

827 2300 1044 2377 missa,
1064 2304 1175 2365 sed
1207 2321 1354 2365 cum
1386 2302 1959 2385 persecutionibus,
1979 2302 2161 2384 juxta
2190 2320 2327 2363 sen-

826 2400 1092 2462 tentiam
1137 2400 1500 2476 SalvatoriS,
1546 2402 1610 2463 id
1653 2408 1770 2475 est,
1814 2420 1960 2463 cum
2005 2399 2322 2483 pressuris

825 2499 1048 2560 mundi
1081 2506 1145 2561 et
1173 2500 1442 2562 summis
1473 2500 1816 2581 angoribus
1853 2499 2320 2578 afflictionum;

527 2610 791 2729 fanmfffixff'
823 2596 976 2676 quia
1020 2606 1090 2660 ut
1128 2597 1424 2662 Salomon
1475 2605 1859 2680 protestatur
1892 2615 1905 2659 :
1941 2598 2058 2672 Qui
2108 2597 2322 2660 suavis

527 2734 646 2779 Lxx.

531 2806 796 2913 ganan,
823 2814 1020 2876 gnum
1066 2795 1241 2857 enim
1286 2794 1592 2857 coelorum
1644 2794 1964 2876 recipiunt
2006 2794 2270 2857 violenti
2304 2814 2317 2857 ε

824 2702 887 2757 et
936 2696 1074 2759 sine
1132 2696 1348 2759 dolore
1395 2703 1512 2771 est,
1566 2696 1633 2759 in
1683 2704 1958 2777 egestate
2017 2696 2157 2759 erit.
2210 2696 2323 2758 Re-

825 2910 954 2956 non
1002 2893 1272 2966 desideS,
1315 2892 1589 2966 remissi,
1636 2892 1887 2955 delicati
1937 2899 2047 2955 aut
2093 2892 2316 2955 teneri.

2431 1910 2597 1971 Sicut
2646 1918 2733 1972 tu·
2787 1912 2984 1985 Quam
3030 1911 3337 1974 virtutem
3395 1911 3755 1993 specialiter
3812 1911 3930 1974 im·
3957 1900 4097 1938 “w'
4140 1890 4245 1929 ³⁹·

2431 2008 2631 2089 plent,
2675 2009 2785 2091 qui
2837 2009 2904 2071 in
2949 2009 3257 2072 coenobiis
3301 2017 3787 2084 commoranteS,
3828 2029 3927 2073 re-

2431 2115 2668 2187 guntur
2712 2107 2983 2190 imperio
3020 2107 3289 2170 senioris
3324 2128 3337 2173 :
3373 2107 3483 2191 qui
3525 2108 3688 2171 nihil
3730 2117 3929 2191 agunt

2432 2221 2548 2266 suo
2578 2204 2863 2279 arbitrio,
2898 2205 3006 2267 sed
3036 2206 3330 2268 voluntas
3360 2224 3581 2270 eorum
3612 2207 3931 2289 dependet

2432 2321 2509 2364 ex
2551 2302 2876 2365 voluntate
2916 2303 3185 2366 abbatis.

2538 2400 2861 2464 Postremo
2922 2410 2992 2464 ut
3048 2419 3258 2466 sermo
3315 2402 3671 2466 collationis
3731 2403 3929 2485 hujus

2432 2498 2783 2574 claudatur,
2825 2518 3035 2564 nonne
3079 2500 3147 2561 hi
3192 2501 3301 2582 qui
3354 2501 3603 2565 Christo
3648 2501 3933 2564 fideliter

2432 2597 2739 2671 serviunt,
2774 2606 3250 2679 consequuntur
3294 2600 3361 2662 in
3404 2600 3523 2663 hoc
3562 2600 3929 2682 centuplam

2431 2694 2721 2774 gratiam,
2764 2697 2917 2759 dum
2961 2716 2998 2758 a
3047 2698 3317 2760 summis
3367 2697 3769 2780 principibus
3817 2698 3929 2761 ho-

2434 2800 2738 2854 norantur
2794 2804 3055 2875 propter
3113 2795 3475 2875 Christum3
3524 2804 3589 2857 et·
3636 2796 3933 2878 quamvis

2434 2891 2777 2953 humanam
2828 2892 3093 2973 gloriam
3142 2912 3270 2957 non
3322 2894 3670 2976 requirant,
3714 2903 3931 2957 tamen

826 2992 943 3065 Qui
973 3008 1123 3072 ergo
1161 2998 1309 3053 sunt
1339 2990 1407 3052 hi
1438 2990 1723 3065 violenti,
1756 2990 1881 3052 nisi
1912 2991 2023 3072 qui
2063 2990 2321 3071 praecla-
2356 2993 2400 3056 C
2433 2990 2499 3050 in
2545 2991 3063 3071 persecutionum
3106 2992 3416 3073 angustiis
3463 2991 3633 3054 fiunt
3674 3011 3935 3055 venera-

827 3108 962 3151 ram
1020 3088 1390 3152 violentiam
1448 3088 1754 3163 inferunt,
1809 3105 1935 3151 non
1995 3088 2160 3162 aliis,
2210 3089 2320 3151 sed

826 3186 1260 3250 voluntatibus
1304 3194 1369 3250 et
1406 3187 1738 3249 desideriis
1781 3186 1960 3248 suis?
1999 3187 2116 3260 Qui
2157 3187 2321 3249 dire-

829 3286 1046 3367 ptione
1108 3284 1411 3347 laudabili
1469 3283 1833 3347 fraudantes
1881 3302 1950 3346 se
1998 3284 2322 3366 voluptate

824 3384 1119 3446 'omnium
1173 3401 1387 3445 rerum
1435 3382 1868 3464 praesentium,
1909 3383 2323 3464 pronuntian-

830 3490 935 3543 tur
983 3500 1020 3543 a
1067 3481 1195 3543 Deo
1253 3480 1603 3563 direptores
1663 3480 1921 3561 egregii,
1971 3488 2162 3562 atque
2210 3500 2325 3562 per

832 3580 1023 3642 talem
1054 3578 1340 3661 rapinam
1372 3578 1683 3641 violenter
1718 3578 2025 3640 invadunt
2055 3598 2324 3660 regnum

831 3678 1161 3752 coelorum,
1201 3677 1372 3759 quod
1422 3677 1669 3740 Christo
1712 3684 2003 3751 testante,
2041 3677 2172 3740 vim
2217 3697 2324 3760 pa-

829 3777 1006 3851 titur,
1059 3784 1123 3840 et
1171 3776 1434 3840 violenti
1483 3776 1741 3858 rapiunt
1789 3776 1968 3838 illud.
2019 3776 2128 3839 Isti
2182 3795 2325 3858 pro-

830 3875 998 3939 fecto
1037 3884 1186 3937 sunt
1225 3874 1572 3938 laudabiles
1604 3874 1888 3947 violenti,
1922 3874 2032 3956 qui
2074 3894 2223 3936 cum
2262 3874 2323 3937 vi

831 3974 1105 4055 quadam
1145 3973 1446 4053 frangunt
1473 3980 1536 4034 et
1565 3972 1904 4034 salubriter
1944 3972 2220 4053 perdunt
2258 3991 2325 4034 se

835 4072 1028 4153 ipSOS,
1078 4071 1232 4152 quia
1290 4078 1359 4131 ut
1417 4070 1726 4152 scriptum
1789 4078 1884 4131 est
1935 4087 1949 4131 :
2001 4070 2201 4132 Homo
2260 4070 2325 4131 in

2433 3088 2595 3151 biles
2643 3088 2971 3169 judicibus
3023 3108 3095 3152 ac
3148 3090 3569 3172 potestatibus
3622 3091 3934 3153 cunctis?

2433 3186 2550 3261 Qui
2596 3186 2662 3247 in
2708 3187 2948 3249 mundo
2991 3187 3411 3268 despicabiles
3454 3187 3618 3250 forte
3660 3187 3935 3251 fuissent

2436 3284 2865 3347 mediocribus
2914 3284 3307 3359 hominibus,
3340 3304 3417 3347 ex
3464 3286 3579 3348 vili
3634 3305 3743 3348 seu
3796 3304 3934 3349 mo-

2435 3383 2577 3445 dica
2634 3383 2959 3464 parentela
3014 3390 3125 3444 aut
3176 3383 3539 3446 conditione
3589 3383 3826 3458 servili,
3874 3384 3934 3446 si

2436 3481 2503 3543 in
2538 3481 3015 3543 conversatione
3046 3480 3333 3544 saeculari
3372 3481 3773 3544 mansissent.
3808 3482 3934 3545 Sed

2436 3587 2696 3662 propter
2731 3578 3129 3641 nobilitatem
3173 3578 3419 3643 militiae
3455 3580 3709 3653 Christi,
3740 3598 3935 3643 nemo

2435 3676 2700 3759 apponit
2728 3677 3115 3739 calumniam
3154 3676 3247 3740 eis
3290 3695 3567 3751 movere,
3600 3696 3788 3742 nemo
3820 3698 3935 3741 au-

2436 3775 2541 3837 det
2589 3775 2839 3855 generis
2888 3774 3343 3838 obscuritatem
3390 3793 3761 3858 opponere:
3800 3777 3937 3840 imo

2438 3872 2665 3934 famuli
2708 3872 2940 3936 Christi
2983 3873 3323 3954 gloriosius
3365 3873 3783 3937 nobilitantur
3823 3892 3939 3957 op-

2438 3970 2714 4051 probriis
2758 3970 2904 4032 vilis
2950 3970 3354 4046 conditioniS,
3396 3971 3633 4053 quibus
3678 3972 3787 4034 alii
3833 3990 3937 4036 so-

2438 4067 2567 4131 lent·
2600 4069 2999 4132 dehonestari
3030 4077 3219 4150 atque
3250 4068 3575 4131 confundi.
3603 4071 3776 4144 Quod
3806 4072 3941 4133 evi-

834 4170 1160 4234 doloribus
1201 4168 1442 4231 laborat
1482 4167 1629 4241 sibi,
1663 4175 1726 4230 et
1755 4168 1886 4230 vim
1925 4167 2077 4230 facit
2116 4168 2325 4250 perdi·
2356 4168 2407 4231 D
2436 4167 2690 4229 dentius
2737 4162 3076 4248 possumus
3128 4167 3541 4249 comprobare
3592 4168 3655 4229 in
3702 4168 3937 4231 abbate

833 4268 992 4329 tioni
1025 4287 1174 4330 suae.
1210 4266 1484 4329 Perditio
1513 4266 1751 4330 etenim
1789 4274 2003 4328 nostra
2031 4274 2127 4328 est
2156 4266 2328 4329 oble-

831 4367 1021 4428 ctatio
1053 4366 1197 4428 vitae
1228 4364 1580 4446 praesentiS,
1609 4372 1671 4426 et
1698 4365 1796 4445 (ut
1827 4364 2058 4426 clarius
2089 4364 2326 4445 dicam)

830 4464 1156 4527 exsecutio
1196 4462 1656 4526 desideriorum
1687 4470 1750 4525 et
1778 4462 2178 4525 voluntatum
2220 4481 2327 4526 no-

827 4572 1102 4626 strarum
1137 4580 1150 4624 :
1185 4581 1341 4645 quas
1382 4562 1435 4623 si
1466 4562 1610 4642 quis
1649 4560 1773 4623 sibi
1813 4560 2217 4636 subtraxerit,
2250 4581 2325 4623 ac

831 4660 1314 4723 mortificaverit
1374 4678 1502 4733 eaS,
1562 4659 1901 4740 gloriosam
1963 4678 2035 4721 ac
2100 4660 2323 4722 utilem

830 4761 962 4823 vim
1015 4759 1165 4821 facit
1214 4779 1344 4822 suae
1393 4757 1756 4840 perditioni,
1807 4757 2126 4838 abnegans
2186 4776 2325 4840 pro-

830 4859 1001 4942 prias
1033 4858 1386 4920 voluntates
1426 4856 1550 4918 sibi
1588 4856 1924 4936 jucundas,
1958 4875 2113 4937 quas
2157 4856 2323 4919 Deus

535 4973 602 5017 1⁸.
624 4986 732 5023 urm.
760 4976 800 5016 3.
830 4978 945 5041 per
981 4957 1206 5019 lsaiam
1252 4957 1558 5038 increpat,
1593 4955 1810 5017 dicens
1846 4972 1860 5016 :
1895 4955 2050 5028 Quia
2089 4955 2154 5016 in
2194 4955 2322 5017 die-

830 5058 950 5119 bus
993 5056 1226 5138 jejunii
1272 5055 1465 5118 vestri
1516 5053 1840 5116 invenitur
1879 5054 2171 5115 voluntas
2221 5073 2323 5116 ve-

562 5168 681 5213 nia.
709 5174 774 5213 1³.
830 5165 988 5236 stra3
1021 5165 1084 5218 et
1113 5156 1343 5218 iterum
1379 5172 1392 5215 :
1428 5153 1490 5216 Si
1523 5152 1828 5215 averteris
1861 5171 1896 5214 a
1925 5152 2187 5214 sabbato
2219 5171 2322 5233 pe-

830 5256 974 5318 dem
1009 5262 1212 5330 tuum,
1247 5253 1453 5316 facere
1482 5252 1874 5316 voluntatem
1906 5258 2078 5312 tuam
2121 5250 2186 5312 in
2218 5250 2320 5312 die

2434 4265 2671 4328 Ioanne
2711 4274 3142 4328 commorante
3181 4266 3248 4327 in
3286 4284 3502 4329 eremo
3536 4266 3718 4347 juxta
3753 4268 3939 4349 oppi—
3970 4290 4305 4351 oppam

2437 4365 2592 4427 dum
2630 4363 2815 4445 Lyco.
2851 4363 2969 4436 Qui
3008 4383 3085 4426 ex
3127 4363 3517 4444 ignobilibus
3559 4365 3937 4447 parentibus

2436 4470 2643 4536 natus,
2679 4462 2765 4523 ita
2802 4461 3199 4523 admirabilis
3238 4461 3443 4525 factus
3473 4471 3569 4525 est
3598 4482 3760 4545 pene
3795 4464 3938 4525 uni-

2435 4579 2619 4623 verso
2655 4561 2935 4622 humano
2971 4560 3189 4640 generi
3229 4578 3345 4642 pro
3384 4561 3643 4623 nomine
3674 4561 3933 4635 Christi,

2436 4666 2507 4720 ut
2536 4658 2961 4740 potentissimi
2994 4659 3399 4741 imperatores
3430 4660 3750 4722 metuendi
3780 4678 3939 4722 cun-

2436 4757 2555 4819 ctis
2606 4756 2972 4838 potentibus
3020 4777 3095 4820 ac
3145 4757 3401 4839 regibus
3452 4758 3697 4831 mundi,
3744 4777 3937 4821 vene-

2437 4864 2656 4917 rentur
2702 4873 2853 4917 eum
2913 4862 2983 4917 ut
3030 4864 3274 4938 patrem
3327 4874 3401 4918 ac
3450 4856 3817 4933 dominum3
3866 4866 3939 4919 et

2434 4955 2829 5035 requirentes
2858 4954 3112 5016 oracula
3140 4954 3276 5034 ejus
3306 4955 3385 5016 de
3416 4954 3773 5037 regionibus
3805 4961 3937 5019 tam

2435 5052 2821 5135 longinquiS,
2866 5052 3267 5116 committant
3316 5054 3561 5116 meritis
3604 5060 3665 5115 et
3707 5054 3940 5116 oratio-

2432 5151 2624 5213 nibus
2654 5152 2794 5231 ejus
2824 5151 3072 5232 apicem
3104 5150 3202 5212 sui
3235 5149 3513 5231 imperii,
3532 5158 3767 5214 statum
3798 5171 3936 5216 suae

2433 5250 2653 5312 salutis
2694 5258 2758 5312 et
2801 5257 3146 5332 proventus
3188 5247 3524 5312 bellorum.
