4359 6267
99 2653 251 2696 Rom.
275 2665 374 2703 nu.

73 2720 150 2758 14.

1310 513 1388 559 nn
1431 510 1757 559 ms'rrru'ns
1800 510 1889 557 ss.
1919 510 2185 557 ramum.
2232 530 2311 539 -—
2352 510 2526 558 unsa
2566 509 2604 556 v
3424 483 3501 555 57

779 732 1283 796 CAPITULUM
1344 732 1526 795 VIII.

406 880 584 945 Quod
599 895 734 935 esca
761 880 1052 935 sumenda
1078 880 1160 933 sit
1179 880 1500 935 secundum
1524 878 1900 949 emiqentiam

601 969 866 1040 perfecti
891 969 1040 1039 finis
1069 969 1267 1041 ipsius
1293 968 1702 1024 continentiae.

545 1167 899 1233 ERISSIMA
941 1170 1152 1251 itaque
1195 1189 1270 1233 ac
1309 1170 1754 1251 probatissima
1792 1170 1900 1232 Pa-

565 1273 736 1328 trum
785 1269 1100 1329 sententia
1146 1276 1263 1341 est,
1318 1269 1577 1331 modum
1625 1268 1900 1348 jejunio-

409 1382 552 1425 rum
594 1383 668 1426 ac
709 1366 1116 1429 continentiae
1157 1375 1403 1428 tantum
1447 1368 1791 1429 consistere
1835 1366 1898 1428 in

409 1480 708 1524 mensura
745 1464 1070 1545 parcitatis
1104 1464 1640 1546 castigationeque
1676 1482 1900 1546 corpo-

407 1560 519 1634 ris,
570 1569 632 1622 et
683 1561 856 1623 hunc
907 1562 1206 1625 omnibus
1261 1582 1400 1625 esse
1455 1562 1654 1625 finem
1695 1562 1902 1644 perfe-

405 1664 524 1721 ctae
553 1658 832 1733 virtutiS‚
867 1659 1059 1741 hujus
1089 1660 1386 1723 videlicet
1417 1660 1799 1732 sobrietatiS,
1834 1659 1898 1721 in

407 1756 756 1829 communi,
791 1765 860 1819 ut
891 1764 1320 1840 temperemus
1361 1777 1473 1820 seu
1505 1757 1898 1819 refrenemus

1932 679 1986 743 A
2013 688 2248 756 secuta,
2269 682 2348 743 ad
2381 682 2759 764 integritatis
2789 682 3217 745 sinceritatem
3248 700 3321 743 ac
3352 702 3506 765 pun-

2015 788 2188 841 ctum
2245 797 2372 843 non
2430 782 2662 861 poterit
2730 780 3082 863 pervenire.
3146 779 3503 860 Longorum

2015 896 2291 959 namque
2336 878 2730 958 jejuniorum
2779 866 3069 951 afflictio,
3121 878 3171 939 si
3222 896 3361 939 eam
3412 896 3505 939 se-

2014 984 2245 1057 quatur
2288 978 2581 1039 saturitas
2633 976 2937 1060 corporiS,
2986 976 3184 1057 magis
3235 975 3508 1056 acquirit

2015 1074 2455 1136 lassitudinem
2506 1075 2919 1157 corporalem,
2972 1093 3164 1155 quam
3214 1074 3504 1135 castimo-

2014 1170 2136 1233 niae
2186 1171 2549 1254 puritatem.
2600 1172 2931 1252 Integritas
2981 1172 3220 1253 quippe
3272 1170 3505 1232 mentis

2017 1269 2291 1331 cohaeret
2334 1270 2559 1333 inediae
2602 1271 2862 1333 ventris.
2911 1270 3047 1332 Non
3092 1270 3265 1331 enim
3315 1268 3504 1330 habet

2014 1368 2320 1429 castitatis
2362 1375 2685 1451 perpetuae
2729 1370 3092 1451 puritatem,
3134 1368 3243 1449 qui
3288 1374 3505 1429 tenere

2013 1483 2140 1527 non
2181 1468 2402 1547 satagit
2445 1467 2662 1549 jugem
2707 1468 3141 1549 temperantiae
3184 1465 3503 1546 aequalita-

2012 1570 2164 1638 tem,
2208 1566 2501 1646 quamvis
2540 1566 2665 1627 sint
2706 1565 2991 1627 districta
3026 1565 3273 1646 jejunia
3305 1581 3319 1625 τ
3353 1563 3504 1645 quia

2013 1681 2048 1723 a
2096 1679 2213 1725 suo
2262 1662 2474 1725 fructu
2522 1671 2929 1736 evacuantur,
2983 1662 3237 1744 quando
3284 1680 3501 1743 super-

2014 1759 2148 1821 flua
2196 1761 2421 1841 rigoris
2475 1761 2767 1823 remissio
2814 1760 2908 1821 eis
2956 1760 3261 1833 succedit,
3313 1767 3503 1840 atque

405 1870 524 1915 nos
555 1872 593 1914 a
631 1854 794 1915 cibis
833 1871 991 1936 quos
1032 1873 1144 1937 pro
1183 1855 1594 1917 sustentando
1635 1873 1896 1937 corpore
1936 1862 1983 1924 B
2016 1858 2080 1919 in
2128 1859 2293 1940 gulae
2339 1858 2568 1920 vitium
2620 1860 2909 1940 protinus
2954 1857 3341 1919 dilabuntur.
3385 1857 3505 1919 Me-

405 1950 858 2032 compellimur
894 1971 1165 2025 sumere,
1199 1954 1354 2015 dum
1396 1952 1602 2014 adhuc
1646 1971 1752 2015 eos
1795 1972 1901 2034 ap-

405 2049 706 2131 petimus,
751 2050 1049 2123 Quamvis
1092 2050 1264 2113 enim
1309 2052 1454 2133 quis
1506 2068 1768 2133 corpore
1817 2050 1900 2111 sit

404 2146 730 2223 infirmuS,
764 2148 1112 2230 perfectam
1141 2157 1352 2211 tamen
1383 2149 1685 2211 virtutem
1715 2157 1778 2210 et
1807 2167 1901 2211 ro-

405 2244 615 2308 bustis
653 2266 726 2309 ac
765 2248 937 2309 sanis
976 2247 1284 2329 aequalem
1316 2248 1383 2309 in
1422 2247 1722 2310 omnibus
1758 2265 1898 2329 pos-

404 2342 662 2415 sidebit,
714 2344 766 2404 si
819 2345 1051 2406 mentis
1110 2345 1316 2425 rigore
1375 2346 1636 2426 castiget
1682 2364 1754 2405 ac
1804 2363 1898 2407 re-

407 2440 642 2521 primat
679 2441 994 2504 desideria
1029 2461 1172 2523 quae
1208 2443 1542 2524 adimpleri
1590 2441 1898 2523 fragilitas

406 2539 618 2601 carnis
664 2554 793 2601 non
841 2539 1054 2621 exigit.
1106 2540 1394 2621 Denique
1440 2540 1776 2622 Apostolus
1819 2542 1895 2603 ad

405 2636 720 2700 Romanos
767 2638 857 2699 ait
899 2656 914 2699 ε
956 2638 1182 2702 Curam
1233 2640 1440 2701 carnis
1490 2658 1568 2701 ne
1617 2639 1898 2702 feceritis

407 2734 476 2795 in
503 2734 857 2799 desideriis.
891 2737 1026 2799 Non
1059 2738 1254 2817 igitur
1283 2755 1500 2799 curam
1532 2738 1736 2800 carnis
1766 2756 1901 2800 om-

405 2833 664 2895 nimode
709 2835 1056 2909 interdixit,
1104 2835 1215 2898 sed
1263 2836 1329 2896 in
1378 2835 1708 2898 desideriis
1757 2856 1897 2898 eam

403 2930 547 2993 fieri
591 2932 970 3013 prohibuit;
1013 2933 1458 3015 voluptuosam
1501 2933 1896 3014 diligentiam

2015 1957 2134 2019 lior
2171 1966 2267 2019 est
2305 1958 2479 2019 enim
2517 1957 2910 2019 rationabilis
2950 1955 3318 2037 quotidiana
3356 1974 3503 2017 cum

2014 2055 2440 2118 moderatione
2482 2054 2763 2129 refecti0‚
2798 2074 2989 2137 quam
3029 2074 3145 2136 per
3175 2053 3505 2117 intervalla

2010 2154 2259 2215 dierum
2291 2154 2548 2234 longum
2580 2153 2979 2234 arduumque
3006 2151 3348 2233 jejunium.
3384 2152 3505 2212 Im-

2012 2253 2333 2315 moderata
2383 2270 2658 2332 namque
2708 2251 2918 2313 inedia
2967 2267 3094 2313 non
3143 2250 3349 2312 solum
3399 2249 3503 2311 de-

2010 2350 2219 2413 bilitat
2248 2350 2480 2413 mentis
2520 2350 2961 2422 constantiam,
2995 2349 3106 2411 sed
3144 2348 3499 2410 orationum

2009 2468 2263 2531 quoque
2294 2449 2653 2511 efficaciam
2681 2447 3050 2510 lassitudine
3077 2447 3357 2527 corporis
3390 2446 3503 2507 im-

2010 2548 2186 2629 pedit
2225 2556 2288 2611 et
2328 2555 2605 2610 enervat.

2430 2800 2933 2865 CAPITULUM
2997 2799 3081 2862 X.

2009 2951 2180 3019 Quod
2204 2950 2580 3005 abstinentia
2607 2964 2646 3003 a
2672 2948 2828 3003 cibis
2857 2963 2928 3002 ac
2946 2945 3195 3019 potibus
3226 2959 3346 3000 non
3368 2959 3504 3015 poa·

401 3030 688 3103 abstulit,
730 3030 1256 3111 gubernat-ionem
1302 3032 1510 3093 carnis
1553 3033 1896 3095 necessari·
1933 3037 1976 3100 C
2077 3041 2162 3095 sit
2204 3040 2480 3111 sufficere
2526 3038 2607 3093 ad
2659 3036 3129 3093 conservandam
3165 3034 3501 3107 puritatem

401 3148 506 3190 am
549 3147 677 3192 non
727 3129 1018 3191 exclusit.
1061 3129 1223 3191 Illud
1263 3129 1612 3212 prohibuit,
1655 3150 1734 3193 ne
1784 3150 1897 3214 per

401 3227 802 3308 diligentiam
834 3228 1042 3289 carnis
1080 3228 1160 3289 ad
1189 3228 1407 3291 noxias
1447 3230 1894 3311 occupationes

401 3324 870 3388 desideriorum
900 3326 1250 3388 carnalium
1280 3345 1649 3389 corruamus
1677 3346 1692 3407 ;
1726 3328 1893 3390 istud

402 3424 741 3498 concessit,
775 3442 855 3485 ne
896 3442 1127 3507 corpus
1157 3433 1446 3487 nostrum
1484 3426 1642 3488 vitio
1682 3435 1895 3489 nostro

400 3522 823 3594 destructum,
855 3522 1110 3604 explere
1149 3541 1276 3585 non
1316 3530 1504 3605 queat
1535 3524 1895 3605 spirituales

400 3638 474 3681 ac
516 3620 906 3682 necessarias
945 3621 1244 3683 actiones.

809 3875 1310 3939 CAPITULUM
1373 3878 1492 3940 IX.

453 4027 541 4081 De
567 4039 853 4079 masura
879 4024 1352 4095 castiyationum
1378 4026 1651 4096 corporis
1681 4040 1847 4081 assu-

585 4114 962 4177 mendarum,
992 4118 1049 4168 et
1077 4114 1148 4168 de
1175 4113 1433 4169 remedio
1453 4113 1716 4183 jejunii.

563 4308 868 4372 ENSURA
914 4326 1063 4390 ergo
1110 4316 1301 4389 atque
1349 4308 1658 4390 perfectio
1707 4311 1902 4373 conti-

583 4407 820 4469 nentiae
866 4424 994 4469 non
1045 4413 1140 4467 est
1189 4406 1542 4487 colligenda
1591 4414 1698 4469 aut
1744 4410 1905 4471 acci-

406 4505 641 4588 pienda
679 4524 759 4567 ex
803 4504 936 4567 sola
974 4504 1280 4585 temporis
1320 4504 1758 4582 diuturnitate,
1799 4526 1905 4570 ne-

405 4622 532 4685 que
564 4621 856 4666 escarum
892 4602 1194 4684 qualitate
1234 4602 1585 4676 dumtaxat,
1619 4604 1725 4665 sed
1758 4612 1903 4666 ante

405 4702 626 4763 omnia
653 4701 868 4763 debito
903 4700 1148 4781 judicio
1183 4701 1606 4764 conscientiae.
1641 4702 1901 4764 Tantam

405 4800 583 4862 enim
608 4798 1081 4880 castigationem
1109 4798 1296 4862 debet
1324 4800 1759 4882 unusquisque
1787 4799 1906 4863 fra-

405 4898 638 4979 gilitati
685 4917 816 4960 suae
867 4898 1214 4980 imponere,
1267 4905 1570 4979 quantam
1619 4899 1907 4982 deposcit

408 4995 806 5077 impugnatio
851 5013 1170 5077 corporeae
1213 4995 1669 5059 delectationis,
1721 4997 1904 5059 Utilis

406 5094 670 5177 quidem
711 5100 806 5155 est
845 5101 908 5155 et
949 5092 1211 5155 omnino
1252 5093 1560 5155 servanda
1603 5094 1908 5156 canonica

407 5212 524 5256 seu
569 5192 880 5274 regularis
927 5191 1319 5271 jejuniorum
1371 5192 1689 5254 institut-io
1728 5209 1744 5271 ;
1795 5192 1904 5255 sed

405 5292 532 5355 nisi
562 5291 728 5354 hanc
757 5290 1178 5371 temperantia
1208 5289 1500 5352 ciborum
1531 5289 1560 5351 f
1564 5289 1727 5352 uerit
1757 5288 1905 5351 sub-

655 5422 723 5473 T.
758 5421 840 5474 27.

2078 3129 2295 3185 mentia
2330 3135 2388 3184 et
2423 3128 2715 3199 corporis.

2148 3327 2199 3388 D
2231 3324 2657 3405 integritatem
2690 3323 2920 3386 mentis
2952 3330 3010 3383 et
3044 3322 3327 3405 corporis
3358 3339 3501 3383 con·

2165 3424 2541 3486 servandam
2569 3422 2954 3484 abstinentia
2982 3422 3271 3484 ciborum
3301 3428 3365 3482 et
3394 3438 3501 3501 po-

2009 3530 2191 3584 tuum
2224 3522 2355 3583 sola
2385 3538 2510 3584 non
2542 3520 2809 3593 sufficit,
2841 3521 2965 3583 nisi
2997 3527 3218 3583 ceterae
3246 3536 3501 3600 quoque

2009 3620 2276 3682 virtutes
2315 3619 2555 3682 fuerint
2592 3619 2648 3680 ei
2690 3618 3022 3700 adjunctae.
3058 3618 3356 3680 Primitus
3389 3616 3501 3696 igi-

2009 3725 2113 3778 tur
2156 3717 2483 3780 humilitas
2526 3726 2624 3779 est
2666 3716 2967 3779 discenda
3008 3716 3241 3780 virtute
3286 3714 3501 3777 obedi-

2010 3816 2220 3889 entiae,
2270 3816 2608 3897 operisque
2666 3814 3039 3889 afflictione,
3094 3823 3155 3876 et
3216 3813 3498 3897 corporis

2011 3913 2397 3995 fatigatione.
2451 3914 2869 3976 Pecuniarum
2920 3931 3171 3995 quoque
3221 3931 3349 3975 non
3399 3929 3499 3975 so-

2014 4013 2145 4074 lum
2177 4020 2273 4075 est
2301 4011 2558 4074 vitanda
2594 4013 2931 4094 possessi0‚
2964 4013 3075 4074 sed
3113 4011 3501 4074 desiderium

2012 4128 2230 4173 earum
2288 4118 2384 4172 est
2442 4109 2742 4172 radicitus
2800 4109 3299 4191 exstirpandum.
3362 4108 3501 4172 Non

1930 4221 1980 4282 D
2010 4209 2182 4270 enim
2234 4207 2480 4270 sufficit
2528 4227 2633 4270 eas
2676 4226 2802 4270 non
2853 4207 3085 4270 habere
3133 4207 3331 4289 (quod
3381 4206 3503 4269 fre-

2011 4314 2273 4391 quenter
2302 4326 2379 4369 ex
2411 4307 2785 4369 necessitate
2816 4306 3163 4387 contingit),
3190 4307 3300 4369 sed
3330 4323 3505 4388 opor-

2011 4414 2098 4468 tet
2138 4426 2257 4468 nec
2298 4407 2500 4489 ipsam
2530 4405 2921 4468 voluntatem
2961 4404 3237 4467 habendi
3276 4404 3503 4467 admit-

2012 4514 2166 4579 tere,
2210 4505 2262 4567 si
2301 4504 2566 4567 forsitan
2610 4503 2980 4566 offerantur.
3018 4505 3214 4566 Furor
3254 4504 3363 4567 irae
3407 4510 3504 4565 est

2014 4602 2456 4675 conterenduS,
2490 4602 2761 4682 dejectio
2799 4600 3073 4665 tristitiae
3112 4610 3204 4663 est
3241 4601 3501 4664 vincen-

2013 4701 2113 4774 da,
2132 4720 2293 4762 vana
2321 4700 2523 4781 gloria
2551 4699 3032 4773 contemnenda,
3059 4698 3258 4761 fastus
3289 4718 3505 4781 super-

2015 4798 2136 4861 biae
2165 4797 2653 4861 conculcandus.
2675 4796 3006 4859 Instabiles
3036 4816 3290 4879 quoque
3320 4805 3384 4860 et
3408 4817 3508 4861 va-

2013 4897 2076 4978 gi
2106 4898 2431 4959 discursus
2466 4896 3031 4977 distractionesque
3067 4898 3321 4972 mentiS‚
3356 4906 3505 4961 sunt

2016 5014 2131 5077 per
2166 4995 2486 5057 assiduam
2526 4996 2637 5057 Dei
2680 4994 3053 5057 memoriam
3099 4994 3503 5077 refrenandi3

2017 5094 2327 5175 totiesque
2359 5092 2605 5155 lubrica
2637 5092 2846 5155 cordis
2881 5093 3168 5174 evagatio
3203 5095 3505 5157 reducen-

2015 5192 2095 5253 da
2122 5200 2219 5253 est
2247 5191 2432 5253 nobis
2460 5190 2539 5253 ad
2569 5190 2679 5252 Dei
2711 5191 3335 5274 contemplationem,
3358 5212 3508 5276 quo-

2017 5290 2133 5351 ties
2172 5290 2372 5352 bostis
2416 5288 2669 5351 subtilis
2708 5308 2745 5350 a
2782 5289 2894 5350 Dei
2940 5289 3174 5352 intuitu
3226 5298 3502 5353 mentem

3222 5424 3253 5472 4
