4359 6267
1066 489 1485 536 coLLArmmm
1527 490 1614 535 ss.
1647 489 1890 536 runnu
1932 489 2109 536 Lmen
2150 492 2189 537 1.
2235 510 2317 520 —
2357 491 2645 540 contum
2686 493 2749 538 lx
3335 475 3455 540 247

378 651 659 720 orationis
708 677 850 740 quae
904 657 1172 741 profluit
1220 679 1298 723 ex
1345 659 1587 721 fiducia
1635 659 1858 722 oblati·
1885 658 1936 722 A
1966 660 2128 723 roris
2166 680 2241 724 ac
2284 670 2455 724 metu
2488 663 2799 725 examinis
2838 682 2915 725 ex
2953 663 3455 727 consideratione

376 773 554 818 onum
609 763 670 818 et
730 758 1280 821 consummatione
1339 766 1631 820 votorum
1677 758 1858 838 juxta
1966 757 2165 820 futuri
2207 759 2458 840 judicii,
2502 760 2812 823 exsistens
2857 762 2934 823 de
2978 762 3088 824 illo
3131 763 3339 845 primo
3382 781 3456 825 ac

377 855 758 918 conscientiae
808 856 1175 938 puritatem,
1218 864 1407 938 atque
1455 857 1532 917 de
1584 855 1858 938 postula·
1965 857 2197 919 humili
2228 859 2473 932 ordine,
2502 859 2587 921 ita
2617 859 2901 921 vicissim
2933 861 3010 922 ad
3040 860 3261 923 horam
3292 879 3460 923 com-

378 953 534 1015 tione
577 972 715 1034 quae
765 973 842 1016 ex
893 955 1174 1016 caritatis
1230 955 1516 1037 procedit
1564 954 1854 1033 fervore3
1963 957 2291 1037 pungitur,
2329 964 2401 1019 ut
2441 974 2567 1019 non
2610 957 2841 1020 minori
2883 957 3145 1040 spiritus
3178 960 3459 1021 alacrita-

377 1051 636 1133 itemque
681 1053 758 1114 de
801 1053 1150 1133 gratiarum
1193 1053 1441 1114 actione
1487 1073 1630 1134 quae
1673 1071 1858 1134 gene-
1963 1060 2022 1114 te
2074 1055 2394 1136 repleatur
2432 1056 2510 1117 de
2550 1055 3003 1118 obsecrationis
3044 1056 3454 1138 pinguedine,

377 1158 536 1210 ratur
581 1169 654 1211 ex
705 1151 1212 1214 consideratione
1272 1150 1738 1213 beneficiorum
1793 1159 1856 1213 et
1962 1170 2152 1232 quam
2204 1151 2312 1214 ille
2360 1152 2471 1234 qui
2516 1171 2632 1235 per
2673 1154 2881 1216 cordis
2926 1155 3268 1236 puritatem
3314 1172 3457 1217 con-

377 1248 810 1328 magnitudinis
868 1266 943 1309 ac
999 1249 1252 1331 pietatis
1311 1250 1544 1312 divinae
1588 1267 1602 1310 :
1655 1250 1740 1310 ita
1786 1257 1856 1312 ut

375 1353 598 1407 constet
645 1363 866 1408 omnes
917 1345 1210 1428 praefatas
1254 1347 1559 1410 orationis
1609 1347 1854 1429 species

375 1443 736 1505 necessarias
802 1444 1119 1527 utilesque
1188 1445 1536 1507 consistere
1607 1446 1853 1508 cunctis

373 1541 735 1616 hominibus,
770 1543 864 1604 sic
913 1543 1084 1625 quod
1136 1543 1200 1605 in
1242 1545 1465 1606 eodem
1507 1544 1646 1606 viro
1691 1543 1854 1606 vari-

372 1647 500 1701 atus
539 1639 803 1703 affectus
846 1642 1095 1704 emittat
1141 1661 1314 1703 nunc
1356 1642 1616 1724 quidem
1662 1660 1852 1725 puras

373 1757 436 1799 ac
479 1738 970 1802 ferventissimas
1015 1741 1518 1822 supplicationes
1561 1741 1849 1803 obsecra-

374 1836 621 1910 tionum,
654 1856 826 1900 nunc
855 1839 1239 1913 orationum,
1273 1857 1445 1901 nunc
1478 1839 1846 1921 postulatio·
1884 1840 1931 1903 B

375 1954 531 1997 num.
555 1936 1000 1999 Verumtamen
1032 1937 1240 2019 prima
1269 1938 1514 2019 species
1546 1936 1847 2000 orationis

374 2033 736 2114 peculiarius
775 2035 1094 2117 pertinere
1135 2036 1388 2099 videtur
1425 2037 1504 2098 ad
1545 2035 1852 2118 incipien-

371 2139 476 2206 teS,
521 2133 624 2214 qui
668 2133 876 2194 adhuc
922 2133 1367 2196 remordentur
1409 2133 1720 2197 memoria
1760 2141 1848 2195 at-

373 2247 482 2310 que
509 2231 740 2292 aculeis
769 2231 1074 2293 vitiorum
1117 2249 1422 2311 suorum3
1455 2232 1733 2294 secunda
1770 2232 1846 2293 ad

373 2326 782 2408 proficienteS,
834 2330 946 2412 qui
995 2349 1072 2392 ex
1118 2331 1407 2412 appetitu
1453 2338 1517 2393 et
1557 2329 1847 2412 profectu

371 2426 658 2489 virtutum
718 2427 786 2489 in
844 2428 1118 2509 quadam
1173 2429 1406 2490 mentis
1455 2428 1847 2491 sublimitate

373 2525 742 2604 consistunt3
789 2526 978 2588 tertia
1025 2526 1102 2588 ad
1154 2527 1490 2608 perseam,
1539 2526 1648 2609 qui
1699 2544 1847 2608 ope-

371 2622 530 2686 ribus
575 2624 999 2706 adimplentes
1049 2624 1509 2706 perfectionem
1553 2633 1846 2688 votorum

371 2738 629 2795 suorum,
664 2723 944 2785 caritatis
987 2722 1235 2785 fervore
1271 2742 1345 2784 ac
1385 2723 1596 2786 studio
1627 2741 1848 2804 provo-

370 2828 570 2883 cantur
609 2821 995 2884 intervenire
1036 2839 1154 2903 pro
1191 2821 1333 2883 aliis
1377 2841 1452 2884 ex
1493 2823 1848 2885 considera-

371 2917 520 2982 tione
549 2918 908 3000 fragilitatis
939 2937 1158 2982 eorum
1187 2938 1202 2998 ;
1236 2928 1460 3003 quarta
1487 2921 1565 2982 ad
1595 2940 1701 2984 eos
1732 2921 1844 3003 qui

1961 1250 2276 1331 templans
2324 1257 2514 1332 atque
2574 1269 2952 1333 percurrens
3010 1252 3453 1315 liberalitatem

1959 1366 2032 1409 ac
2063 1347 2379 1410 beneficia
2408 1348 2543 1423 Dei,
2579 1349 2893 1412 ineffabili
2922 1351 3321 1431 jucunditate
3356 1371 3451 1414 re-

1960 1447 2245 1510 solvitur.
2302 1449 2459 1511 Nam
2514 1447 2697 1530 juxta
2756 1450 2985 1513 Christi
3044 1452 3447 1526 sententiam,

1960 1545 2189 1628 incipit
2247 1547 2391 1628 plus
2450 1566 2683 1622 amare,
2737 1549 2887 1630 quia
2945 1550 3269 1631 cognoscit
3325 1550 3448 1612 sibi

1960 1643 2104 1725 plus
2147 1663 2287 1707 esse
2330 1645 2685 1708 dimissum.

2334 1900 2837 1968 CAPITULUM
2899 1904 3081 1967 XVI.

2081 2045 2178 2100 Ad
2205 2061 2357 2117 quas
2386 2049 2733 2104 orationum
2758 2051 2985 2121 species
3011 2049 3327 2107 debeamus

2256 2151 2364 2190 nos
2395 2137 2560 2207 ipsos
2588 2139 2783 2209 maqis
2811 2139 3154 2195 eoetendere.

2111 2331 2289 2394 AGlS
2333 2340 2544 2396 tamen
2583 2335 2912 2411 debemuS‚
2947 2355 3062 2418 per
3093 2336 3449 2418 profectum

2141 2430 2289 2494 vitae
2340 2438 2403 2493 et
2452 2435 3066 2498 consummationem
3114 2435 3447 2510 virtutum,

1953 2534 2253 2609 expetere
2286 2528 2423 2591 illas
2460 2531 3001 2612 supplicationum
3032 2533 3278 2615 species
3307 2553 3449 2616 quae

1953 2625 2314 2689 funduntur
2362 2647 2439 2690 ex
2491 2628 2853 2692 futurorum
2913 2631 3448 2713 contemplatione

1956 2723 2291 2798 bonorum,
2324 2733 2433 2788 aut
2469 2746 2545 2788 ex
2587 2728 2864 2791 caritatis
2902 2729 3145 2802 ardore,
3178 2728 3280 2790 vel
3320 2747 3451 2790 cer-

1953 2829 2037 2897 te,
2081 2831 2152 2885 ut
2202 2824 2427 2905 loquar
2466 2824 2773 2888 humilius
2818 2835 2879 2888 et
2913 2827 3095 2907 juxta
3139 2826 3448 2909 incipien-

1953 2921 2114 2983 tium
2157 2923 2423 3003 gradum
2464 2923 2598 2985 sive
2638 2942 3019 2998 mensuram,
3058 2945 3199 3007 quae
3237 2925 3448 2987 Domi-

370 3018 690 3097 purissima
725 3025 935 3080 mente
967 3026 1308 3081 retractant
1337 3019 1681 3100 singulares
1715 3039 1846 3082 mu·
1877 3017 1920 3080 C
1952 3037 2036 3082 no
2075 3018 2439 3082 offeruntur
2470 3038 2582 3102 pro
2623 3021 2958 3103 adeptione
2989 3023 3299 3084 virtutum
3338 3031 3449 3085 aut

369 3113 712 3179 nificentias
752 3117 1320 3200 miserationesque
1358 3119 1467 3180 Dei
1516 3137 1672 3201 quas
1707 3119 1840 3199 jam

365 3221 494 3276 ante
520 3216 812 3290 contulit,
845 3224 954 3278 aut
995 3217 1060 3279 in
1102 3217 1399 3299 praesenti
1432 3217 1716 3298 largitur,
1739 3219 1841 3280 vel

369 3323 654 3394 praeparat
693 3321 756 3376 et
795 3315 1078 3377 conferet
1117 3315 1184 3376 in
1224 3315 1461 3390 futuro,
1495 3323 1558 3378 et
1587 3315 1842 3399 rapiun-

366 3415 462 3469 tur
500 3409 974 3474 ferventissimo
1023 3412 1210 3473 corde
1263 3412 1339 3473 ad
1391 3413 1568 3474 illam
1614 3413 1840 3476 oratio-

371 3525 497 3568 nem
546 3509 812 3590 ignitam
861 3529 1004 3591 quae
1052 3528 1170 3572 nec
1220 3511 1674 3593 comprehendi
1723 3531 1842 3574 nec

368 3606 618 3687 exprimi
660 3615 868 3689 potest
907 3625 1016 3671 ore
1055 3609 1355 3682 humano,
1389 3610 1563 3671 omni
1606 3611 1839 3693 poenali

371 3705 751 3769 conscientiae
781 3707 967 3788 spina
996 3707 1074 3769 de
1104 3707 1294 3769 corde
1331 3709 1615 3790 expulsa.
1650 3710 1843 3771 lnter-

370 3801 504 3864 dum
533 3812 737 3866 tamen
770 3823 950 3866 mens
982 3805 1048 3865 in
1079 3805 1261 3866 illum
1293 3823 1516 3868 verum
1545 3807 1840 3888 puritatis

368 3899 652 3964 affectum
684 3901 992 3985 profecta,
1026 3923 1226 3985 quum
1259 3904 1322 3965 in
1353 3921 1430 3966 eo
1460 3905 1724 3986 coeperit
1754 3924 1844 3966 ra-

370 3997 567 4073 dicari,
608 4000 767 4063 solet
810 4001 946 4064 haec
989 4001 1206 4064 omnia
1246 4000 1440 4063 simul
1481 4003 1836 4084 concipere,

369 4102 426 4156 et
453 4106 669 4160 cuncta
698 4097 1087 4180 pervolitans
1129 4099 1328 4160 instar
1359 4099 1841 4181 incomprehen-

369 4193 560 4258 sibilis
596 4215 668 4258 ac
709 4196 1138 4278 rapacissimae
1180 4196 1479 4272 flammae,
1514 4198 1724 4260 fundit
1760 4199 1838 4262 ad
1868 4204 1918 4266 D

371 4291 551 4355 Deum
607 4293 968 4356 ineffabiles
1017 4294 1253 4375 vigoris
1311 4295 1639 4376 purissimi
1701 4317 1838 4378 pre-

311 4419 346 4454 ιι,
372 4407 464 4451 ces
497 4408 509 4452 :
540 4411 694 4473 quas
734 4393 870 4474 ipse
901 4393 1176 4474 Spiritus
1215 4393 1560 4473 gemitibus
1596 4393 1839 4457 inenar-

373 4488 660 4552 rabilibus
701 4490 1135 4572 interpellanS,
1177 4491 1613 4572 ignorantibus
1653 4493 1836 4555 nobis

371 4587 439 4647 ad
467 4587 657 4651 Deum
689 4589 905 4654 mittit.
937 4596 1111 4651 tanta
1150 4590 1518 4671 concipiens
1558 4590 1624 4652 in
1665 4591 1836 4653 illius

373 4683 524 4749 horae
558 4696 877 4750 momento
916 4686 1454 4770 ineffabiliterque
1496 4689 1560 4750 in
1599 4690 1838 4770 suppli-

371 4785 594 4848 catione
641 4785 1054 4868 perfundenS,
1107 4793 1178 4847 ut
1226 4804 1405 4848 mens
1460 4805 1584 4848 non
1633 4787 1836 4849 valeat

369 4899 433 4943 ea
482 4884 600 4946 alio
652 4893 960 4966 tempore,
999 4901 1126 4946 non
1180 4883 1387 4945 dicam
1442 4903 1548 4946 ore
1598 4886 1833 4967 profer-

369 4997 446 5054 re,
488 4981 610 5044 imo
656 5001 774 5045 nec
822 4983 1159 5045 recordari.
1205 4982 1363 5044 Hinc
1413 4991 1509 5044 est
1556 4985 1724 5065 quod
1769 4986 1831 5046 in

367 5097 749 5164 quocumque
807 5088 975 5143 statu
1034 5081 1178 5162 quis
1243 5080 1509 5162 posituS,
1561 5081 1836 5145 effundit

367 5177 685 5260 aliquando
733 5199 924 5262 puras
973 5178 1374 5260 intentasque
1425 5197 1663 5260 preces.
1717 5181 1834 5254 Qui

368 5276 530 5339 enim
554 5278 756 5340 adhuc
793 5277 1176 5340 constitutus
1216 5284 1311 5339 est
1351 5276 1470 5339 sub
1501 5296 1689 5359 poena
1721 5287 1837 5342 ter—

1951 3118 2374 3182 exstinctione
2412 3120 2845 3200 quorumlibet
2891 3121 3219 3185 vitiorum·
3247 3122 3447 3185 Aliter

1953 3217 2193 3299 quippe
2252 3237 2651 3301 nequaquam
2702 3220 3036 3301 pervenire
3095 3221 3445 3302 poterimus

1951 3315 2030 3376 ad
2061 3315 2461 3378 sublimiores
2486 3316 3021 3398 supplicationum
3050 3319 3293 3399 species
3314 3319 3447 3399 jam

1953 3412 2267 3495 praefataS,
2318 3414 2437 3476 nisi
2492 3433 2604 3496 per
2653 3416 3113 3479 ordinationem
3167 3418 3446 3498 postula-

1951 3511 2201 3574 tionum
2237 3512 2501 3575 istarum
2539 3532 2717 3575 mens
2760 3521 2973 3577 nostra
3013 3515 3317 3597 paulatim
3358 3525 3447 3578 at-

1952 3629 2076 3692 que
2118 3610 2427 3691 gradatim
2472 3612 2788 3674 ascendat.

2311 3864 2815 3929 CAPITULUM
2878 3866 3094 3930 XVII.

1984 4012 2070 4068 De
2099 4017 2366 4083 quatuor
2391 4013 2738 4068 orationum
2765 4013 3073 4085 speciebus
3100 4031 3139 4071 a
3169 4016 3408 4074 Christo

2580 4099 2818 4172 effusis.

2072 4297 2390 4360 HRISTUS
2423 4296 2486 4358 in
2520 4297 2863 4377 Evangelio
2895 4298 3185 4378 dignatus
3216 4308 3312 4362 est
3341 4320 3443 4365 no-

2099 4395 2199 4456 bis
2236 4395 2488 4457 initiare
2526 4403 2798 4477 quatuor
2830 4397 3076 4477 species
3114 4397 3266 4459 istas
3306 4417 3439 4462 ora-

1945 4494 2217 4568 tionum,
2253 4493 2527 4574 implens
2570 4493 2634 4554 in
2678 4494 2797 4557 hoc
2836 4495 3006 4577 quod
3045 4495 3122 4557 de
3168 4496 3307 4577 ipso
3345 4507 3441 4561 est

1946 4592 2257 4673 scriptum
2294 4608 2307 4653 :
2342 4592 2489 4665 Quae
2528 4592 2721 4672 coepit
2758 4593 2937 4655 Jesus
2978 4591 3185 4656 facere
3229 4602 3291 4656 et
3333 4597 3439 4659 do-

1946 4709 2108 4753 cere.
2145 4690 2513 4753 Obsecravit
2542 4709 2818 4776 namque
2857 4711 3059 4774 quum
3091 4693 3251 4755 dixit
3283 4711 3297 4756 t
3332 4696 3439 4758 Pa-

1945 4796 2061 4863 ter,
2115 4789 2168 4850 si
2220 4788 2524 4871 possibile
2568 4796 2683 4862 est,
2730 4797 3005 4852 transeat
3046 4809 3084 4852 a
3128 4809 3229 4852 me
3275 4792 3437 4856 calix

1945 4887 2104 4966 iste;
2137 4887 2239 4949 vel
2270 4886 2430 4948 illud
2461 4887 2631 4968 quod
2663 4896 2948 4950 cantatur
2990 4889 3052 4950 in
3085 4888 3332 4952 Psalmo
3358 4910 3435 4954 ex

1943 4986 2084 5066 ejus
2134 5002 2404 5067 persona
2446 5003 2460 5046 t
2503 4985 2691 5058 DeuS,
2736 4987 2897 5048 Deus
2949 5005 3147 5062 meuS,
3189 4988 3435 5070 respice

1945 5085 2012 5146 in
2072 5101 2173 5145 me
2214 5101 2230 5161 3
2290 5103 2486 5165 quare
2546 5102 2648 5145 me
2705 5084 3099 5165 dereliquisti
3138 5088 3162 5146 3
3221 5085 3435 5148 Oravit

3476 1563 3583 1608 Luc.
3596 1569 3737 1617 vn‚47.

3495 4617 3597 4660 Act.
3621 4631 3648 4667 ι.
3675 4621 3712 4661 1.

3520 4713 3694 4758 Manli.

3465 4788 3579 4827 xxvi.
3607 4779 3673 4820 39.

3474 5005 3555 5048 Pa.
3572 5017 3657 5057 xxi,
3674 5009 3713 5050 2.

1944 5201 2146 5264 quum
2191 5181 2278 5243 ait
2312 5201 2325 5245 :
2360 5181 2559 5254 Pater,
2593 5199 2709 5262 ego
2750 5189 2809 5243 te
2850 5180 3195 5244 clarificavi
3242 5202 3433 5264 super
3458 5199 3727 5256 Jounnavu,

1944 5289 2206 5355 terram,
2257 5297 2418 5360 opus
2478 5278 2915 5341 consummavi
2975 5279 3144 5361 quod
3202 5279 3432 5344 dedisti

3460 5266 3501 5306 4.
