4359 6267
103 2309 124 2380 ll
135 2310 294 2360 Uen-m,

105 4551 192 4598 Pror-
204 4573 290 4614 mn,

107 4617 146 4658 17.
172 4621 264 4672 Juxta

105 4675 180 4721 ΠΧ.

945 540 1361 587 GOLLATIONUH
1402 541 1487 586 SS.
1523 541 1765 587 PATRUM
1807 541 1980 586 LIBER
2023 541 2085 586 11.
2130 558 2213 569 —·
2253 538 2537 587 COLLATIO
2576 541 2730 586 XVIII

3265 520 3386 584 349

313 733 376 776 ac
420 713 632 776 habitu
693 732 1012 776 summam
1069 713 1170 775 sui
1228 713 1431 794 ipsius
1488 711 1788 794 abjectio—
1818 713 1871 776 A
1899 712 2074 774 mina
2111 712 2237 774 sibi
2276 712 2356 774 ab
2393 713 2536 776 aliis
2574 718 2937 793 arroganter
2974 711 3291 793 imposita,
3322 718 3386 773 et

313 831 462 886 nem,
509 819 572 874 et
619 829 813 876 senex
870 832 1020 875 eum
1079 811 1435 874 hortaretur
1483 819 1554 873 ut
1613 829 1786 874 more

313 911 478 973 solito
518 911 870 973 orationem
909 909 1191 984 offerret,
1233 910 1340 972 ille
1383 929 1785 992 nequaquam

315 1028 578 1072 annuens
636 1009 1026 1091 deprecanti,
1078 1027 1367 1072 asserens
1425 1027 1492 1070 se
1541 1008 1788 1071 involu-

316 1117 436 1170 tum
473 1113 560 1171 tot
596 1107 772 1171 vitiis
812 1108 981 1189 quod
1026 1107 1326 1188 indignus
1369 1115 1536 1169 esset
1575 1125 1788 1170 aerem

315 1206 623 1288 respirare,
678 1204 1003 1287 refugiens
1053 1222 1307 1287 quoque
1359 1225 1546 1267 usum
1607 1205 1785 1288 parvi

317 1305 532 1379 sedilis,
563 1305 728 1367 sedit
760 1305 825 1366 in
858 1312 1039 1366 terra.
1076 1306 1411 1386 Quumque
1441 1305 1644 1367 multo
1675 1304 1788 1366 mi-

317 1424 420 1466 nus
460 1410 763 1465 annueret
801 1404 995 1484 pedes
1039 1420 1188 1465 suos
1232 1402 1450 1476 lavari,
1485 1401 1650 1465 facta
1691 1421 1786 1465 re-

317 1501 564 1564 sectione
613 1509 676 1562 et
727 1501 1188 1564 consuetudine
1242 1501 1596 1564 collationis
1653 1502 1783 1563 exi-

315 1608 500 1681 gente,
532 1601 726 1682 coepit
755 1619 904 1662 eum
943 1599 1138 1662 abbas
1170 1600 1472 1682 Serapion
1510 1599 1783 1682 benigne

315 1698 642 1781 leniterque
701 1716 962 1761 monere
1019 1717 1100 1761 ne
1158 1698 1396 1762 otiosus
1454 1706 1518 1760 et
1564 1716 1783 1779 vagus,

317 1797 642 1880 praesertim
700 1798 909 1860 adhuc
962 1797 1218 1879 juvenis
1275 1805 1405 1859 tam
1461 1797 1782 1870 robustuS,

1899 811 2201 892 irrogatas
2244 812 2513 894 injurias
2554 810 2915 875 toleraverit
2958 817 3285 873 mansueta
3324 817 3389 873 et

1899 910 2358 993 imperturbata
2399 910 2607 973 cordis
2650 908 3125 992 tranquillitate.

2285 1164 2789 1228 CAPITULUM
2851 1164 3005 1228 XII.

1933 1312 2367 1384 Interroyatio,
2390 1312 2660 1386 qualiter
2688 1311 3117 1386 tranquillitas
3144 1312 3361 1368 menti-3

2393 1402 2593 1473 possit
2625 1402 2890 1475 acquiri.
2930 1451 2950 1458 -

2037 1597 2399 1661 ERMANUS
2432 1618 2447 1662 ε
2482 1597 2785 1680 Optamus
2824 1615 3203 1680 cognoscere
3241 1618 3395 1680 qua-

2053 1697 2201 1759 liter
2247 1696 2367 1758 ista
2416 1696 2839 1778 tranquillitas
2896 1697 3099 1779 possit
3148 1696 3393 1779 acquiri

1897 1803 2005 1856 aut
2047 1795 2329 1868 retineri,
2364 1802 2435 1855 ut
2478 1795 2643 1857 sicut
2687 1795 3043 1858 claudimus
3084 1813 3178 1870 os,
3215 1802 3280 1858 et
3325 1795 3395 1857 li-

317 1914 416 1976 per
443 1895 732 1958 universa
759 1895 1142 1958 discurreret
1172 1895 1454 1958 instabili
1492 1895 1783 1974 levitate3
1822 1896 1869 1959 B
1899 1893 2209 1956 bertatem
2241 1892 2539 1976 loquendi
2569 1911 2859 1956 arcemus
2890 1893 3074 1956 nobis
3106 1893 3395 1975 injuncto

317 1994 410 2054 sed
440 1993 642 2074 potius
683 1994 968 2056 residens
999 1993 1066 2055 in
1097 1994 1256 2056 cella
1285 2013 1400 2056 sua
1433 1994 1784 2056 secundum

317 2092 616 2154 seniorum
674 2099 928 2163 statuta,
981 2099 1363 2154 sustentaret
1413 2111 1478 2154 se
1532 2093 1788 2174 proprio

318 2207 486 2271 opere
535 2190 734 2271 magis
780 2209 969 2272 quam
1021 2190 1229 2252 aliena
1277 2189 1674 2252 liberalitate.
1719 2191 1788 2252 ln

318 2288 468 2369 quod
509 2307 586 2350 ne
635 2289 956 2370 apostolus
1005 2288 1233 2350 Paulus
1282 2288 1612 2360 incideret,
1659 2307 1788 2351 ma—

320 2387 424 2447 luit
468 2387 737 2469 propriis
797 2386 1093 2449 manibus
1143 2387 1388 2468 operari
1439 2387 1665 2450 diebus
1715 2407 1788 2450 ac

317 2485 612 2560 noctibuS,
655 2493 724 2547 ut
766 2485 1210 2568 quotidianum
1260 2485 1502 2547 vietum
1556 2487 1790 2568 praebe-

317 2591 400 2644 ret
437 2603 510 2646 ex
553 2601 668 2646 suo
712 2583 923 2646 labore
972 2583 1094 2645 sibi
1147 2584 1268 2665 ipsi
1316 2603 1388 2646 ac
1431 2584 1530 2647 his
1573 2586 1684 2666 qui
1729 2586 1785 2647 ei

317 2681 749 2756 ministranteS,
787 2683 1036 2764 operari
1081 2699 1208 2744 non
1251 2681 1546 2745 valebant
1591 2684 1787 2746 mani-

317 2777 446 2850 buS‚
484 2796 678 2859 quum
717 2787 933 2840 tamen
981 2778 1356 2841 sustentatio
1401 2779 1520 2842 ista
1564 2779 1792 2842 merito

315 2875 631 2939 deberetur
660 2877 851 2940 Paulo
883 2876 950 2938 in
984 2876 1429 2958 praedicatione
1463 2877 1790 2959 Evangelii

317 2974 622 3037 laboranti.
666 2975 757 3037 Ad
800 2975 935 3038 haec
976 2975 1189 3036 Frater
1229 2975 1336 3036 ille
1375 2975 1654 3057 repletus
1696 2984 1792 3038 est

317 3080 472 3135 tanta
507 3073 761 3136 tristitia
799 3093 871 3136 ac
913 3073 1150 3148 dolore,
1184 3074 1353 3154 quod
1392 3073 1574 3136 vultu
1612 3075 1792 3137 dissi·
1829 3079 1872 3142 C

317 3171 540 3233 mulare
586 3190 716 3235 non
770 3171 976 3253 potuit
1030 3171 1521 3234 amaritudinem
1580 3180 1791 3235 mente

314 3278 685 3352 conceptam.
724 3269 838 3334 Cui
881 3270 1130 3333 locutus
1171 3279 1267 3333 est
1301 3291 1493 3333 senex
1528 3289 1542 3334 ε
1575 3271 1792 3334 Hacte-

312 3387 444 3439 nuS‚
487 3386 524 3431 o
567 3368 690 3443 rili,
737 3368 950 3430 dixisti
995 3377 1056 3430 te
1107 3370 1279 3431 omni
1330 3370 1608 3451 pondere
1651 3371 1792 3432 viti-

313 3483 480 3528 orum
534 3475 887 3540 oneratum,
941 3485 1067 3529 non
1119 3475 1407 3530 metuens
1467 3467 1790 3530 incurrere

313 3571 508 3627 notam
556 3565 940 3648 suspicionis
999 3566 1400 3628 accusatione
1447 3575 1578 3628 tam
1627 3575 1788 3629 atro-

314 3663 472 3724 cium
513 3671 956 3745 peccatorum3
999 3663 1174 3746 quid,
1208 3683 1441 3746 quae-s0,
1481 3683 1651 3726 nunc
1693 3674 1790 3726 est

313 3761 468 3841 quod
503 3762 686 3825 video
723 3769 786 3823 te
825 3769 998 3823 tanta
1041 3761 1471 3843 indignatione
1516 3780 1791 3826 commo-

315 3866 434 3921 tum
481 3861 558 3922 ad
607 3860 966 3942 simplicem
1017 3860 1628 3923 admonitiunculam
1679 3879 1788 3924 no-

315 3965 492 4019 stram
547 3958 801 4020 nullum
860 3958 924 4018 in
985 3977 1052 4021 se
1112 3958 1527 4041 opprobrium
1589 3959 1787 4021 conti-

315 4064 574 4129 nentem,
638 4057 767 4119 imo
828 4056 1166 4119 habentem
1230 4057 1296 4118 in
1358 4077 1424 4120 se
1481 4057 1787 4120 affectum

313 4152 652 4217 dilectionis
693 4160 756 4217 et
795 4153 1260 4228 aedificationiS,
1296 4155 1465 4237 quod
1509 4155 1791 4237 indigna-

1899 1992 2175 2064 silentio,
2211 1991 2297 2054 ita
2324 1981 2533 2054 'etiam
2584 1991 2899 2054 custodire
2944 1992 3263 2074 possimus
3313 1992 3397 2054 le-

1898 2090 2163 2152 nitatem
2226 2089 2878 2172 tranquillitatemque
2937 2089 3187 2169 cordis;
3246 2110 3395 2154 nam

1901 2205 2008 2250 cor
2048 2188 2369 2250 interdum
2412 2187 2649 2250 amittit
2690 2195 2923 2250 statum
2970 2189 3398 2251 mansuetudi-

1898 2286 1999 2348 nis
2059 2306 2189 2349 suae
2250 2286 2653 2358 intrinsecuS,
2715 2286 2905 2349 etiam
2965 2287 3117 2348 dum
3181 2286 3397 2368 lingua

1900 2383 2204 2446 frenatur.
2239 2384 2482 2447 Idcirco
2512 2391 2811 2466 putamus
2841 2402 2969 2447 non
2999 2384 3183 2446 aliter
3210 2403 3397 2467 posse

1900 2483 2268 2565 quempiam
2302 2499 2553 2545 servare
2585 2483 3139 2545 mansuetudinem
3180 2483 3395 2547 incon-

1901 2601 2176 2656 cussam,
2220 2582 2344 2644 nisi
2388 2583 2739 2645 remotione
2788 2583 2963 2646 cellae
3004 2589 3069 2644 et
3116 2582 3397 2646 solitario

1903 2680 2060 2743 1000.

2216 2933 2788 2997 CAPITULUM
2860 2934 3078 2999 XIII.

2249 3113 2255 3120 .
2340 3073 2671 3145 Responsio
2700 3072 2785 3128 ad
2812 3071 2957 3128 haee.

2031 3269 2331 3332 ΙΑΜΜΟΝ
2384 3287 2397 3330 :
2450 3270 2755 3333 Patientia
2803 3290 2953 3334 vera
2999 3279 3189 3354 atque
3237 3281 3402 3337 tran-

1907 3423 1914 3428 .
2047 3368 2333 3449 quillitas
2371 3387 2487 3430 nec
2527 3369 2948 3450 acquiruntur
2978 3391 3095 3434 nec
3124 3372 3400 3436 retinen-

1904 3473 2006 3527 tur
2045 3466 2182 3528 sine
2217 3466 2532 3548 profunda
2567 3468 2775 3530 cordis
2817 3468 3177 3533 humilitate
3212 3489 3226 3535 :
3260 3490 3401 3553 quae

1900 3565 2327 3646 tranquillitas
2376 3564 2429 3626 si
2479 3565 2557 3627 de
2608 3564 2781 3629 sonte
2831 3566 3213 3630 humilitatis
3262 3587 3402 3652 pro·

1901 3663 2184 3737 cesserit,
2218 3681 2342 3726 non
2391 3663 2603 3744 egebit
2645 3664 2932 3728 subsidio
2976 3666 3151 3729 cellae
3190 3686 3398 3749 neque

1899 3760 2147 3842 refugio
2175 3762 2471 3825 solitariae
2503 3763 2861 3826 mansionis„
2874 3765 3008 3827 Non
3032 3765 3205 3827 enim
3234 3784 3401 3847 quae-

1899 3861 1981 3921 rit
2010 3859 2405 3923 extrinsecus
2435 3861 2859 3942 patrocinium
2892 3861 2983 3924 rei
3016 3862 3394 3946 cujusquam

1901 3957 2008 4018 illa
2040 3958 2487 4040 tranquillitas,
2523 3979 2664 4042 quae
2703 3958 2970 4022 fulcitur
3010 3960 3393 4026 intrinsecus

1899 4057 2133 4120 virtute
2177 4057 2580 4132 humilitatis,
2622 4078 2753 4122 suae
2797 4060 3015 4122 matris
3058 4068 3248 4143 atque
3290 4081 3396 4123 cu-

1899 4156 2116 4218 stodis.
2154 4157 2447 4220 Ceterum
2490 4157 2541 4219 si
2583 4156 2663 4218 ab
2693 4158 2909 4239 aliquo
2943 4158 3227 4240 injuriati
3268 4167 3397 4221 tur-

315 4251 532 4315 tionem
563 4261 740 4315 tuam
769 4271 896 4316 non
928 4253 1192 4335 potuisti
1223 4255 1426 4316 celare
1452 4255 1788 4317 serenitate
1819 4261 1870 4322 D
1900 4255 2126 4317 bemur
2154 4263 2219 4316 et
2247 4255 2615 4330 irascamur,
2635 4264 2877 4318 certum
2911 4257 3080 4339 quod
3110 4275 3237 4320 non
3268 4259 3395 4320 sint

313 4352 509 4414 vultus
554 4351 908 4433 frontisque
950 4355 1116 4414 tuae‘l
1155 4351 1250 4413 An
1291 4360 1352 4414 te
1391 4352 1790 4415 humiliando

313 4451 670 4532 exspectasti
719 4449 986 4512 sortasse
1033 4450 1254 4512 audire
1299 4470 1336 4511 a
1385 4450 1569 4513 nobis
1618 4452 1785 4533 quod

311 4548 388 4608 ait
433 4549 776 4630 Scriptura,
817 4550 1031 4611 Justus
1076 4549 1143 4609 in
1188 4549 1504 4632 principio
1553 4569 1788 4612 sermo-

315 4645 400 4708 nis
437 4654 764 4710 accusator
805 4655 900 4710 est
942 4648 1090 4709 sui?

381 4745 532 4808 Hinc
576 4746 688 4808 illa
727 4754 821 4808 est
861 4765 1010 4809 vera
1048 4746 1375 4809 humilitas
1416 4748 1784 4829 reputanda,

313 4859 436 4922 quae
477 4843 804 4906 descendit
847 4863 970 4907 non
1023 4845 1101 4907 de
1148 4844 1444 4908 affectata
1492 4847 1787 4910 humilia-

314 4939 466 5004 tione
505 4942 800 5024 corporis
833 4961 906 5004 ac
950 4942 1314 5016 verborum,
1359 4945 1468 5006 sed
1517 4945 1594 5006 de
1645 4945 1788 5007 inti-

317 5057 406 5101 ma
445 5041 652 5104 cordis
703 5039 1044 5104 affectione
1086 5059 1100 5103 ε
1143 5062 1284 5123 quae
1327 5049 1479 5104 tunc
1522 5043 1791 5125 fulgebit

315 5137 792 5202 evidentissimis
841 5139 1040 5219 signis
1090 5139 1411 5221 patientiae.
1461 5161 1612 5216 suae,
1663 5161 1790 5205 non

316 5253 494 5314 quum
553 5237 700 5319 quis
759 5257 825 5299 se
882 5237 1094 5319 ipsum
1152 5240 1548 5301 accusaverit
1603 5249 1792 5322 atque

317 5330 620 5413 dejecerit,
644 5335 756 5396 sed
785 5335 936 5398 dum
965 5336 1408 5416 aequanimiter
1436 5337 1652 5400 tulerit
1684 5340 1798 5400 cri-

1902 4353 1966 4415 in
2011 4353 2197 4416 nobis
2243 4353 2655 4416 fundamenta
2697 4354 3077 4418 humilitatis
3119 4354 3395 4418 firmiter

1899 4451 2177 4514 stabilita
2221 4470 2235 4513 :
2278 4460 2539 4533 propter
2582 4453 2749 4534 quod
2792 4453 3139 4516 aedificium
3184 4454 3393 4517 cordis

1900 4550 2098 4612 nostri
2147 4550 2510 4612 concutitur
2553 4550 2810 4613 ruinosa
2852 4552 3278 4615 commotione
3315 4553 3394 4614 ad

1899 4649 2228 4711 incursum
2276 4656 2338 4709 et
2385 4656 2624 4711 tactum
2684 4649 2927 4731 exiguae
2973 4651 3387 4733 tempestatis,

1898 4747 2182 4829 Denique
2216 4748 2520 4829 patientia
2558 4765 2684 4810 non
2717 4758 2883 4811 esset
2914 4749 3250 4813 laudabilis
3284 4771 3391 4814 ne-

1898 4866 2022 4928 que
2063 4847 2372 4920 miranda,
2407 4846 2459 4908 si
2500 4847 3024 4928 tranquillitatem
3065 4867 3393 4913 conserva-

1899 4954 1994 5008 ret
2024 4963 2148 5007 non
2193 4945 2481 5026 impetita
2521 4944 2669 5006 ullis
2704 4945 2937 5026 jaculis
2976 4947 3390 5028 aemulorum3

1900 5045 2008 5107 sed
2051 5043 2115 5105 in
2167 5045 2288 5106 hoc
2330 5043 2408 5104 fit
2451 5044 2754 5124 praeclara
2796 5052 2858 5107 et
2897 5046 3189 5126 gloriosa,
3224 5050 3392 5129 quod

1902 5142 2253 5205 immobilis
2302 5150 2663 5225 perseverat
2706 5143 3093 5206 irruentibus
3144 5146 3209 5208 in
3251 5165 3392 5210 eam

1903 5241 2321 5303 tentationum
2368 5241 2683 5322 procellis.
2718 5243 2789 5304 In
2832 5260 2959 5323 quo
3000 5243 3172 5305 enim
3219 5252 3395 5326 puta-

1905 5347 2008 5400 tur
2037 5339 2252 5402 vexari
2293 5347 2355 5401 et
2386 5338 2587 5420 frangi
2630 5340 3029 5414 adversitate,
3066 5341 3131 5403 in
3168 5360 3246 5405 eo
3281 5361 3392 5425 po-
