4359 6267
148 803 341 854 Mutum,

151 871 192 910 lb·

102 3211 105 3216 Ι
185 3163 344 3218 Pacta&

1041 516 1458 565 COLLATIONUH
1499 519 1585 564 SS.
1618 518 1864 565 PATRUM
1903 518 2079 565 LIBER
2119 519 2182 564 11.
2228 537 2309 547 ·--
2350 519 2637 566 contulo
2675 521 2741 566 xl

3320 501 3441 566 273

367 687 478 750 boc
540 695 764 750 conat-u
831 686 1193 769 aliqualiter
1247 686 1724 761 sublevandam,
1787 687 1841 750 si
1869 685 1924 750 A
1949 687 2190 751 duitate
2229 689 2611 766 orationum,
2646 697 2715 752 ut
2743 691 2922 773 quasi
2963 691 3030 752 in
3070 690 3440 772 primaevam

371 786 687 868 providero
735 785 917 849 vobis
968 786 1075 849 ubi
1127 786 1525 850 commodius
1572 785 1844 868 reperia-

365 884 441 946 tis
477 884 904 967 evangelicam
945 884 1347 966 margaritam
1386 904 1580 966 quam
1619 884 1844 967 quaeri-

369 983 458 1056 tis,
501 1002 624 1065 qua
665 1002 880 1046 carere
923 1003 1028 1046 me
1064 983 1282 1047 fateor.

759 1277 1262 1343 CAPITULUM
1324 1279 1444 1343 111.

367 1465 692 1537 Descriptio
731 1465 918 1521 eremi
955 1465 1022 1519 in
1063 1480 1186 1537 qua
1219 1463 1621 1521 morabantur
1647 1465 1847 1521 sancti

465 1560 674 1627 patres
705 1554 1072 1618 Cleoeremon,
1101 1555 1378 1610 Nesteros
1403 1559 1462 1610 et
1488 1554 1726 1626 Joseph.

495 1777 653 1840 [ΨΜ
708 1777 925 1858 itaque
982 1776 1452 1858 accepissemus
1510 1795 1729 1858 peram
1781 1783 1844 1838 et

1950 786 2243 849 redactus
2290 787 2645 864 infantiam,
2693 790 3179 870 progrederetur
3219 797 3441 852 tenens

1950 893 2185 949 terram
2234 887 2572 950 submissis
2630 887 3068 970 protentisque
3126 888 3440 952 manibuS.
3530 913 3541 925 ·

1953 985 2147 1066 Cujus
2202 986 2645 1049 admirabilem
2694 987 2944 1048 vultum
3002 994 3067 1050 et
3126 987 3444 1051 incessum

1953 1083 2193 1166 pariter
2236 1085 2581 1160 intuenteS,
2618 1085 2729 1167 qui
2776 1085 2841 1146 in
2885 1092 3059 1147 tanta
3100 1092 3281 1148 aetate
3321 1105 3449 1150 non

1952 1182 2215 1264 reliquit
2261 1184 2646 1265 praeteritam
2690 1191 2755 1246 et
2796 1191 3113 1247 assuetam
3157 1184 3454 1247 districti-

1890 1305 1898 1312 ·
1961 1297 2174 1355 onem,
2219 1281 2583 1362 rogavimus
2621 1300 2769 1344 eum
2808 1289 2877 1344 ut
2914 1281 3185 1345 verbum
3226 1281 3456 1345 instru-

1954 1379 2182 1441 ctionis
2214 1387 2277 1442 et
2305 1380 2760 1443 exhortationis
2798 1380 3036 1443 faceret
3073 1380 3281 1454 nobiS,
3313 1398 3455 1463 pro-

1952 1484 2255 1541 testantes
2284 1495 2399 1540 nos
2431 1478 2682 1541 venisse
2712 1480 2789 1540 ad
2820 1497 2968 1540 eum
3000 1487 3259 1561 propter
3288 1479 3451 1542 hanc

1953 1594 2228 1638 causam.
2264 1575 2381 1649 Qui
2411 1577 2687 1657 graviter
2717 1577 3162 1658 ingemiscenS,
3196 1595 3453 1659 respon-

1953 1675 2047 1736 dit
2089 1692 2103 1736 :
2146 1674 2306 1748 Quid
2347 1675 2650 1738 doctrinae
2690 1693 2949 1757 possum
2990 1675 3173 1739 vobis
3210 1675 3451 1739 confer-

1955 1791 2042 1848 re,
2065 1774 2166 1836 cui
2196 1772 2529 1837 infirmitas
2560 1774 2837 1856 corporis
2866 1775 2953 1836 ita
2982 1774 3243 1838 abstulit
3266 1793 3452 1857 opem

521 1875 846 1948 baculum,
888 1882 954 1937 ut
1001 1875 1093 1937 ibi
1142 1875 1336 1938 moris
1376 1883 1474 1937 est
1514 1875 1842 1938 monachis
1880 1872 1928 1935 B
1959 1871 2281 1954 loquendi,
2332 1872 2501 1934 sicut
2550 1872 2856 1936 relaxavit
2908 1874 3182 1955 rigorem
3239 1873 3449 1956 pristi-

373 1974 668 2036 umversis
717 1974 890 2036 viam
938 1973 1418 2056 arripientibuS,
1466 1973 1690 2036 beatus
1736 1972 1846 2035 Ar-

370 2069 604 2133 thebius
652 2072 953 2153 perduxit
1001 2089 1116 2134 nos
1164 2072 1242 2132 ad
1292 2071 1614 2133 civitatem
1665 2089 1845 2132 suam

371 2157 789 2251 panephysim.
845 2169 1040 2251 Cujus
1090 2176 1321 2232 terram
1371 2188 1443 2231 ac
1503 2169 1846 2251 plurimam

373 2267 626 2349 regionis
680 2269 995 2350 contiguae
1037 2276 1282 2351 partem
1327 2270 1649 2350 quondam
1692 2285 1847 2349 opu—

374 2366 773 2429 lentissimam
814 2368 922 2447 (ex
962 2386 1110 2449 qua,
1153 2375 1223 2428 ut
1265 2366 1489 2442 fertur,
1533 2366 1844 2429 submini-

372 2465 716 2528 strabantur
765 2466 980 2528 omnia
1027 2465 1544 2547 regia,fercula),
1596 2485 1737 2548 quae
1786 2473 1845 2528 et

373 2566 684 2647 repentino
715 2573 896 2628 terrae
927 2572 1102 2627 motu
1133 2564 1258 2627 fuit
1286 2583 1573 2638 excussa,
1595 2565 1849 2647 operuit

374 2681 526 2725 mare
557 2663 792 2725 limites
823 2681 970 2726 suos
1001 2681 1350 2744 egressum,
1385 2662 1848 2744 occupavitque

374 2761 536 2824 salsis
566 2762 906 2844 paludibus
938 2770 1135 2824 terras
1168 2761 1308 2822 illas
1350 2759 1504 2823 olim
1537 2768 1665 2822 tam
1697 2760 1848 2823 ube-

376 2879 481 2934 reS,
514 2860 812 2924 omnibus
853 2879 1015 2942 pene
1056 2859 1215 2922 vicis
1257 2859 1596 2942 collapsis;
1629 2867 1694 2920 ut
1737 2878 1849 2940 pu-

377 2966 494 3020 tent
532 2959 982 3022 inhabitatores
1029 2959 1200 3020 illius
1245 2958 1591 3040 provinciae
1631 2957 1710 3019 ad
1755 2956 1852 3018 lit—

375 3065 554 3120 teram
602 3058 847 3120 dictum
896 3075 1035 3120 esse
1084 3058 1160 3119 de
1209 3056 1466 3138 regione
1511 3056 1638 3130 illa,
1679 3055 1846 3136 quod
1885 3057 1931 3122 C

345 3200 354 3220 2
377 3157 454 3218 ait-
475 3156 799 3220 Psalmista
822 3155 1074 3219 :Posuit
1103 3154 1376 3216 flumina
1406 3155 1472 3216 in
1501 3155 1846 3228 desertum,

378 3263 431 3317 et
463 3255 660 3318 exitus
699 3274 1009 3336 aquarum
1043 3254 1108 3316 in
1139 3253 1338 3328 sitim,
1370 3261 1604 3316 terram
1635 3252 1852 3315 fructi-

377 3353 554 3416 feram
593 3354 658 3416 in
697 3353 1110 3435 salsuginem,
1143 3371 1180 3414 a
1218 3352 1460 3414 malitia
1499 3351 1852 3414 inhabitan-

379 3453 522 3514 tium
557 3452 622 3515 in
667 3472 760 3515 ea.
804 3454 875 3514 In
919 3452 1018 3514 his
1063 3451 1257 3533 igitur
1300 3451 1478 3525 lociS,
1521 3451 1850 3512 inundatio

378 3548 513 3612 fecit
553 3551 753 3614 multa
793 3551 1029 3633 oppida
1073 3551 1138 3612 in
1183 3548 1714 3614 eminentioribus
1754 3556 1850 3610 tu-

383 3650 552 3712 mulis
591 3650 712 3712 sita
756 3650 996 3712 insulas
1039 3669 1199 3722 esse,
1245 3669 1388 3731 quae
1431 3648 1716 3732 praebent
1757 3667 1850 3710 so—

380 3746 690 3811 litudinem
737 3749 1155 3810 desideratam
1200 3747 1436 3810 sanctis
1476 3746 1634 3808 viris
1677 3747 1848 3808 hunc

383 3848 667 3909 mundum
697 3846 1128 3928 fugientibus:
1157 3846 1220 3908 in
1253 3846 1488 3928 quibus
1526 3845 1851 3907 moraban-

381 3951 468 4006 tur
494 3953 613 4008 tres
643 3945 1073 4028 antiquissimi
1104 3945 1518 4019 anachoretae,
1551 3943 1848 4007 videlicet

383 4042 746 4119 Ghaeremon,
791 4043 1085 4107 Nesteros
1127 4049 1191 4104 et
1229 4043 1478 4124 Joseph.

758 4335 1265 4401 CAPITULUM
1325 4334 1441 4397 IV.

412 4520 486 4576 De
511 4520 722 4577 abbate
747 4521 1147 4583 Cltoeremone,
1177 4525 1234 4575 et
1261 4521 1654 4576 eoecusatione
1680 4520 1816 4592 ejus

603 4610 682 4667 ab
713 4609 1097 4667 eoehibitione
1126 4608 1604 4680 informationis.

497 4835 732 4899 EATUS
775 4853 928 4916 ergo
976 4834 1316 4896 Arthebius
1367 4834 1575 4916 primo
1624 4835 1851 4916 perdu-

522 4935 608 4996 xit
659 4952 774 4997 nos
831 4935 910 4997 ad
963 4933 1458 5008 Chaeremonem,
1508 4933 1660 5016 quia
1708 4952 1852 5014 pro-

321 5063 324 5066 *
387 5029 662 5113 pinquius
693 5032 1026 5106 habitavit,
1060 5032 1329 5115 aliisque
1360 5032 1608 5095 duobus
1639 5033 1852 5095 senior

384 5124 505 5191 fuit.
529 5130 758 5214 Nempe
791 5150 990 5214 quum
1022 5131 1229 5194 alacer
1256 5130 1508 5213 spiritu,
1531 5140 1697 5195 esset
1729 5151 1852 5194 ma,

386 5223 469 5304 gis
503 5246 682 5310 quam
726 5237 984 5293 centum
1028 5247 1363 5304 annorum,
1406 5231 1664 5293 dorsum
1708 5231 1849 5311 ejus

388 5321 466 5386 sic
503 5325 700 5390 fuerat
742 5329 1146 5392 incurvatum
1190 5347 1320 5411 prae
1364 5328 1542 5393 senio
1585 5336 1647 5392 et
1694 5329 1848 5393 assi-

1958 1989 2114 2031 num
2158 1971 2622 2033 conversandi?
2667 1970 2946 2045 Qualiter
2988 1971 3161 2034 enim
3204 1971 3451 2034 audebo

1957 2069 2184 2131 docere
2226 2069 2398 2151 quod
2427 2087 2543 2151 ego
2575 2068 2713 2151 ipse
2744 2088 2871 2131 non
2904 2069 3116 2133 facio?
3146 2071 3269 2133 Aut
3297 2088 3451 2152 quo-

1957 2167 2146 2231 modo
2197 2168 2261 2229 in
2314 2167 2415 2230 his
2466 2168 2664 2230 alium
2718 2168 3077 2231 informabo
3127 2189 3267 2251 quae
3320 2169 3453 2232 scio

1958 2285 2059 2329 me
2089 2275 2196 2328 aut
2230 2267 2443 2328 minus
2473 2274 2581 2327 aut
2617 2266 2892 2348 tepidius
2931 2270 3271 2330 exercere?
3309 2267 3453 2330 Pro-

1958 2373 2099 2447 pter
2135 2384 2330 2447 quam
2372 2383 2629 2427 causam
2673 2382 2799 2427 non
2843 2366 3103 2448 permisi
3150 2366 3306 2428 mihi
3353 2384 3453 2428 co-

1955 2463 2243 2526 habitare
2284 2463 2564 2545 aliquem
2605 2463 2925 2545 juniorem
2959 2483 3161 2546 usque
3196 2465 3259 2526 in
3291 2448 3456 2527 hanc

1957 2570 2227 2636 aetatem,
2294 2581 2375 2624 ne
2433 2562 2695 2625 alterius
2766 2562 3080 2626 districtio
3141 2564 3455 2626 laxaretur

1958 2680 2100 2725 meo
2147 2661 2460 2744 exemplo,
2506 2662 2844 2744 Nunquam
2893 2663 3065 2724 enim
3111 2663 3453 2725 auctoritas

1959 2761 2332 2823 instruent-is
2396 2759 2630 2822 efficax
2696 2760 2837 2835 erit,
2908 2760 3031 2822 nisi
3098 2760 3450 2825 doctrinam

1958 2878 2138 2922 suam
2199 2858 2481 2921 affixerit
2545 2859 2759 2921 animo
2826 2859 3141 2922 audientis
3210 2859 3450 2922 effectu

1960 2958 2203 3040 proprii
2246 2956 2477 3039 operiS.

2388 3239 2892 3304 CAPITULUM
2950 3239 3033 3303 V.

2009 3416 2343 3488 Responsio
2372 3421 2585 3472 nostra
2612 3417 2697 3472 ad
2722 3417 3175 3474 excusationem
3204 3418 3421 3490 ipsius.

2101 3654 2148 3715 D
2181 3653 2317 3716 haec
2352 3654 2718 3734 compuncti
2758 3653 3132 3717 confusione
3168 3673 3295 3718 non
3332 3675 3458 3718 mc-

2128 3750 2350 3826 diocri,
2394 3752 2840 3833 respondimus
2876 3772 2890 3816 :
2933 3752 3231 3826 Quamvis
3272 3753 3455 3816 nobis

1959 3848 2261 3911 sufficere
2301 3849 2498 3930 possit
2544 3849 2621 3912 ad
2666 3868 2920 3913 omnem
2970 3851 3453 3914 instructionem

1959 3946 2312 4011 difficultas
2354 3947 2479 4010 loci
2521 3948 2727 4021 istiuS,
2761 3957 2870 4010 aut
2908 3948 3185 4012 solitaria
3218 3951 3349 4013 vita
3389 3951 3451 4013 in

1958 4047 2136 4108 senio
2196 4054 2391 4120 tanto,
2447 4066 2639 4128 quam
2692 4047 2951 4110 robusta
2995 4048 3299 4128 juventus
3348 4050 3454 4112 vix

1957 4145 2205 4220 tolerat,
2246 4165 2387 4227 quae
2429 4146 2649 4228 utique
2691 4146 3009 4208 instruunt
3052 4155 3112 4208 et
3152 4165 3457 4230 compun-

1877 4246 1927 4308 D
1957 4251 2114 4325 gunt
2157 4261 2272 4308 nos
2316 4244 2539 4323 valde3
2582 4261 2876 4326 rogamus
2921 4253 3153 4319 tamen,
3197 4254 3265 4308 ut
3312 4247 3458 4309 taci-

1959 4342 2262 4406 turnitate
2320 4342 2644 4425 paulisper
2702 4343 2945 4417 relicta,
3009 4345 3281 4407 instruas
3341 4364 3456 4409 nos

1959 4441 2295 4522 dignanter
2344 4461 2417 4504 ea
2459 4461 2573 4524 per
2612 4462 2756 4524 quae
2797 4442 3121 4506 valeamus
3166 4443 3459 4526 perfecti-

1959 4558 2149 4602 onem
2190 4560 2381 4623 quam
2421 4541 2715 4603 videmus
2755 4541 2822 4603 in
2864 4549 2945 4614 te,
2979 4543 3315 4623 complecti
3356 4545 3459 4606 ad-

1961 4639 2296 4702 miratione
2357 4641 2553 4720 magis
2613 4659 2806 4722 quam
2867 4640 3238 4704 imitatione.
3298 4642 3455 4704 Nam

1959 4738 2076 4800 etsi
2129 4746 2310 4820 tepor
2361 4745 2594 4812 noster,
2632 4737 2751 4800 tibi
2791 4737 3056 4802 forsitan
3116 4741 3479 4816 revelatus,

1961 4836 2082 4900 hoc
2123 4837 2463 4919 impetrare
2492 4855 2622 4899 non
2656 4846 3073 4919 promeretur,
3108 4837 3297 4902 debet
3335 4841 3454 4903 hoc

1958 4936 2246 4999 obtinere
2299 4935 2521 4998 saltem
2567 4935 2744 4998 labor
2785 4937 2944 4999 tanti
2988 4936 3256 5011 itineriS,
3303 4956 3455 5020 quo-

1960 5035 2130 5098 niam
2204 5033 2517 5097 desiderio
2572 5041 2798 5098 vestrae
2855 5034 3321 5098 informationis
3389 5045 3453 5099 et

1958 5151 2170 5196 amore
2203 5133 2401 5196 nostri
2441 5132 2765 5216 profectus
2804 5134 3285 5216 properavimus
3324 5135 3451 5198 huc

1960 5251 1998 5295 a
2045 5232 2185 5295 loco
2241 5250 2314 5293 ac
2374 5232 2752 5295 rudimentis
2812 5233 3086 5297 coenobii
3133 5233 3333 5297 nostri
3384 5232 3449 5296 in

1962 5329 2351 5425 Bethlehem.
