4359 6267
839 453 920 517 32
1724 479 1805 523 DE
1845 478 2174 527 INSTITUTIS
2217 480 2300 526 SS.
2336 480 2596 526 PATRUM.
2640 499 2721 510 —·
2759 482 2935 527 LIBER
2975 482 3042 527 111

1967 911 2478 1023 LIBER
2598 911 2803 1021 III

1051 1236 1156 1289 DE
1213 1231 1611 1284 CANONICO
1667 1230 2166 1283 DIURNARUM
2224 1230 2703 1284 ORATIONUM
2761 1233 2861 1286 ET
2914 1233 3413 1287 PSALMORUM
3471 1234 3723 1288 MODO.

1118 1579 1621 1645 CAPITULUM
1677 1578 2026 1643 PRIMUM
2361 1528 2412 1589 A
2444 1550 2567 1613 que
2619 1530 2879 1594 sabbato
2926 1539 2990 1593 et
3042 1532 3145 1594 die
3204 1532 3543 1608 dominica,
3587 1534 3651 1595 in
3700 1534 3938 1615 quibus

2033 1626 2046 1641 ”
2443 1636 2704 1710 propter
2760 1648 3003 1692 sacram
3066 1631 3583 1694 communionem
3642 1633 3941 1695 eonveni-

1283 1820 1288 1825 .
1395 1726 1774 1782 Prooemium.
2441 1734 2575 1788 unt.
2624 1726 2767 1789 Plus
2813 1728 2986 1790 enim
3026 1736 3123 1791 est
3163 1729 3227 1791 id
3266 1730 3436 1812 quod
3480 1729 3933 1803 indesinenter,

2440 1844 2631 1907 quam
2680 1827 2850 1907 quod
2903 1844 3017 1907 per
3062 1828 3371 1909 temporis
3420 1828 3751 1890 intervalla
3798 1847 3937 1911 per-

969 1922 1358 1985 XPEDITUM
1394 1922 1523 2001 jam
1560 1922 1688 1984 Deo
1727 1922 2000 1984 donante
2035 1922 2326 1996 arbitror,
2440 1923 2710 1985 solvitur
2759 1924 2927 2003 Deo;
2977 1933 3041 1986 et
3087 1926 3413 2007 acceptius
3461 1926 3521 1988 ei
3568 1936 3664 1989 est
3712 1927 3934 1990 volun-

989 2028 1298 2103 quantum
1339 2020 1616 2102 parvitas
1659 2021 1896 2101 ingenii
1936 2021 2136 2083 nostri
2176 2040 2330 2102 prae-
2438 2022 2671 2084 tarium
2708 2042 2961 2097 munuS,
2995 2043 3181 2105 quam
3213 2024 3433 2087 officia
3461 2045 3603 2107 quae
3633 2026 3936 2088 canonica

832 2120 1052 2193 valuit,
1084 2120 1163 2182 de
1193 2128 1505 2183 nocturno
1537 2121 1723 2182 modo
1753 2119 2108 2182 orationum
2139 2128 2328 2201 atque
2442 2122 2874 2201 compulsione
2906 2123 3271 2184 redduntur.
3296 2124 3471 2186 Unde
3500 2132 3565 2185 et
3592 2124 3788 2186 David
3810 2123 3939 2205 glo-

833 2217 1224 2300 psalmorum
1284 2219 1395 2299 qui
1456 2235 1568 2299 per
1621 2219 1960 2300 AEgyptum
2019 2224 2325 2279 servetur.
2442 2220 2672 2282 riosius
2716 2220 3136 2301 jucundatur,'
3180 2221 3449 2284 dicendo
3500 2239 3515 2283 :
3565 2222 3931 2284 Voluntarie
3976 2238 4061 2281 Ps.
4084 2240 4232 2285 uma.

836 2316 1018 2379 Nunc
1075 2336 1112 2377 a
1171 2315 1356 2378 nobis
1420 2316 1760 2378 dicendum
1824 2324 1920 2378 est
1977 2316 2054 2378 de
2111 2315 2331 2378 obser·
2442 2317 2818 2381 sacrificabo
2863 2318 3033 2397 tibi;
3082 2327 3165 2393 et,
3214 2320 3583 2382 Voluntaria
3628 2320 3757 2383 oris
3806 2320 3931 2383 mei
3990 2335 4245 2384 Panum,

841 2415 1093 2478 vatione
1153 2414 1398 2488 Tertiae,
1450 2414 1672 2487 Sextae,
1726 2421 1790 2476 et
1846 2413 2058 2489 Nonae,
2111 2432 2333 2476 secun-
2442 2416 2842 2499 beneplacita
2886 2416 3005 2491 fac,
3053 2418 3336 2481 Domine.
3918 2414 3933 2419 “
3966 2400 4067 2440 ¹⁰⁸·

840 2513 994 2575 dum
1026 2512 1309 2593 regulam
1341 2512 1866 2575 monasteriorum
1889 2513 2231 2576 Palaestinae
2260 2531 2333 2574 ao

842 2611 1328 2691 Mesopotamiae,
1362 2618 1432 2672 ut
1474 2610 1720 2692 praefati
1759 2631 1980 2673 sumus
2022 2612 2087 2672 in
2130 2611 2335 2693 prolo—

841 2726 942 2789 go,
976 2709 1204 2771 horum
1235 2708 1543 2772 institutis
1575 2709 1971 2772 moderantes
2001 2709 2335 2791 perfeetio—
2366 2713 2412 2775 B
2852 2672 3356 2736 CAPITULUM
3414 2673 3535 2736 ΠΙ·

843 2825 992 2869 nem
1032 2814 1223 2889 atque
1255 2807 1723 2871 immutabilem
1755 2807 2028 2889 rigorem
2059 2807 2339 2891 discipli·
2446 2820 2617 2886 Quod
2653 2836 2770 2891 per
2808 2825 2995 2875 totum
3034 2821 3325 2876 orientem
3366 2822 3592 2886 Tertia,
3629 2822 3843 2886 Sexta,
3886 2828 3944 2877 et

842 2924 942 2968 nae
981 2905 1437 2989 AEgyptiorum.
2514 2909 2691 2964 Nona
2719 2910 2805 2963 tri
2809 2909 2917 2965 bus
2936 2908 3196 2982 psalmis
3223 2910 3577 2981 eoeplcatur;
3600 2916 3657 2966 ct
3682 2928 3793 2968 cur
3819 2926 3946 2985 spe-

2515 2997 2762 3053 cialiter
2788 3000 2925 3055 istoe
2952 2999 3130 3055 Horoe
3156 3004 3486 3055 serventur.

1265 3160 1768 3225 CAPITULUM
1825 3161 1913 3224 ῙῙ·
2523 3203 2801 3278 TAQUE
2852 3206 2916 3266 in
2965 3204 3307 3268 Palaestinae
3356 3224 3429 3267 ac
3478 3193 3942 3289 Mesopotamiae

845 3320 1015 3387 Quod
1052 3318 1220 3391 apud
1255 3318 1575 3390 AE'yyptios
1616 3318 1842 3392 absque
1879 3319 2178 3374 Horarum
2214 3320 2336 3375 dis-
2552 3304 2871 3385 totiusque
2924 3304 3186 3365 orientis
3235 3305 3660 3381 monasteriis,
3710 3306 3939 3377 Tertia,

919 3409 1234 3471 tinctione,
1265 3423 1382 3479 per
1419 3412 1605 3463 totum
1649 3408 1808 3463 diem
1852 3407 2237 3464 orationibus
2282 3414 2339 3463 ct
2448 3400 2634 3463 Sexta
2680 3410 2744 3463 et
2790 3402 2966 3465 Nona
3013 3402 3218 3465 tribus
3268 3404 3533 3485 psalmis
3582 3403 3827 3478 finitur,
3876 3414 3943 3467 et

905 3497 1167 3570 psalmis
1184 3498 1430 3568 J'uyiter
1460 3497 1808 3561 insistatur,
1839 3512 1970 3553 cum
1996 3497 2339 3568 adjectione
2444 3500 2758 3563 orationes
2797 3500 3049 3562 assidue
3089 3501 3216 3564 Deo
3255 3502 3504 3564 statutis
3544 3503 3940 3585 temporibus

913 3586 1116 3659 01²0?ss
1159 3585 1485 3643 manuali&
2444 3595 2805 3659 offeruntur
2850 3614 2863 3658 :
2911 3604 3225 3678 quatenus
3272 3598 3711 3679 spiritualibus
3757 3598 3940 3661 obse-

2445 3695 2614 3777 quiis
2651 3694 2824 3775 justo
2856 3696 3287 3757 moderamine
3326 3697 3804 3773 consummatiS,
3836 3716 3943 3760 ne-

985 3793 1032 3855 B
1089 3792 1396 3875 AEgyptiis
1462 3812 1739 3875 namque
1789 3793 2025 3856 'officia
2090 3794 2335 3870 Tertiae,
2446 3794 2719 3855 cessaria
2774 3812 2966 3875 opera
3022 3794 3341 3857 manualia
3395 3794 3758 3859 nullatenus
3820 3797 3938 3858 im-

1003 3892 1226 3965 Sextae,
1258 3900 1322 3955 et
1358 3891 1570 3965 Nonae,
1605 3911 1746 3974 quae
1786 3893 1975 3954 certis
2012 3893 2184 3955 horis
2224 3912 2339 3975 per
2372 3899 2416 3962 C
2446 3892 2802 3974 pediantur.
2850 3892 2959 3953 His
3005 3893 3245 3974 quippe
3291 3892 3497 3955 tribus
3542 3895 3941 3975 temporibus
3970 3910 4243 3963 vamme.

844 3996 1209 4072 temporum
1268 3991 1600 4053 intervalla
1668 3991 1937 4054 Domino
2003 3992 2333 4065 solvimus,
2446 3991 2638 4053 etiam
2670 3991 2993 4053 Danielem
3035 3991 3409 4072 prophetam
3451 3992 3652 4071 Deum
3691 4010 3940 4056 exoras-

849 4088 1302 4170 persolvuntur
1349 4098 1694 4171 spontanee
1745 4090 2176 4152 indesinenter
2224 4110 2339 4173 per
2448 4108 2514 4151 se
2573 4088 2855 4170 quotidie
2915 4088 3173 4151 scimus.
3235 4089 3362 4152 Nec
3413 4090 3733 4153 immerito
3780 4098 3943 4153 tem-

846 4194 1050 4250 totum
1097 4188 1375 4268 spatium
1418 4188 1544 4249 diei
1598 4205 1743 4249 cum
1792 4205 1982 4268 opere
2033 4188 2331 4250 manuali.
2448 4206 2601 4269 pora
2632 4188 2751 4249 ista
2787 4187 3099 4267 religiosis
3136 4186 3375 4249 officiis
3414 4196 3561 4249 sunt
3600 4188 3943 4270 specialius

843 4286 935 4347 Ita
983 4303 1258 4367 namque
1310 4285 1593 4366 operatio
1642 4304 1948 4347 manuum
2007 4294 2339 4348 exercetur
2448 4289 2763 4370 deputata.
2788 4287 2859 4349 ln
2889 4287 2968 4349 iis
2998 4305 3275 4369 namque
3305 4288 3800 4368 promissionum
3829 4288 3945 4351 im·

844 4382 924 4446 ab
965 4384 1056 4444 eis
1096 4384 1487 4445 incessanter
1515 4383 1815 4464 privatim
1856 4384 1922 4445 in
1963 4383 2235 4459 celluliS‚
2268 4393 2339 4446 ut
2448 4385 2644 4467 pletio
2691 4392 2755 4447 et
2810 4403 3062 4446 summa
3118 4392 3347 4447 nostrae
3406 4384 3628 4447 salutis
3687 4393 3941 4467 peracta

846 4482 1234 4565 psalmorum
1261 4490 1322 4543 et
1349 4487 1700 4543 ceterarum
1721 4481 2188 4563 Scripturarum
2215 4502 2340 4546 me·
2448 4490 2561 4544 est.
2613 4482 2822 4544 Tertia
2870 4481 3106 4543 etenim
3156 4482 3309 4543 hora
3354 4482 3627 4563 Spiritus
3673 4483 3942 4545 Sanctus
3982 4505 4103 4551 Act.
4122 4521 4165 4557 ιι,
4188 4510 4244 4549 1⁵.
4321 4546 4322 4553 ,

846 4580 1066 4644 ditatio
1091 4598 1409 4661 nunquam
1433 4579 1685 4661 penitus
1711 4579 2035 4642 omittatur
2053 4580 2134 4643 ab
2161 4580 2334 4663 ipsis.
2448 4599 2564 4662 per
2620 4580 2959 4661 Prophetas
3023 4579 3467 4660 repromissus,
3527 4600 3720 4663 super
3775 4582 3940 4662 Apo-

859 4679 975 4742 Cui
1025 4677 1422 4741 meditationi
1475 4696 1695 4759 preces
1755 4686 1818 4740 et
1865 4678 2180 4741 orationes
2226 4700 2340 4761 per
2448 4678 2641 4741 stolos
2709 4678 3102 4742 orationibus
3162 4678 3525 4741 insistentes
3589 4680 3936 4742 descendit..

847 4777 1097 4859 singula
1127 4784 1451 4839 momenta
1482 4776 1841 4850 miscenteS,
1875 4784 2076 4840 totum
2103 4796 2338 4859 expen-
2447 4778 2782 4857 Quumque
2814 4784 3072 4858 propter
3102 4776 3389 4839 omnium
3424 4775 3785 4857 linguarum
3820 4777 3945 4840 elo-
4321 4846 4322 4849 Ἴ

848 4876 1007 4937 dunt
1031 4874 1201 4937 diem
1229 4875 1295 4935 in
1323 4874 1460 4936 istis
1491 4872 1760 4949 Officiis,
1781 4894 1922 4956 quae
1946 4893 2061 4937 nos
2086 4878 2337 4938 statutis
2450 4876 2771 4937 cutionem
2804 4875 2883 4937 ab
2913 4874 3231 4957 Apostolis
3263 4874 3713 4956 procedentem
3740 4876 3941 4938 Judaei
3974 4897 4245 4945 taedas-ss.
4321 4870 4322 4895 ³

845 4973 1018 5037 horis
1079 4972 1520 5055 persolvimus.
1575 4972 1995 5046 Quamobrem
2055 4975 2337 5055 exeeptis
2448 4974 2759 5035 increduli
2789 4974 3190 5048 mirarentur,
3214 4980 3278 5035 et
3308 4973 3627 5036 irridendo
3658 4974 3939 5037 dicerent
4321 4978 4322 4981 ’

843 5070 1226 5153 vespertinis
1270 5079 1332 5133 et
1373 5072 1700 5134 nocturnis
1744 5072 2335 5152 congregationibus
2368 5080 2418 5141 D
2447 5089 2555 5134 eos
2598 5080 2805 5134 musto
2844 5071 3139 5153 repletOS‚
3174 5079 3347 5133 stans
3384 5071 3602 5133 Petrus
3634 5072 3699 5133 in
3731 5072 3943 5135 medio

844 5176 1034 5250 atque
1079 5167 1347 5242 Officiis,
1383 5168 1558 5231 nulla
1601 5168 1680 5231 ab
1729 5169 1820 5231 eis
1867 5169 1934 5231 in
1976 5170 2078 5232 die
2122 5169 2335 5231 obser·
2447 5188 2689 5243 eorum,
2724 5170 2812 5232 ait
2846 5187 2859 5231 τ
2894 5170 3026 5231 Viri
3054 5169 3372 5245 Israelitae‚
3406 5176 3469 5231 et
3499 5170 3609 5251 qui
3641 5170 3943 5232 habitatis

843 5274 1029 5331 vatur
1058 5266 1400 5330 solennitas
1431 5267 1564 5329 sive
1595 5267 1944 5347 persolutio
1973 5266 2173 5344 Horae,
2198 5267 2336 5332 abs·
2444 5269 2791 5333 Jerusalem
2831 5268 3137 5344 universi,
3179 5269 3301 5330 hoc
3340 5267 3522 5331 vobis
3564 5275 3785 5330 notum
3829 5268 3935 5344 sit,
