4359 6267
867 493 985 559 192

1592 512 2005 559 COLLATJONUM
2050 513 2133 559 SS.
2168 512 2413 559 PATRUM
2453 512 2627 558 LIBER
2670 512 2708 557 1.
2753 530 2835 539 —·
2875 511 3160 558 COLLATIO
3201 512 3241 557 V

863 684 998 745 dari
1042 684 1107 746 in
1152 691 1521 767 paupertate
1563 684 1793 747 Christi
1840 682 2140 767 perfecta,
2174 683 2359 764 cujus
2389 684 2440 745 A
2469 690 2531 745 et
2574 682 2965 759 immundus,
3011 690 3120 745 aut
3166 702 3414 757 avaruS,
3465 681 3644 763 quod'
3685 688 3783 743 est
3829 682 3966 744 ido-

860 782 1175 865 passionis
1206 782 1471 863 vestigia
1509 782 1694 845 nobis
1737 783 1943 845 inesse
1982 784 2103 846 isto
2142 783 2362 864 depre-

860 880 1202 943 hendimus
1249 880 1430 961 signo
1474 900 1488 944 :
1532 881 1685 943 dum
1735 880 1980 943 scilicet
2021 881 2100 943 ab
2144 881 2360 962 aliquo

860 980 1147 1041 Fratrum
1192 980 1270 1041 ad
1314 979 1725 1042 refectionem
1776 980 2035 1054 detenti,
2079 997 2207 1042 non
2256 1000 2358 1042 su-

862 1097 1005 1139 mus
1037 1078 1315 1141 contenti
1348 1096 1599 1139 sumere
1627 1078 1843 1140 cibum
1874 1096 1949 1141 eo
1980 1096 2206 1159 sapore
2231 1094 2359 1159 quo

858 1196 895 1239 a
926 1177 1137 1239 Fratre
1178 1185 1433 1258 paratus
1472 1185 1589 1252 est,
1624 1178 1733 1240 sed
1773 1177 2139 1259 importuna
2172 1176 2359 1239 effre-

858 1282 1132 1357 nataque
1182 1275 1472 1337 libertate
1524 1276 1800 1357 petimus
1847 1276 2088 1358 aliquid
2137 1295 2356 1357 super-

857 1372 1062 1435 fundi.
1098 1374 1272 1446 Quod
1312 1372 1456 1436 fieri
1495 1374 1675 1436 nullo
1713 1376 1901 1438 modo
1944 1382 2212 1457 oportet,
2253 1375 2357 1436 tri-

861 1472 981 1534 hus
1012 1491 1089 1534 ex
1124 1473 1350 1535 causis,
1386 1473 1615 1546 Primo,
1648 1474 1798 1556 quia
1839 1492 2017 1535 mens
2061 1473 2352 1536 monachi

860 1570 1047 1633 debet
1089 1590 1342 1653 semper
1382 1572 1620 1634 versari
1664 1572 1729 1634 in
1778 1572 1953 1633 omni
2002 1572 2357 1634 exercitati-

860 1687 981 1732 one
1020 1670 1339 1751 patientiae
1376 1689 1448 1732 ac
1490 1671 1837 1752 parcitatiS,
1880 1680 1941 1733 et
1976 1671 2158 1752 juxta
2195 1671 2356 1753 Apo-

567 1780 831 1888 fihilimav,
861 1768 1119 1841 stolum,
1169 1768 1413 1831 discere
1461 1770 1528 1831 in
1578 1770 1812 1851 quibus
1870 1778 1966 1832 est
2019 1769 2353 1832 sufficiens

860 1964 1174 2027 desideria
1218 1965 1425 2027 carnis
1469 1967 1718 2028 occulta
1759 1967 1892 2029 sive
1938 1966 2199 2048 majora,
2243 1967 2352 2049 qui

860 2063 1296 2144 degustatione
1328 2064 1591 2127 modicae
1631 2065 2030 2127 insuavitatis
2067 2074 2176 2127 aut
2207 2065 2356 2128 insi-

862 2161 1144 2244 piditatis
1182 2169 1413 2235 mot-us,
1448 2181 1575 2226 non
1616 2164 1823 2245 potuit
1850 2163 1928 2226 ad
1960 2172 2355 2226 momentum

863 2258 1181 2322 refrenare
1228 2260 1503 2340 gutturis
1556 2260 1654 2322 sui
1705 2261 1985 2323 delicias,
2042 2262 2353 2336 Secund0,

859 2358 1012 2440 quia
1051 2358 1371 2421 interdum
1404 2360 1714 2441 contingit
1744 2367 1814 2421 ut
1842 2361 2053 2423 Frater
2084 2379 2212 2424 non
2251 2362 2358 2423 ha-

862 2457 1007 2519 beat
1054 2458 1222 2539 quod
1274 2457 1511 2539 petitur
1557 2458 1936 2539 superfundi
1985 2479 2096 2522 seu
2140 2460 2356 2541 adjici,

859 2562 924 2617 et
962 2556 1049 2617 ita
1089 2556 1400 2618 incutitur
1437 2556 1820 2619 verecundia
1862 2559 2218 2639 paupertati
2257 2560 2360 2622 vel

862 2653 1208 2735 frugalitati
1243 2655 1468 2737 ἱρείης,
1502 2656 1655 2717 dum
1688 2665 2025 2738 paupertas
2057 2658 2199 2738 ejus
2230 2677 2358 2720 ma-

863 2752 1221 2827 nifest-atur,
1255 2772 1445 2835 quam
1480 2754 1701 2815 maluit
1733 2754 1850 2817 soli
1882 2754 2011 2817 Deo
2042 2757 2358 2836 cognitam

862 2868 1020 2937 esse.
1076 2852 1305 2925 Tertio,
1358 2852 1660 2934 quoniam
1722 2870 1908 2933 sapor
1957 2872 2147 2933 quem
2204 2856 2361 2937 peti-

864 2968 1007 3011 mus
1047 2950 1261 3030 adjici‚
1296 2950 1676 3032 quandoque
1717 2951 2013 3033 displioet
2043 2953 2208 3028 aliis,
2243 2955 2361 3016 sic-

2470 782 2676 845 lorum
2717 783 3010 857 servitus,
3043 800 3170 845 non
3211 781 3400 843 habet
3438 780 3854 843 hereditatem
3894 780 3966 841 in

2469 900 2662 962 regno
2707 882 2938 943 Christi
2978 888 3041 943 et
3077 881 3208 943 Dei.
3244 880 3392 954 Quae
3428 879 3552 941 tria
3591 886 3662 940 ut
3699 898 3734 940 a
3773 878 3966 941 nobis

2469 980 2608 1061 pari
2646 979 2974 1061 diligentia
3017 987 3378 1052 caveantur,
3413 979 3632 1040 eadem
3675 977 3968 1040 exclusio

2467 1097 2504 1140 a
2547 1096 2741 1160 regno
2785 1079 2894 1140 Dei
2939 1086 3248 1161 perterret
3289 1096 3425 1141 nos,

2546 1178 2812 1260 Insuper
2843 1187 2968 1241 tres
3009 1186 3157 1239 sunt
3187 1177 3468 1239 avaritiae
3507 1176 3750 1258 species
3785 1193 3800 1237 :
3835 1176 3968 1257 pri—

2467 1296 2591 1351 ma,
2643 1296 2784 1359 quae
2840 1295 2968 1339 non
3027 1276 3178 1339 sinit
3237 1274 3672 1338 renuntiantes
3729 1275 3961 1336 nudari

2467 1375 2706 1437 divitiis
2739 1383 2799 1437 et
2833 1374 3242 1437 facultatibus
3281 1375 3451 1452 suis3
3484 1374 3781 1446 secunda,
3817 1392 3964 1455 quae

2466 1475 2803 1555 persuadet
2829 1481 2898 1536 ut
2929 1474 3154 1555 majori
3185 1472 3530 1555 cupiditate
3559 1490 3964 1534 resumamus

2465 1592 2606 1655 quae
2650 1581 2910 1655 propter
2951 1573 3152 1635 Deum
3201 1572 3600 1654 reliquimuS,
3643 1589 3756 1633 seu
3807 1588 3964 1651 pau-

2465 1670 2726 1751 peribus
2770 1669 3099 1749 dedimus3
3141 1670 3345 1742 tertia,
3387 1689 3528 1752 quae
3575 1668 3835 1749 instigat
3879 1668 3964 1729 ad

2465 1768 2952 1831 desiderandum
3012 1769 3111 1831 vel
3171 1767 3630 1851 acquirendum
3687 1786 3762 1829 ea
3817 1787 3966 1848 quae

860 1885 1017 1929 esse.
1062 1866 1432 1929 Nullatenus
1475 1868 1712 1930 etenim
1761 1868 1992 1950 poterit
2033 1867 2353 1931 refrenare
2391 1872 2437 1935 B
2468 1886 2585 1929 nec
2623 1874 2768 1929 ante
2802 1866 3164 1929 habuimus,
3200 1868 3312 1929 Irae
3351 1883 3605 1948 quoque
3644 1873 3771 1927 tres
3811 1874 3966 1926 sunt.

2466 1965 2710 2047 species
2760 1985 2773 2029 :
2825 1984 2972 2039 una,
3015 1984 3156 2047 quae
3206 1965 3378 2027 intus
3425 1962 3814 2041 exardescit;
3865 1982 3966 2024 se-

2466 2064 2694 2138 cunda,
2727 2084 2868 2146 quae
2913 2064 2980 2125 in
3021 2064 3214 2126 verba
3254 2070 3320 2125 et
3361 2062 3526 2125 sacta
3575 2062 3962 2144 prorumpit,

2466 2164 2544 2225 de
2587 2163 2822 2245 quibus
2865 2163 3151 2226 hortatur
3193 2162 3530 2244 Apostolus
3575 2180 3588 2223 :
3630 2160 3812 2224 Nunc
3855 2180 3968 2223 au·
4020 2184 4263 2228 οοιωω.

2467 2270 2594 2325 tem
2644 2262 2940 2344 deponite
2987 2271 3050 2323 et
3093 2279 3204 2324 vos
3251 2280 3508 2323 omnem
3557 2262 3716 2322 iram
3759 2268 3820 2322 et
3869 2260 3966 2321 in·
3997 2249 4043 2289 ³³·

2467 2360 2930 2441 dignationem3
2964 2360 3169 2434 tertia,
3192 2380 3333 2442 quae
3363 2377 3491 2422 non
3521 2360 3726 2422 solum
3759 2358 3971 2421 fervet

2470 2466 2530 2521 et
2570 2460 2754 2521 durat
2797 2478 2909 2541 per
2952 2460 3170 2522 horam
3215 2465 3285 2521 ut
3322 2459 3462 2521 aliae
3501 2458 3662 2531 duae,
3696 2459 3808 2521 sed
3852 2478 3974 2539 per

2470 2558 2605 2621 dies
2664 2566 2727 2620 et
2774 2566 3060 2639 tempora
3119 2565 3494 2620 reservatur.
3549 2558 3694 2631 Quae
3751 2558 3976 2619 omnia

2471 2658 2797 2739 aequaliter
2825 2657 3186 2729 abhorrere,
3219 2658 3419 2719 vitare
3449 2666 3640 2739 atque
3669 2657 3978 2719 damnare

2471 2757 2796 2819 debemus.
2822 2756 3135 2838 AmpliuS,
3171 2756 3443 2818 tristitiae
3474 2757 3614 2819 duae
3653 2763 3803 2817 sunt
3833 2774 3980 2837 spe-

2473 2856 2600 2918 cies
2657 2872 2670 2917 ε
2725 2874 2870 2927 una,
2923 2874 3064 2937 quae
3121 2862 3460 2935 generatur
3517 2855 3610 2916 ira
3659 2862 3972 2927 cessante,

2471 2954 2573 3016 vel
2605 2954 2836 3015 damno
2867 2952 3062 3027 illato,
3097 2960 3206 3014 aut
3236 2952 3552 3015 desiderio
3581 2961 3823 3015 cassato
3857 2968 3976 3014 seu

863 3068 987 3130 que
1033 3048 1253 3110 multis
1299 3049 1601 3129 injuriam
1652 3050 2025 3131 irrogamuS,
2069 3052 2224 3113 dum
2269 3072 2362 3115 sa·
2398 3057 2440 3120 C
2474 3052 2817 3133 impedit03
2861 3052 3004 3125 alia,
3046 3071 3188 3133 quae
3236 3052 3562 3115 descendit
3603 3070 3680 3113 ex
3730 3051 3980 3113 irratio-

861 3147 1157 3209 tisl'acere
1200 3148 1495 3229 cupimus
1535 3148 1698 3229 gulae
1734 3156 1796 3210 et
1827 3149 2362 3231 concupiscentiae

866 3254 1097 3309 nostrae
1132 3265 1145 3310 :
1182 3252 1440 3328 propter
1470 3247 1640 3328 quod
1682 3247 1800 3309 ista
1842 3247 2098 3309 libertas
2128 3256 2226 3311 est
2256 3268 2362 3331 pe-

865 3344 1039 3407 nitus
1080 3346 1465 3407 detestanda.

946 3444 1249 3507 Praeterea
1278 3450 1405 3505 tres
1442 3451 1591 3505 sunt
1623 3444 1868 3525 species
1902 3444 2360 3509 fornicationis

864 3542 1073 3606 Prima
1102 3550 1195 3604 est
1228 3541 1450 3604 illicita
1481 3541 1813 3624 utriusque
1844 3562 2031 3605 sexus
2063 3546 2366 3608 commix-

868 3642 975 3705 tio.
1012 3641 1301 3704 Secunda
1330 3639 1409 3702 fit
1440 3640 1681 3723 absque
1715 3648 1887 3703 tactu
1917 3642 2216 3720 femine0‚
2252 3663 2366 3728 pro

562 3760 839 3811 (mmm,
871 3761 997 3825 qua
1021 3742 1196 3806 Onan
1222 3742 1399 3804 filius
1424 3740 1597 3804 Judae
1622 3741 1995 3823 patriarchae
2026 3762 2366 3825 percussus

561 3826 627 3867 ¹⁰·
869 3840 1287 3920 describitur3
1314 3860 1457 3923 quae
1487 3840 1552 3901 in
1586 3840 1929 3921 Scripturis
1962 3841 2370 3905 immunditia

604 3956 745 4001 icor.
765 3970 837 4007 vu,
868 3939 1248 4022 appellatur,
1273 3940 1351 4001 de
1382 3957 1508 4021 qua
1530 3938 1907 4020 Apostolus:
1935 3939 2107 4013 Dico,
2133 3940 2365 4022 inquit,

580 4022 621 4071 δ’
646 4023 688 4063 ⁹·
869 4038 1157 4120 innuptis
1199 4045 1262 4101 et
1298 4037 1531 4112 viduis,
1563 4036 1809 4100 Bonum
1844 4045 1941 4099 est
1977 4037 2101 4101 illis
2138 4038 2191 4100 si
2231 4059 2371 4123 per-

870 4138 1222 4201 manserint
1264 4136 1430 4199 sicut
1473 4154 1589 4217 ego
1633 4155 1646 4200 :
1692 4135 1861 4218 quod
1906 4137 1958 4198 si
2003 4154 2130 4199 non
2174 4139 2373 4200 conti-

870 4243 1047 4310 nent,
1098 4235 1394 4314 nubant3
1456 4234 1686 4296 melius
1744 4242 1841 4296 est
1898 4234 2071 4296 enim
2128 4235 2370 4299 nubere
2400 4243 2450 4305 D

872 4354 1065 4418 quam
1108 4334 1227 4395 uri.
1266 4332 1475 4396 Tertia
1516 4340 1612 4394 est
1652 4352 1793 4415 quae
1839 4340 2049 4395 mente
2094 4335 2372 4417 concipi-

868 4441 995 4507 tur,
1015 4433 1093 4494 de
1122 4450 1249 4513 qua
1277 4432 1343 4493 in
1370 4431 1714 4513 Evangelio
1745 4430 2025 4513 loquitur
2051 4432 2367 4498 Christus:

602 4544 839 4596 Manna.
871 4530 988 4605 Qui
1023 4530 1255 4593 viderit
1292 4530 1628 4592 mulierem
1666 4530 1743 4592 ad
1784 4530 2368 4612 concupiscendum

573 4611 641 4651 ²⁸·
871 4648 1033 4701 eam,
1065 4628 1196 4709 jam
1231 4628 1583 4691 moechatus
1614 4636 1709 4690 est
1739 4648 1878 4691 eam
1910 4629 1976 4691 in
2008 4630 2198 4692 corde
2230 4649 2363 4694 suo.

872 4728 1034 4800 Quas
1078 4733 1205 4788 tres
1250 4726 1495 4809 species
1539 4726 1760 4789 beatus
1802 4729 2139 4811 Apostolus
2185 4730 2369 4793 docet

597 4838 838 4893 column,
870 4825 1007 4908 pari
1040 4825 1230 4888 modo
1258 4824 1687 4899 eradicandaS,
1707 4826 1975 4890 dicendo
1999 4845 2013 4889 :
2037 4828 2370 4891 Mortifica-

576 4904 617 4946 5·
869 4932 930 4987 te
968 4923 1258 4986 membra
1286 4931 1495 4985 vestra
1531 4943 1671 5006 quae
1708 4932 1856 4985 sunt
1885 4944 2078 5007 super
2108 4934 2363 5002 terram,

867 5021 1381 5097 fornicationem,
1433 5021 1928 5097 immunditiam,
1981 5024 2363 5105 libidinem3

573 5133 836 5191 Ephes.v‚3.
868 5130 930 5185 et
975 5122 1206 5184 iterum
1252 5121 1329 5183 de
1375 5120 1669 5183 duabus:
1713 5122 2086 5197 Fornicatio,
2131 5124 2362 5205 inquit,

867 5227 931 5283 et
970 5219 1380 5282 immunditia
1421 5237 1540 5281 nec
1584 5220 1994 5283 nominentur
2033 5222 2099 5284 in
2142 5222 2362 5303 vohis3

610 5332 728 5379 ιὸεα.
756 5336 796 5377 5.
868 5318 1168 5404 itemque,
1189 5319 1421 5382 Scitote
1448 5319 1748 5404 quoniam
1780 5320 1989 5385 omnis
2019 5320 2365 5387 fornicator

2472 3151 2669 3213 nabili
2715 3152 2948 3213 mentis
2997 3151 3311 3213 anxietate
3354 3159 3464 3212 aut
3507 3150 3971 3232 desperatione.

2472 3251 2720 3314 Acediae
2769 3269 3023 3333 quoque
3069 3251 3211 3312 duae
3253 3256 3408 3322 *sunt
3455 3249 3701 3331 species
3752 3267 3767 3311 :
3819 3268 3974 3323 una,

2475 3370 2616 3433 quae
2647 3351 2723 3412 ad
2755 3367 3054 3412 somnum
3086 3350 3381 3428 inclinat3
3404 3348 3548 3423 alia,
3571 3368 3712 3431 quae
3743 3348 3978 3410 cellam

2474 3450 2763 3511 deserere
2803 3467 2875 3510 ac
2915 3448 3134 3529 fugere
3181 3456 3413 3509 monet.
3447 3448 3636 3510 Porro
3677 3448 3976 3529 quamvis

2475 3566 2636 3609 vana
2693 3546 2892 3628 gloria
2949 3546 3032 3608 sit
3079 3546 3417 3629 multiplex
3463 3554 3526 3608 et
3573 3546 3638 3607 in
3688 3546 3975 3607 diversas

2476 3646 2720 3728 species
2761 3646 3100 3719 dividatur,
3136 3647 3261 3708 duo
3300 3653 3513 3707 tamen
3555 3652 3704 3707 sunt
3739 3663 3978 3726 genera

2476 3746 2616 3826 ejus
2652 3762 2665 3806 :
2702 3764 2924 3816 unum,
2967 3762 3094 3826 quo
3136 3745 3213 3806 de
3264 3743 3624 3806 carnalibus
3665 3750 3728 3806 et
3773 3743 3975 3804 mani-

2477 3844 2656 3906 festis
2707 3844 2979 3905 inaniter
3025 3844 3409 3924 gloriamur3
3459 3842 3654 3915 aliud,
3706 3860 3834 3924 quo
3883 3842 3977 3903 in-

2477 3943 2888 4005 flammamur
2918 3942 3233 4005 desiderio
3262 3962 3439 4004 vanae
3470 3941 3674 4003 laudis
3705 3958 3823 4023 pro
3851 3940 3976 4023 spi·

2480 4039 2816 4102 ritualibus
2859 4048 2922 4101 et
2965 4039 3252 4100 occultiS.

2863 4294 3368 4358 CAPITULUM
3428 4293 3584 4357 XII.

2718 4434 2793 4490 In
2831 4449 2948 4506 quo
2983 4449 3146 4489 vana
3179 4432 3387 4505 yloria
3419 4434 3503 4489 sit
3538 4432 3734 4488 utilis.

2617 4630 3094 4694 ERUMTAMEN
3143 4650 3304 4692 vana
3359 4630 3560 4712 gloria
3611 4629 3857 4692 utiliter
3907 4631 3970 4692 in

2646 4748 2713 4791 re
2773 4748 2899 4790 una
2956 4728 3304 4790 assumitur
3355 4727 3435 4791 ab
3486 4727 3967 4809 incipientibus.

2478 4829 2577 4890 his
2619 4827 2968 4910 praesertim
3009 4827 3119 4909 qui
3159 4827 3366 4889 adhuc
3408 4826 3768 4889 carnalibus
3799 4826 3968 4888 vitiis

2478 4927 2859 5007 instigantur
2894 4946 2907 4989 ε
2942 4926 3121 4988 verbi
3160 4926 3381 5007 gratia,
3415 4926 3468 4988 si
3507 4933 3660 4987 tunc
3700 4925 3853 4988 dum
3893 4925 3966 4986 de

2476 5024 2895 5087 fornicatione
2935 5031 3277 5095 tentantur,
3313 5033 3524 5087 mente
3562 5025 3964 5107 conceperint

2475 5124 2879 5187 sacerdot-alis
2918 5123 3119 5186 officii
3161 5123 3558 5204 dignitatem,
3590 5130 3700 5183 aut
3734 5123 3961 5184 samam

2473 5243 2600 5305 qua
2641 5242 2677 5284 a
2725 5222 2942 5284 multis
2993 5223 3340 5285 creduntur
3387 5240 3526 5284 esse
3574 5220 3959 5283 immaculati

2471 5330 2533 5387 et
2563 5322 2796 5403 sancti3
2828 5328 2892 5383 et
2924 5322 3010 5385 ita
3049 5322 3273 5387 saltem
3310 5322 3429 5385 hac
3459 5320 3958 5387 consideratione
