4359 6267
1216 520 1633 569 coLLATmNun
1674 522 1758 567 SS.
1792 522 2037 569 mmm!
2077 520 2255 567 tumn
2295 522 2334 567 1.
2377 540 2458 549 —
2497 520 2784 568 COLLATlo
2825 522 2870 567 11

489 689 635 750 dem
688 696 911 751 orante
961 690 1253 772 permisit
1310 690 1638 771 inexperto
1696 690 1790 751 illi
1850 690 1985 752 seni
2016 690 2067 753 A
2095 690 2266 752 viam
2310 690 2556 753 audiret
2598 708 2612 752 :
2655 692 2874 772 Surge,
2917 690 3234 772 inquienS‚
3276 697 3340 753 et
3380 690 3584 771 ingre·
3635 707 3878 761 Aetam.

490 787 727 868 infligi,
758 788 1041 850 evidenti
1084 795 1295 851 tamen
1336 788 1551 851 docuit
1592 788 1987 870 experimen-

488 894 577 959 to,
623 886 939 969 patefacta
976 894 1235 968 peccata
1272 904 1399 948 non
1441 887 1647 949 solum
1684 904 1810 948 non
1848 904 1987 947 esse

490 986 936 1067 exprobranda
992 986 1303 1068 peccanti,
1357 986 1465 1048 sed
1530 1004 1647 1047 nec
1704 984 1985 1047 dolorem

482 1084 637 1163 ejus
686 1102 825 1146 esse
878 1085 1058 1166 parvi
1107 1084 1537 1166 pendendum,
1590 1084 1719 1145 imo
1776 1084 1987 1164 potius

484 1180 869 1243 liniendum.
923 1182 1257 1264 Propterea
1305 1181 1527 1243 levitas
1576 1181 1767 1242 unius
1816 1181 1987 1242 senis

480 1287 601 1340 aut
646 1297 996 1360 paucorum
1040 1296 1166 1341 non
1209 1286 1439 1342 terreat
1482 1296 1618 1353 nOS,
1656 1297 1774 1340 nec
1812 1297 1988 1340 aver-

482 1384 581 1437 tat
624 1375 704 1437 ab
743 1376 1183 1438 observatione
1224 1376 1515 1438 salutaris
1553 1376 1858 1438 doctrinae
1892 1394 1985 1437 se-

480 1474 745 1536 niorum
788 1480 1175 1547 sanctorum,
1218 1473 1329 1555 qui
1379 1475 1730 1536 docuerunt
1771 1474 1989 1535 omnia

477 1571 753 1633 senibus
814 1571 1118 1649 revelari3
1178 1571 1473 1652 quamvis
1535 1570 1986 1632 callidissimus

478 1669 694 1731 hostis
732 1669 1029 1731 abutatur
1068 1670 1299 1731 canitie
1339 1669 1781 1750 insipientium
1824 1668 1988 1730 seni-

478 1786 676 1830 orum
707 1768 783 1829 ad
810 1768 1141 1849 juniorum
1171 1768 1631 1849 deceptionem.
1660 1768 1819 1829 Hinc
1850 1766 1987 1828 abs-

3470 500 3588 565 159

2096 788 2244 850 dere
2287 788 2632 863 civitatem,
2664 796 2728 851 et
2769 789 2858 850 ibi
2899 789 3146 851 dicetur
3181 789 3300 851 tibi
3339 789 3494 871 quid
3523 795 3586 851 te

2096 894 2384 968 oporteat
2430 885 2656 948 facere.
2704 887 2891 949 Mittit
2939 886 3152 968 itaque
3199 886 3460 949 Paulum
3509 887 3587 949 ad

2097 984 2435 1057 seniorem,
2478 985 2698 1046 volens
2744 1004 2892 1047 eum
2941 984 3153 1065 potius
3202 984 3447 1045 institui
3499 1004 3592 1047 se-

2096 1080 2296 1143 nioris
2347 1080 2520 1143 illius
2570 1082 2878 1155 doctrina,
2922 1100 3112 1163 quam
3158 1100 3272 1143 sua
3306 1098 3320 1142 τ
3355 1099 3434 1142 ne
3475 1081 3593 1142 sci-

2098 1179 2248 1240 licet
2283 1179 2347 1241 id
2378 1180 2548 1260 quod
2589 1187 2758 1241 recte
2797 1187 3044 1260 gestum
3077 1172 3242 1241 esset
3274 1179 3340 1239 in
3378 1178 3590 1252 Paulo,

2099 1278 2409 1360 praeberet
2454 1278 2596 1340 aliis
2646 1277 3160 1360 praesumptionis
3203 1276 3590 1357 exemplum,

2098 1378 2252 1440 dum
2300 1379 2738 1459 unusquisque
2782 1378 3041 1439 sibimet
3082 1375 3488 1458 persuaderet
3525 1394 3592 1437 se

2099 1494 2352 1558 quoque
2385 1476 2798 1539 conformiter
2827 1475 3057 1537 debere
3089 1474 3335 1535 institui
3366 1473 3594 1535 doctri-

2100 1594 2180 1636 na
2222 1592 2295 1635 ac
2339 1573 2700 1654 magisterio
2742 1573 2853 1635 Dei
2904 1572 3100 1634 solius
3149 1572 3350 1651 magis
3399 1590 3608 1652 quam,

2100 1672 2443 1733 seniorum.
2517 1672 2711 1743 Quam
2787 1670 3350 1752 praesumptionem
3423 1668 3592 1731 idem

2097 1768 2437 1851 Apostolus
2464 1771 2650 1831 docet
2680 1769 2935 1850 penitus
2975 1768 3431 1841 detestandam,
3463 1785 3590 1829 non

480 1884 621 1947 que
646 1865 779 1928 ullo
800 1866 1201 1928 verecundiae
1224 1865 1622 1947 operimento
1650 1864 1863 1926 omnia
1889 1865 1986 1926 de·
2022 1866 2068 1929 B
2100 1867 2326 1929 litteris
2387 1874 2656 1939 tantum,
2709 1867 2818 1928 sed
2877 1866 3072 1928 etiam
3127 1883 3318 1947 opere
3373 1872 3436 1928 et
3486 1882 3592 1926 ex-

478 1962 645 2025 bent
684 1962 1045 2025 senioribus
1084 1962 1369 2025 revelari.
1406 1963 1499 2024 Ab
1535 1961 1692 2043 ipsis
1731 1979 1985 2043 quoque

478 2061 881 2123 fiducialiter
914 2061 1221 2123 sumenda
1259 2069 1409 2123 sunt
1440 2060 1742 2122 vitiorum
1785 2079 2007 2122 reme--

474 2160 593 2221 dia
630 2166 693 2221 et
731 2159 1231 2221 conversationis
1271 2158 1565 2239 exempla
1597 2177 1610 2221 :
1648 2158 1716 2218 in
1747 2157 1983 2239 quibus

470 2257 897 2338 experiemur
955 2274 1142 2338 opem
1204 2257 1513 2337 aequalem
1576 2255 1981 2337 similemque

470 2354 815 2427 effectum,
850 2354 903 2416 si
938 2372 1242 2417 conemur
1270 2354 1361 2415 nil
1395 2354 1649 2435 penitus
1681 2351 1980 2415 affectare

476 2460 706 2516 nostro
742 2452 989 2533 judicio
1034 2452 1656 2534 praesumptioneque
1702 2450 1976 2533 propria.

782 2703 1403 2767 CAPITULUM
1474 2702 1683 2766 XIV.

848 2844 936 2899 De
962 2844 1275 2899 vocatione
1299 2842 1619 2899 Samuelis

2096 1966 2351 2047 emplo;
2407 1983 2693 2027 asserens
2751 1984 2820 2027 se
2869 1964 3322 2046 lerosolymam
3380 1980 3593 2025 ascen-

2096 2063 2266 2123 disse
2329 2062 2535 2124 solum
2595 2062 2675 2125 ob
2737 2061 2878 2134 hoc,
2941 2069 3012 2122 ut
3067 2060 3385 2123 conferret
3442 2078 3588 2121 cum

2094 2158 2602 2221 antecessoribus
2646 2166 2708 2221 et
2751 2157 3129 2239 coapostolis
3169 2158 3324 2230 suiS,
3358 2157 3592 2219 exami-

2095 2258 2348 2320 natione
2397 2256 2743 2319 domestica
2783 2263 2845 2318 et
2890 2256 3152 2337 privata,
3186 2255 3587 2336 evangelium

2093 2356 2262 2437 quod
2304 2355 2601 2436 gentibus
2654 2353 3035 2435 praedicabat
3073 2354 3415 2415 comitante
3451 2372 3586 2433 gra-

2092 2455 2180 2515 tia
2229 2453 2502 2535 Spiritus
2552 2453 2763 2515 Sancti
2823 2470 2971 2513 cum
3030 2458 3335 2533 potestate
3383 2451 3586 2531 signo-

2092 2570 2234 2613 rum
2285 2559 2347 2613 et
2396 2550 2830 2632 prodigiorum
2874 2566 2888 2610 ε
2931 2550 3009 2610 Et
3055 2549 3318 2622 contuli,
3353 2548 3582 2630 inquit,
3617 2563 3876 2615 anm-..2

2092 2668 2241 2712 cum
2284 2648 2412 2710 illis
2453 2648 2852 2729 evangelium
2895 2647 3064 2728 quod
3109 2646 3382 2727 praedico
3423 2646 3589 2709 inter

2091 2756 2333 2828 genteS,
2378 2766 2457 2808 ne
2496 2746 2659 2809 forte
2700 2746 2767 2807 in
2806 2763 3080 2808 vacuum
3120 2762 3439 2806 currerem
3479 2752 3591 2806 aut

2094 2845 2540 2907 cucurrissem.
2576 2843 2727 2917 Quis
2769 2861 2920 2924 ergo
2957 2849 3087 2904 tam
3132 2848 3591 2923 praesumptuo-

2096 2962 2204 3004 sus
2235 2950 2298 3003 et
2328 2960 2532 3005 caecus
2567 2942 2708 3015 erit,
2745 2948 2814 3003 ut
2847 2941 3074 3003 audeat
3103 2958 3171 3002 se
3204 2940 3462 3021 proprio
3488 2940 3588 3021 ju-

618 3038 994 3103 RAETEREA
1036 3039 1154 3100 ista
1191 3038 1479 3101 doctrina
1514 3039 1577 3099 in
1609 3046 1855 3101 tantum
1891 3046 1987 3101 est
2022 3040 2065 3103 C
2096 3040 2265 3102 dicio
2295 3058 2368 3101 ac
2400 3038 2767 3102 discretioni
2800 3038 3220 3109 committere,
3244 3056 3444 3118 quum
3465 3038 3588 3101 Vas

646 3137 877 3219 placita
926 3138 1084 3209 Deo,
1138 3144 1207 3198 ut
1259 3137 1661 3198 inveniamus
1720 3156 1859 3198 eam
1920 3136 1985 3197 in

144 3260 321 3313 1⁸29.
340 3270 419 3299 ιιι.
482 3237 837 3319 Scripturis
894 3243 1274 3298 contentam.
1337 3235 1494 3297 Nam
1554 3254 1824 3317 puerum
1884 3235 1987 3297 Sa-

484 3335 769 3397 muelem
799 3353 838 3396 a
864 3334 993 3396 Deo
1021 3334 1297 3396 electum
1338 3333 1543 3395 noluit
1572 3334 1739 3395 Deus
1770 3334 1984 3395 statim

481 3453 605 3515 per
632 3452 699 3495 se
731 3434 945 3514 ipsum
984 3431 1237 3494 erudire
1274 3431 1617 3512 disciplina
1654 3432 1753 3493 sui
1794 3432 1984 3494 collo-

480 3532 649 3615 quii,
680 3531 791 3593 sed
835 3530 1038 3592 voluit
1080 3548 1229 3591 eum
1272 3529 1471 3591 semel
1510 3537 1571 3591 et
1618 3530 1845 3591 iterum
1891 3550 1983 3593 re-

480 3648 743 3692 currere
799 3629 877 3690 ad
936 3646 1155 3690 senem
1214 3626 1375 3700 Heli,
1427 3634 1615 3707 atque
1677 3646 1789 3708 per
1841 3628 1981 3707 ejus

476 3725 1002 3789 informationem
1052 3724 1305 3805 disponi
1353 3724 1430 3785 ad
1481 3723 1831 3804 alloquium
1880 3744 1985 3785 su-

478 3844 621 3896 um,
652 3821 948 3904 quamvis
990 3821 1127 3883 Heli
1172 3821 1551 3902 peccaverit,
1584 3828 1647 3882 et
1689 3820 1825 3901 ipse
1876 3822 1979 3883 Sa-

474 3921 658 3985 muel
698 3921 918 3983 divina
948 3918 1275 3981 vocatione
1316 3918 1731 3999 dignissimus
1769 3938 1981 3981 cense-

472 4029 658 4084 retur
695 4038 711 4081 :
754 4026 825 4080 ut
871 4018 1247 4100 probaretur
1294 4016 1621 4079 humilitas
1671 4017 1981 4079 Samuelis

472 4118 595 4200 qui
634 4118 712 4179 ad
754 4115 1110 4178 ministeria
1138 4114 1483 4177 vocabatur
1520 4115 1756 4189 divina,
1790 4122 1979 4196 atque

472 4214 777 4295 exemplo
812 4214 932 4275 boc
962 4219 1424 4294 proponeretur
1451 4211 1817 4292 junioribus
1856 4211 1979 4274 sor·
2014 4222 2061 4283 D

474 4333 585 4375 ma
626 4311 1046 4394 subiectionis
1091 4310 1295 4371 istius,

876 4563 1382 4628 CAPITULUM
1441 4564 1591 4627 XV.

755 4702 845 4758 De
872 4702 1187 4758 vocatione
1214 4700 1403 4757 Pauli
1432 4700 1714 4773 apostoli.

609 4898 875 4963 AULUM
934 4914 1189 4979 quoque
1247 4914 1481 4960 vocans
1538 4905 1601 4960 et
1657 4898 1987 4979 alloquens

641 4996 933 5060 Christus
984 5014 1098 5077 per
1144 4996 1584 5077 semetipsum,
1632 5015 1830 5077 quum
1884 5013 1991 5077 po-

492 5095 717 5157 tuisset
752 5095 815 5156 ei
857 5112 973 5175 per
1016 5112 1083 5155 se
1120 5111 1403 5155 reserare
1439 5094 1611 5156 viam
1658 5094 1991 5175 perfectio-

496 5194 619 5266 niS,
651 5191 991 5256 confestim
1024 5198 1239 5253 tamen
1278 5192 1510 5253 direxit
1538 5210 1685 5253 eum
1725 5193 1803 5254 ad
1833 5192 1994 5256 Ana·

500 5291 693 5365 niam,
742 5290 981 5373 jubens
1038 5289 1229 5352 Paulo
1288 5298 1359 5351 ut
1413 5290 1493 5351 ab
1554 5289 1664 5353 illo
1712 5291 1994 5353 veritatis

2096 3138 2426 3199 electionis
2467 3142 2734 3198 testetur
2763 3155 2830 3197 se
2864 3135 3213 3216 indiguisse
3253 3134 3588 3199 collatione

2097 3234 2606 3316 coapostolorum
2648 3237 2955 3296 suorum?
2995 3232 3168 3295 Unde
3209 3232 3590 3295 manifestis-

2096 3334 2257 3395 sime
2289 3332 2760 3413 comprobatur,
2783 3331 2952 3393 viam
2985 3330 3393 3412 perfectionis
3423 3331 3585 3393 nulli

2097 3430 2433 3494 monstrari
2465 3449 2502 3491 a
2527 3429 2668 3501 De0,
2693 3428 2744 3490 si
2777 3428 3130 3491 doctrinam
3160 3436 3270 3490 aut
3301 3428 3586 3491 instituta

2094 3527 2549 3609 contempserit
2596 3527 2940 3598 seniorum,
2987 3525 3334 3589 dummodo
3379 3525 3585 3588 valeat

2092 3626 2332 3688 erudiri
2371 3625 2451 3686 ab
2490 3624 2614 3701 eis;
2648 3623 2948 3703 quoniam
2990 3623 3167 3704 parvi
3209 3624 3427 3704 pendit
3457 3623 3583 3686 elo-

2092 3724 2318 3805 quium
2371 3723 2530 3783 illud
2579 3722 2748 3802 quod
2800 3728 3047 3802 oportet
3096 3720 3580 3801 diligentissime

2092 3821 2397 3884 custodiri
2434 3838 2458 3911 :⁸
2487 3822 2807 3899 Interroga
2848 3825 3090 3900 patrem
3134 3827 3339 3895 tuum,
3371 3827 3433 3881 et
3471 3838 3578 3881 an·
3606 3836 3873 3889 Danaam,

2092 3919 2412 3981 nuntiabit
2443 3919 2591 3997 tibi3
2618 3916 2899 3979 seniores
2929 3924 3087 3989 tuOS,
3107 3925 3170 3979 et
3195 3918 3404 3979 dicent
3438 3918 3573 3980 tibi.
3608 3902 3649 3943 ⁷·

2473 4170 2977 4234 CAPITULUM
3019 4170 3201 4234 XVI.

2373 4311 2461 4365 De
2515 4310 2882 4367 discretione
2934 4312 3295 4383 appetenda.

2222 4508 2371 4571 ΟΤΑ
2421 4526 2570 4590 ergo
2629 4508 2959 4589 diligentia
3005 4515 3066 4570 et
3117 4516 3343 4570 conatu
3401 4508 3590 4571 debet

2239 4606 2590 4669 monachus
2625 4606 3074 4668 discretionem
3115 4606 3445 4687 acquirere
3479 4606 3592 4668 hu-

2095 4704 2385 4766 militatis
2424 4703 2680 4776 virtute,
2713 4723 2854 4785 quae.
2894 4703 3193 4766 discretio
3232 4710 3450 4785 potest·
3475 4722 3591 4768 nos

2095 4821 2345 4865 servare
2391 4802 2621 4863 illaesos
2663 4802 2742 4863 ab
2787 4809 3055 4883 utraque
3102 4802 3429 4864 nimietate
3479 4823 3592 4865 seu

2096 4899 2493 4961 extremitate
2536 4898 2860 4979 culpabili.
2895 4899 3089 4961 Vetus
3135 4918 3408 4981 namque
3453 4919 3593 4962 sen-

2096 4997 2296 5059 tentia
2325 5004 2421 5058 est
2456 5014 2468 5057 :
2503 4996 2872 5059 Nimietates
2903 4998 3292 5077 aequalitates
3325 5006 3492 5072 sunt,
3527 4998 3591 5059 id

2098 5102 2191 5157 est
2223 5113 2402 5176 aeque
2434 5094 2692 5158 nocivae.
2726 5093 2820 5156 Ad
2859 5113 3061 5155 unum
3093 5095 3265 5156 enim
3303 5096 3593 5175 pervenit

2099 5192 2303 5254 finem
2348 5191 2645 5253 nimietas
2691 5191 2922 5272 jejunii
2970 5200 3160 5273 atque
3206 5192 3590 5267 voracitatiS,

2109 5290 2332 5353 eodem
2393 5306 2648 5370 quoque
2708 5289 2994 5369 periculo
3052 5288 3318 5352 involvit
3373 5306 3593 5353 mona-
