4359 6267
575 902 640 946 Is.
653 914 762 953 uiv,
775 903 815 945 5.

589 1892 779 1937 Ibidem.

589 1990 778 2035 Ibidem.

585 2188 716 2231 Rom.
745 2200 817 2236 vn,

549 2254 618 2293 24.

563 2384 627 2427 Is.
641 2396 748 2433 uir,
761 2385 802 2425 5.

591 2572 722 2617 Rom.
742 2586 813 2623 vn,

579 2770 643 2813 Ie.
666 2782 722 2817 vn,
745 2772 784 2811 5.

585 3064 716 3109 Rom.
742 3078 784 3106 vx

549 3130 617 3171 2⁴.

553 3261 614 3305 Ῑσ.
637 3240 692 3311 vi,
713 3264 753 3312 o,
773 3262 815 3303 7.

591 3850 718 3895 Rom.
745 3864 816 3903 vn,

552 3916 619 3958 25.

853 500 975 565 412
1520 516 1936 565 COLLA'rloNtm
1980 516 2065 561 SS.
2101 514 2344 561 PATRUM
2386 512 2560 561 Lmen
2602 515 2663 560 11.
2704 532 2785 543 -
2825 514 3112 561 coLLATlo
3151 515 3305 560 xxm

861 706 1011 770 ergo
1044 688 1258 750 nullus
1298 686 1662 750 salvabitur.
1695 685 1908 749 Nodus
1947 684 2120 746 enim
2160 683 2355 763 hujus
2385 683 2436 746 A
2465 691 2663 757 ctum,
2713 702 2853 745 esse
2902 684 3254 746 immunem
3302 702 3339 745 a
3384 682 3618 745 debitis
3677 688 3965 763 peccato-

861 786 1232 869 quaestionis
1263 785 1422 848 solvi
1454 792 1660 867 potest
1692 783 2055 845 testimonio
2083 781 2355 863 Prophe·
2465 801 2647 861 rum;
2689 783 2989 865 quoniam
3035 783 3289 845 tradens
3340 782 3612 845 formam
3660 782 3965 844 orationis

863 893 940 947 tae
990 885 1281 956 dicentiS‚
1333 884 1492 945 Ecce
1542 892 1608 945 tu
1659 884 1853 945 iratus
1899 902 1988 955 65,
2019 890 2091 943 et
2141 900 2357 963 pecca·
2467 881 2762 962 perfectae
2820 882 2952 944 suis
3010 882 3367 965 discipuliS,
3417 881 3609 961 jussit
3668 880 3963 942 interseri

859 984 1070 1045 vimus
1105 1002 1119 1045 z
1163 984 1224 1046 id
1263 992 1380 1057 est,
1415 1003 1614 1064 quum
1658 982 1918 1064 privasti
1960 999 2074 1042 nos
2116 979 2354 1042 auxilio
2466 979 2631 1040 inter
2669 979 2911 1062 reliqua
2954 981 3062 1044 illa
3092 981 3385 1043 mandata
3422 979 3848 1042 sacratissima
3873 988 3964 1041 at-

858 1082 1075 1161 gratiae
1122 1089 1268 1154 tuae,
1322 1080 1656 1160 indignans
1715 1078 1899 1141 nobis
1950 1084 2209 1160 propter
2255 1097 2355 1138 su·
2464 1096 2589 1158 que
2644 1078 2975 1153 altissima,
3036 1098 3177 1161 quae
3236 1087 3563 1161 nequeunt
3616 1078 3960 1141 convenire

858 1179 1144 1261 perbiam
1184 1186 1246 1241 et
1280 1177 1730 1259 negligentiam
1773 1184 2136 1238 nostrorum
2172 1175 2354 1238 vitio-
2463 1175 2835 1239 infidelibus
2864 1185 2927 1239 et
2959 1177 3275 1258 malignis,
3309 1178 3611 1259 quoniam
3648 1177 3791 1239 data
3828 1194 3957 1239 non

857 1295 1282 1358 rum,vorago
1312 1276 1646 1339 confestim
1681 1274 2009 1337 absorbuit
2040 1292 2189 1351 nos;
2222 1273 2350 1335 vel·
2462 1283 2610 1336 sunt
2668 1276 2793 1337 nisi
2850 1275 3152 1357 perfectis
3210 1285 3272 1338 et
3331 1276 3575 1339 Sanctis
3629 1296 3643 1340 ε
3695 1276 3957 1338 Dimitte
4006 1300 4291 1345 uaeas„

853 1382 923 1437 ut
952 1376 1004 1438 si
1038 1376 1182 1457 quis
1222 1376 1388 1437 dicat
1428 1373 1948 1456 splendidissimo
1987 1372 2104 1435 soli
2139 1390 2153 1433 :
2192 1372 2350 1433 Ecce
2462 1372 2646 1435 nobis
2690 1373 2904 1436 debita
2952 1383 3184 1449 nostra,
3220 1375 3385 1437 sicut
3422 1382 3486 1436 et
3524 1393 3642 1437 nos
3688 1374 3957 1437 dimitti·
3990 1365 4059 1404 ¹²·

851 1482 921 1535 tu
952 1474 1333 1547 occubuisti,
1366 1481 1429 1535 et
1460 1474 1673 1535 statim
1698 1472 1948 1553 operuit
1978 1489 2092 1533 nos
2124 1469 2344 1551 calig0.
2463 1490 2606 1532 mus
2663 1471 3060 1535 debitoribus
3119 1474 3371 1536 nostris
3427 1473 3489 1536 Si
3548 1491 3699 1554 ergo
3755 1473 3958 1535 oratio

851 1572 1064 1635 Nihilo
1098 1572 1312 1634 minus
1344 1591 1543 1654 quum
1582 1578 1836 1632 sanctus
1867 1570 2055 1632 ls·aias
2085 1588 2153 1631 se
2182 1569 2350 1631 dicat
2460 1568 2579 1631 ista
2620 1589 2768 1632 vere
2817 1570 3137 1652 profertur
3177 1592 3214 1635 a
3256 1572 3500 1635 Sanctis
3534 1571 3727 1651 (sicut
3772 1571 3960 1633 indu-

853 1690 1171 1753 peccasse‚
1205 1672 1339 1734 imo
1369 1680 1433 1733 et
1465 1670 1528 1733 in
1569 1670 1844 1751 peccatis
1885 1685 2138 1750 semper
2176 1688 2351 1730 man·
2460 1667 2736 1730 bitanter
2766 1670 3021 1732 credere
3054 1688 3167 1732 nos
3208 1671 3505 1752 oportet),
3540 1670 3685 1752 quis
3723 1670 3959 1751 poterit

851 1770 1032 1843 sisse,
1067 1788 1194 1833 non
1233 1770 1525 1851 desperat
1555 1769 1632 1830 de
1672 1767 1896 1841 salute,
1930 1767 2038 1828 sed
2079 1766 2296 1828 subdit
2328 1784 2343 1829 ε
2459 1765 2731 1828 inveniri
2764 1775 2891 1828 tam
2923 1776 3467 1850 praesumptuosus
3495 1776 3559 1830 et
3588 1775 3955 1842 contumax,

853 1868 921 1929 In
982 1867 1137 1950 ipsis
1191 1867 1435 1929 fuimus
1491 1883 1764 1947 semper,
1817 1871 1879 1926 et
1932 1864 2339 1927 salvabimur.
2383 1868 2431 1932 Β
2458 1872 2521 1925 et⁴
2564 1872 2732 1926 tanta
2778 1865 3079 1947 superbia
3116 1866 3415 1929 diabolici
3454 1865 3688 1930 furoris
3726 1866 3955 1940 elatus,

851 1966 1022 2028 Hanc
1060 1983 1210 2047 ergo
1252 1965 1653 2037 sententiam,
1698 1964 1856 2025 Ecce
1901 1970 1967 2023 tu
2014 1964 2209 2025 iratus
2252 1982 2342 2037 65,
2458 1963 2569 2045 qui
2613 1964 2780 2025 dicat
2826 1984 2892 2026 se
2936 1983 3075 2027 esse
3124 1964 3262 2026 siue
3313 1973 3591 2048 peccato,
3634 1974 3695 2027 et
3740 1966 3957 2027 credat

853 2073 914 2126 et
945 2064 1373 2146 peccavimuS,
1407 2062 1788 2144 comparabo
1822 2062 2182 2143 apostolicae
2215 2081 2349 2123 sen·
2457 2079 2524 2122 se
2573 2061 2879 2142 majorem
2929 2081 3055 2124 non
3102 2064 3309 2125 solum
3352 2064 3691 2146 ApostoliS,
3726 2083 3951 2126 verum

854 2162 1068 2225 tentiae
1114 2162 1262 2223 huic
1297 2180 1310 2223 ε
1349 2160 1574 2223 Infelix
1621 2178 1738 2241 ego
1785 2160 1999 2234 homo,
2046 2160 2192 2241 quis
2243 2179 2346 2221 me
2458 2159 2647 2221 etiam
2682 2169 2904 2241 arguat
2934 2160 3320 2224 Salvatorem
3352 2163 3429 2224 de
3462 2162 3816 2243 ignorantia
3843 2169 3955 2223 aut

853 2260 1170 2334 liberabit,
1221 2263 1389 2322 etc.2
1440 2260 1506 2321 Id
1559 2277 1812 2342 quoque
1860 2258 2028 2340 quod
2073 2258 2162 2320 ait
2207 2259 2347 2320 Pro-
2456 2258 2732 2319 vanitate
2766 2276 2779 2319 :
2816 2266 2884 2319 ut
2915 2259 3016 2320 vel
3048 2260 3347 2322 nescierit
3374 2260 3620 2342 aliquos
3660 2261 3953 2323 homines

852 2360 1064 2442 pheta,
1111 2360 1178 2421 ln
1231 2358 1387 2440 ipsis
1431 2357 1673 2419 fuimus
1725 2376 1998 2439 semper,
2044 2366 2107 2418 et
2149 2357 2345 2419 salva·
2454 2373 2640 2435 posse
2680 2372 2819 2417 esse
2859 2356 3179 2419 immunes
3214 2376 3251 2419 a
3282 2357 3535 2431 debitis,
3569 2366 3676 2420 aut
3716 2357 3955 2421 frustra

849 2457 1084 2531 bimur,
1126 2462 1426 2519 consonat
1470 2454 1884 2537 sequentibus
1929 2453 2139 2516 verbis
2185 2455 2344 2537 Apo·
2454 2453 2743 2515 docuerit
2789 2472 2896 2517 eos
2938 2454 3023 2517 ita
3069 2473 3270 2529 orare,
3305 2475 3465 2538 quos
3514 2465 3775 2519 noverat
3823 2475 3952 2519 uon

849 2556 992 2617 stoli
1058 2574 1072 2618 z
1133 2554 1345 2617 Gratia
1399 2554 1510 2617 Dei
1574 2572 1688 2635 per
1742 2554 1955 2615 Jesum
2020 2553 2342 2616 Christum
2453 2569 2636 2631 egere
2678 2552 2959 2615 remedio
2988 2554 3291 2616 orationis
3333 2558 3688 2636 praetactae‘t
3717 2554 3953 2617 Omnes

848 2654 1190 2716 Dominum
1232 2661 1542 2715 nostrum.
1579 2652 1817 2714 Rursus
1847 2651 2015 2732 quod
2053 2652 2139 2714 ait
2171 2651 2340 2713 idem
2453 2649 2665 2731 itaque
2692 2650 2901 2711 Sancti
2934 2660 3257 2714 servantes
3286 2661 3601 2734 praecepta
3629 2653 3794 2733 regis
3824 2653 3949 2726 sui,

847 2752 1177 2835 Propheta,
1211 2753 1315 2814 Vae
1366 2751 1545 2824 mihi,
1586 2750 1736 2832 quia
1778 2751 1875 2811 vir
1925 2750 2206 2832 pollutus
2259 2751 2341 2813 la·
2453 2747 2506 2808 si
2550 2748 2858 2809 veraciter
2905 2748 3146 2823 dicunt,
3188 2750 3452 2813 Dimitte
3500 2751 3686 2813 nobis
3736 2751 3953 2813 debita
4018 2769 4233 2813 mmm.

848 2850 974 2913 biis
1011 2869 1128 2932 ego
1166 2870 1334 2923 sum,
1369 2858 1430 2911 et
1471 2849 1535 2911 in
1580 2848 1793 2910 medio
1837 2849 2056 2930 populi
2101 2849 2345 2930 polluta
2454 2854 2697 2925 nostra3
2745 2865 2935 2909 nemo
2985 2848 3294 2910 immunis
3342 2859 3438 2911 est
3476 2869 3513 2911 a
3560 2857 3840 2931 peccato.
3884 2850 3951 2913 Si

850 2948 1016 3012 labia
1056 2948 1349 3011 habentis
1390 2965 1506 3029 ego
1549 2946 1764 3009 habito
1799 2965 1812 3008 ε
1846 2946 2098 3033 yidetur
2141 2948 2343 3008 inclu-
2451 2953 2665 3008 autem
2698 2945 2946 3018 fallunt,
2969 2966 3120 3028 ergo
3150 2966 3277 3010 non
3310 2956 3525 3011 carent
3560 2949 3749 3031 culpa
3781 2968 3955 3012 men-

786 3078 814 3115 a,
846 3048 996 3110 dere
1053 3047 1477 3129 praeinductos
1529 3064 1854 3108 sermones
1897 3046 2203 3127 Apostoli,
2249 3046 2345 3108 In·
2378 3046 2422 3110 C
2454 3043 2635 3105 dacii.
2672 3044 2831 3106 Hinc
2870 3045 3279 3109 Ecclesiaste-s
3322 3054 3531 3109 mente
3570 3066 3951 3128 percurrens

849 3146 1002 3209 felix
1031 3164 1148 3227 ego
1177 3147 1390 3219 homO,
1415 3152 1533 3207 etc.
1559 3145 1824 3225 lnsuper
1855 3145 2022 3225 quod
2056 3145 2345 3226 sequitur
2393 3171 2397 3175 -
2456 3142 2785 3204 universos
2828 3151 3006 3205 actus
3048 3163 3120 3206 ac
3158 3144 3369 3207 studia
3417 3145 3775 3220 hominum,
3810 3146 3951 3208 sine

849 3245 916 3307 in
945 3244 1256 3326 Propheta
1289 3264 1302 3308 ε
1337 3244 1582 3306 Volavit
1612 3243 1688 3305 ad
1732 3261 1832 3303 me
1865 3262 2028 3304 unus
2066 3243 2144 3304 de
2171 3244 2345 3305 Sera·
2452 3242 2825 3322 exceptione
2885 3242 3131 3304 locutus
3189 3251 3285 3305 est
3336 3260 3350 3304 ε
3412 3243 3550 3306 Non
3604 3250 3701 3305 est
3755 3244 3951 3307 homo
4004 3266 4269 3320 eet-1202„

846 3344 1052 3427 phim,
1095 3352 1157 3405 et
1208 3343 1272 3404 in
1323 3362 1515 3404 manu
1564 3341 1705 3421 ejus
1754 3340 2180 3402 carbunculus
2230 3361 2342 3403 seu
2451 3339 2662 3419 justus
2708 3339 2773 3400 in
2823 3347 2992 3403 terra
3031 3341 3140 3423 qui
3190 3340 3381 3403 faciat
3421 3342 3685 3417 bonum,
3718 3350 3781 3405 et
3820 3361 3947 3405 non
3976 3332 4049 3375 ²¹·

846 3442 1129 3505 calculus
1159 3459 1352 3523 quem
1384 3440 1628 3521 forcipe
1659 3439 1888 3501 tulerat
1918 3439 1995 3500 de
2029 3439 2248 3517 altari3
2281 3448 2344 3501 ct
2454 3446 2707 3520 peccet3
2751 3438 2813 3501 id
2862 3448 2977 3513 est,
3014 3458 3203 3502 nemo
3254 3460 3535 3522 unquam
3587 3441 3797 3524 potuit
3841 3450 3951 3503 aut

845 3541 1053 3622 tetigit
1092 3558 1161 3603 os
1204 3557 1441 3613 meum,
1473 3546 1536 3600 et
1565 3537 1746 3611 dixit,
1781 3537 1940 3599 Ecce
1978 3538 2184 3618 tetigit
2223 3538 2342 3600 hoc
2452 3538 2688 3619 poterit
2744 3538 3010 3620 reperiri
3062 3547 3189 3601 tam
3251 3548 3505 3602 sanctus
3564 3548 3627 3602 et
3676 3540 3949 3622 diligens

847 3639 1014 3701 labia
1069 3645 1198 3711 tua,
1251 3644 1314 3699 et
1366 3635 1689 3698 auferetur
1737 3635 2039 3717 iniquitas
2102 3644 2229 3709 tua,
2281 3644 2343 3698 et
2454 3642 2711 3717 tamque
2762 3636 3042 3698 intentus
3092 3637 3157 3698 in
3200 3644 3387 3712 terra,
3421 3638 3531 3719 qui
3576 3644 3702 3700 tam
3750 3638 3951 3701 inces-

846 3744 1178 3821 peccatum
1219 3744 1401 3798 tuum
1444 3734 1904 3796 mundabitur:
1951 3734 2070 3795 tale
2113 3742 2231 3808 est,
2274 3743 2345 3797 ut
2452 3734 2740 3796 sabiliter
2786 3735 2992 3797 valeat
3040 3754 3155 3817 per
3202 3735 3805 3817 contemplationem
3858 3738 3950 3799 iu-

845 3836 1135 3899 videatur
1164 3834 1480 3916 prolatum
1509 3850 1616 3895 ore
1649 3832 1820 3894 Pauli
1851 3832 2119 3894 dicentis
2145 3850 2158 3894 :
2196 3833 2341 3896 Gra·
2452 3833 2690 3895 haerere
2730 3851 2982 3895 summo
3012 3840 3075 3894 et
3104 3833 3411 3914 singulari
3443 3852 3719 3916 veroque
3756 3834 3945 3910 bon0,

845 3934 936 3997 tia
973 3933 1083 3996 Dei
1117 3951 1231 4015 per
1257 3934 1470 3995 Jesum
1504 3931 1824 3994 Christum
1857 3930 2200 3992 Dominum
2234 3949 2342 3993 no·
2454 3938 2521 3992 ut
2562 3948 2689 3993 non
2731 3931 2962 3993 sentiat
3005 3950 3073 3993 se
3116 3932 3401 4013 quotidie
3444 3932 3816 3994 distractum
3866 3932 3950 3995 ab

848 4042 1073 4097 strum.
1099 4033 1339 4096 Videtis
1377 4050 1526 4112 ergo
1566 4030 1838 4113 qualiter
1866 4048 2086 4093 omnes
2129 4032 2339 4094 Sancti
2454 4028 2563 4091 illo
2610 4048 2683 4091 ac
2733 4048 2933 4090 reum.
2988 4029 3101 4102 Qui
3162 4030 3457 4111 quamvis
3513 4031 3763 4093 dicatur
3820 4048 3948 4093 non

847 4133 1164 4196 fateantur
1205 4151 1272 4194 se
1315 4130 1624 4193 veraciter
1662 4136 2044 4211 peccatoreS,
2078 4148 2205 4193 non
2245 4149 2340 4193 so·
2453 4146 2638 4210 posse
2670 4128 2979 4190 immunis
3010 4147 3148 4191 esse
3176 4148 3215 4191 a
3245 4128 3455 4211 culpa,
3484 4130 3696 4210 justus
3733 4136 3948 4192 tamen

849 4231 983 4294 lum
1031 4250 1108 4293 ex
1159 4248 1430 4313 persona
1475 4228 1696 4311 populi
1743 4227 1978 4301 vitiosi,
2025 4228 2135 4289 sed
2186 4228 2339 4290 item
2371 4231 2421 4293 D
2451 4234 2729 4289 vocatur.

847 4349 926 4392 ex
973 4346 1125 4408 sua3
1175 4336 1237 4391 et
1287 4336 1497 4390 tamen
1548 4344 1949 4408 nequaquam
2000 4325 2341 4408 desperant

847 4428 926 4489 de
966 4446 1080 4490 sua
1118 4427 1341 4499 salute,
1377 4426 1505 4488 imo
1543 4425 1621 4486 de
1655 4423 2059 4485 miseratione
2099 4432 2164 4485 et
2202 4443 2339 4506 gra·
2827 4463 3330 4527 CAPITULUM
3394 4463 3559 4527 XIX

847 4525 937 4587 tia
978 4525 1088 4586 Dei
1136 4531 1530 4605 praesumunt
1582 4521 2049 4603 plenitudinem
2100 4522 2341 4603 justisi-
3566 4512 3581 4527 ⁰

847 4622 1137 4697 cationis,
1161 4640 1353 4704 quam
1382 4620 1690 4682 diffidunt
1720 4639 1786 4681 se
1816 4620 2120 4702 consequi
2155 4639 2340 4702 posse
2520 4631 2689 4699 Quod
2710 4635 3023 4703 peccatum
3050 4630 3246 4686 vitari
3274 4645 3395 4685 non
3414 4630 3615 4701 possit
3644 4630 3712 4685 in
3741 4631 3877 4703 ipso

849 4740 927 4783 ex
970 4720 1332 4783 conditione
1373 4718 1732 4801 fragilitatis
1775 4718 2089 4780 humanae.
2894 4720 3199 4776 orationis
3228 4725 3506 4792 tempore.

1191 4930 1694 5003 CAPITULUM
1752 4938 2003 5001 XVHL
2459 4911 2672 5112 QUI
2711 4932 2859 4995 ergo
2898 4914 3202 4977 adscribit
3242 4914 3729 4997 impeccantiam
3771 4924 3953 4979 natu-

887 5064 1057 5134 Quod
1068 5063 1236 5135 justi
1264 5067 1320 5118 et
1337 5060 1551 5117 Sancti
1581 5077 1700 5116 non
1731 5061 1856 5114 sint
1885 5061 2016 5115 sine
2039 5064 2305 5131 pecca-to,
2616 5032 2699 5075 ¹⁸ae
2741 5013 3058 5087 humanae'
3093 5013 3397 5094 confligat
3440 5014 3777 5076 ”Obiscum
3822 5032 3953 5078 non

2454 5112 2667 5174 verbis
2719 5111 3038 5185 inanibus,
3082 5112 3191 5174 sed
3243 5112 3613 5194 probatione
3662 5132 3734 5174 ac
3783 5114 3960 5175 testi-

1008 5213 1471 5280 AGISTERIUM
1517 5214 1708 5274 etiam
1755 5212 2094 5275 Salvatoris
2138 5212 2341 5285 docet,
2458 5210 2672 5273 monio
2716 5210 3119 5273 conscientiae
3162 5228 3324 5290 suae3
3364 5218 3427 5273 et
3467 5218 3619 5272 tunc
3668 5210 3959 5273 affirmet

1033 5313 1357 5376 neminem
1404 5312 1469 5373 in
1513 5310 1630 5373 hac
1672 5310 1823 5385 vita,
1865 5310 2160 5392 quamvis
2210 5328 2349 5371 san·
2458 5328 2525 5371 se
2564 5327 2701 5370 esse
2740 5307 2981 5390 absque
3020 5316 3299 5390 peccato,
3336 5327 3533 5390 quum
3574 5328 3643 5370 se
3684 5309 3961 5371 senserit
