4359 6267
1693 509 1878 557 mnnx
1917 509 2252 558 GENEnAus

429 681 760 756 Capitulum
790 684 982 740 XVIII.
1016 682 1181 748 Quod
1213 678 1510 755 jejunium
1552 695 1669 737 non
1709 678 1786 736 sit

498 788 730 845 semper
767 771 1116 829 conveniens
1121 812 1781 827 ........
1823 767 1930 823 380

429 858 760 932 Capitulum
809 861 947 916 XIX.
991 858 1262 926 Quaestio,
1303 874 1408 914 cur
1451 873 1557 930 per
1601 859 1784 913 totam

500 948 1060 1022 Quinquagesimam
1099 946 1398 1022 jejunium
1445 945 1782 1003 resolvatur.
1823 944 1930 1000 380

429 1037 764 1110 Capitulum
793 1038 904 1093 XX.
937 1037 1253 1110 Responsio
1292 1037 1367 1093 ad
1403 1034 1785 1109 quaestionem

498 1126 840 1200 praedictam
925 1168 1779 1183 ..........
1822 1123 1929 1179 380

427 1216 759 1289 Capitulum
788 1217 926 1272 XXI.
961 1215 1358 1287 Interrogati0‚
1390 1230 1465 1270 an
1505 1212 1786 1271 relaxatio

497 1304 610 1361 ista
630 1304 846 1380 jeJunii
875 1321 994 1361 non
1033 1305 1187 1361 obsit
1214 1304 1472 1377 corporis
1511 1302 1780 1359 castitati.
1823 1303 1925 1359 381

431 1394 759 1467 Capitulum
805 1396 970 1451 XXII.
1019 1394 1338 1468 Responsio
1385 1394 1456 1450 de
1503 1392 1786 1451 servando

500 1484 877 1543 continentiae
903 1486 1368 1557 temperamento
1400 1524 1781 1539 .....
1823 1481 1926 1537 381

434 1575 766 1647 Capitulum
793 1574 985 1633 XXIII.
1017 1574 1096 1631 De
1131 1577 1394 1646 tempore
1423 1575 1481 1631 et
1509 1586 1788 1629 mensura

499 1661 830 1721 refectionis
929 1702 1781 1719 ..........
1823 1659 1930 1715 382

431 1752 761 1825 Capitulum
804 1752 988 1807 XXIV
1031 1750 1410 1823 Interrogatio
1453 1751 1524 1807 de
1560 1747 1788 1807 diversa

499 1840 900 1898 observatione
936 1840 1410 1913 Quadragesimoe
1490 1883 1504 1896 .
1582 1883 1593 1894 .

431 1929 759 2003 Capitulum
799 1929 960 1984 XXV.
998 1928 1334 2001 Responsio,
1374 1929 1530 2002 quod
1560 1926 1789 2001 jejunia

500 2018 974 2092 Quadragesimoe
1011 2017 1337 2075 referantur
1379 2019 1453 2074 ad
1494 2016 1784 2075 decimam

497 2108 641 2166 anni
646 2150 1780 2165 .............
1821 2107 1928 2163 383

430 2198 758 2273 Capitulum
799 2199 986 2254 XXVI.
1020 2197 1281 2266 Qualiter
1317 2198 1634 2255 debeamus
1671 2198 1786 2255 Deo

499 2292 704 2348 offerre
733 2288 1026 2363 primitias
1069 2291 1298 2344 nostras
1304 2331 1780 2344 ......
1821 2288 1929 2343 383

427 2380 759 2453 Capitulum
815 2378 1028 2435 XXVII.
1079 2378 1194 2435 Cur
1243 2376 1702 2450 Quadragesima
1752 2394 1787 2433 a

495 2469 790 2543 plerisque
856 2468 1194 2525 observetur
1253 2467 1479 2524 diverso
1537 2482 1784 2524 numero

494 2558 724 2615 dierum
741 2599 1778 2613 ............
1820 2556 1927 2611 384

426 2646 754 2720 Capitulum
783 2647 1022 2702 XXVIII.
1049 2649 1236 2714 Quare
1265 2648 1502 2703 vocetur
1531 2646 1785 2711 Quadra-

496 2735 738 2808 gesima,
772 2752 954 2808 quum
987 2735 1292 2809 jejunetur
1329 2734 1571 2809 triginta
1599 2737 1658 2792 et
1683 2751 1782 2792 sex

492 2826 698 2884 diebus
734 2868 1774 2882 ............
1818 2826 1927 2882 384

425 2915 752 2988 Capitulum
782 2916 970 2971 XXIX.
1004 2916 1168 2981 Quod
1209 2913 1444 2987 perfecti
1485 2931 1784 2988 supergre-

496 3004 736 3062 diantur
760 3004 1238 3077 Quadragesimoe
1269 3004 1498 3076 legem.
1579 3048 1590 3061 .

427 3094 754 3166 Capitulum
803 3094 961 3150 XXX.
995 3093 1253 3160 Qualiter
1299 3092 1568 3151 instituta
1612 3048 1784 3151 fuerit

494 3184 861 3240 observantia
908 3182 1384 3257 Quadragesimoe
1390 3226 1772 3240 .....
1816 3185 1926 3241 385

424 3272 755 3344 Capitulum
783 3272 966 3327 XXXI.
1001 3271 1302 3337 Quomodo
1332 3270 1778 3345 intelligendum

494 3362 570 3417 sit
597 3364 754 3434 quod
781 3361 866 3418 ait
889 3360 1202 3434 Apostolus
1232 3377 1247 3418 ς
1279 3362 1586 3419 Peccatum
1617 3362 1778 3419 vobis

1769 1837 1928 1893 ,383

1764 3006 1925 3061 ,385

493 3467 610 3507 non
655 3450 1058 3507 dominabitur
1115 3492 1776 3509 ,,,,,,,,
1817 3454 1924 3509 386

424 3540 752 3613 Capitulum
795 3540 1006 3595 XXXII.
1045 3540 1363 3612 Responsio
1409 3541 1484 3597 ad
1523 3541 1648 3597 haec
1669 3558 1685 3607 ;
1725 3544 1782 3597 et

494 3629 564 3686 de
626 3628 954 3687 differentia
1023 3632 1446 3701 praeceptorum
1516 3629 1660 3702 legis
1725 3632 1782 3685 et

491 3718 785 3792 Evangelii
827 3762 1774 3776 ...........
1815 3721 1922 3777 386

422 3807 748 3881 Capitulum
767 3806 1004 3865 XXXIII.
1027 3808 1190 3874 Quod
1220 3806 1434 3865 leviora
1459 3807 1578 3865 sint
1599 3810 1778 3865 Evan-

491 3896 625 3969 gelii
664 3900 970 3970 praecepta,
1013 3914 1192 3970 quam
1234 3896 1378 3970 legis
1385 3942 1770 3955 .....
1813 3900 1920 3955 387

421 3985 750 4059 CapItulum
781 3987 1014 4042 XXXIV.
1047 3985 1307 4053 Qualiter
1335 3987 1467 4059 quis
1503 3989 1781 4060 probetur

490 4091 614 4132 esse
652 4076 760 4132 sub
798 4075 987 4148 gratia
1009 4116 1772 4136 .........
1814 4079 1921 4134 388

422 4163 749 4238 Capitulum
802 4166 1009 4222 XXXV.
1059 4167 1175 4223 Cur
1220 4166 1414 4223 acrius
1470 4166 1777 4242 impugne-

490 4270 629 4311 mur
680 4252 1012 4311 carnalibus
1066 4254 1373 4311 incentivis
1438 4256 1581 4313 dum
1628 4256 1780 4331 jeju-

491 4359 704 4400 namus
728 4385 1770 4405 ............
1812 4349 1920 4404 388

419 4433 750 4508 Capitulum
797 4432 1028 4490 XXXVI.
1072 4433 1408 4506 ResponsiO,
1448 4437 1604 4508 quod
1653 4436 1777 4493 haec

487 4524 731 4598 quaestio
755 4524 1106 4582 reservanda
1124 4523 1201 4593 sit
1219 4522 1430 4582 futuroe
1457 4525 1770 4583 collationi.
1811 4527 1919 4583 388

421 4705 718 4769 Conna-no
784 4720 1070 4768 vicssnm
1137 4719 1412 4768 sncuNnA
1479 4704 1778 4785 (Abbatis

499 4794 769 4857 Theonae
820 4794 1143 4874 secunda).
1186 4793 1277 4855 De
1326 4794 1658 4857 nocturnis
1708 4796 1780 4858 il-

503 4882 861 4945 lusionibus
921 4933 1766 4951 ..........
1809 4896 1917 4952 390

425 5056 754 5130 Capitulum
781 5055 824 5110 I.
849 5054 926 5111 De
952 5052 1143 5111 reditu
1175 5056 1371 5110 nostro
1399 5055 1474 5112 ad
1501 5055 1770 5113 abbatem

493 5148 787 5204 Theonam
830 5188 1766 5203 ...........
1806 5148 1914 5204 390

423 5235 752 5310 Capitulum
801 5234 867 5289 11.
915 5233 1196 5306 Repetitio
1242 5232 1580 5308 quaestionis
1625 5251 1771 5308 proe-

495 5325 812 5383 missorum
828 5366 1764 5381 ...........
1807 5326 1914 5384 390

3412 491 3528 557 501

2037 678 2367 751 Capitulum
2412 680 2505 735 111.
2546 678 2863 753 Responsio
2908 680 2984 737 ad
3033 680 3187 736 hanc
3234 695 3391 754 quae-

2106 768 2359 826 stionem
2445 812 3387 826 ...........
3428 768 3535 825 390

2037 857 2368 930 Capitulum
2411 859 2500 915 IV.
2532 857 2804 925 QuoestiO,
2835 873 2911 914 an
2952 857 3119 915 liceat
3156 857 3391 931 pollutis

2106 944 2378 1004 illusione
2425 950 2713 1004 nocturna
2749 947 2824 1004 ad
2862 961 3090 1002 sacram
3133 962 3395 1023 commu-

2109 1034 2344 1092 nionem
2374 1037 2646 1094 accedere
2724 1078 3387 1092 ........
3428 1036 3535 1092 392

2037 1123 2369 1197 Capitulum
2398 1126 2464 1180 V.
2495 1124 2830 1197 Responsio,
2863 1125 3099 1198 quando
3133 1124 3391 1197 culpabi-

2108 1213 2180 1269 lis
2222 1214 2297 1271 sit
2332 1214 2525 1287 passio
2560 1217 2662 1273 aut
2698 1213 2892 1272 illusio
2931 1212 3293 1271 dormientis
3374 1258 3386 1270 .
3428 1214 3534 1271 392

2036 1302 2367 1376 Capitulum
2398 1305 2487 1359 Vl.
2519 1305 2683 1370 Quod
2723 1304 3019 1361 interdum
3057 1302 3390 1375 operatione

2109 1392 2324 1449 diaboli
2354 1392 2651 1465 contingat
2677 1392 2870 1450 illusio
2898 1392 3000 1450 illa
3005 1436 3385 1451 .....
3426 1394 3533 1451 393

2037 1481 2369 1555 Capitulum
2416 1482 2532 1538 Vll.
2583 1481 2842 1550 Qualiter
2886 1481 3081 1541 fluxus
3128 1482 3235 1540 iste
3281 1482 3393 1539 im-

2109 1573 2369 1629 mundus
2415 1571 2673 1630 frenetur
2722 1616 3389 1630 ........
3431 1574 3537 1631 393

2037 1661 2369 1734 Capitulum
2414 1661 2555 1718 v111.
2615 1664 2780 1728 Quod
2840 1678 3016 1719 nemo
3074 1663 3281 1721 debeat
3336 1679 3395 1721 se

2109 1750 2357 1823 dignum
2413 1750 2682 1824 Judicare
2756 1750 3058 1809 dominica
3134 1750 3400 1811 cominu-

2109 1840 2284 1897 nione
2346 1883 3391 1899 ............
3432 1842 3540 1899 394

2037 1928 2367 2002 Capitulum
2394 1930 2483 1985 IX.
2517 1928 2793 2002 Objecti0,
2834 1932 2991 2004 quod
3030 1946 3237 1988 omnes
3279 1930 3395 2003 pri-

2105 2018 2281 2075 vandi
2328 2018 2448 2076 sint
2500 2018 2936 2087 communione,
2984 2019 3033 2077 si
3082 2037 3256 2079 nemo
3307 2024 3397 2079 est

2109 2109 2327 2183 absque
2355 2112 2590 2181 peccato
2632 2152 3389 2169 .........
3430 2112 3539 2169 395

2035 2197 2367 2271 Capitulum
2388 2198 2453 2253 X.
2472 2198 2806 2270 Responsio,
2826 2200 2982 2270 quod
3004 2199 3175 2256 multi
3204 2200 3390 2257 sancti

2106 2304 2232 2344 esse
2260 2291 2523 2360 possunt,
2552 2288 2753 2345 nullus
2788 2291 2987 2345 tamen
3028 2289 3153 2347 sine
3190 2306 3391 2362 pecca-

2105 2379 2182 2441 to,
2224 2380 2435 2449 praeter
2472 2376 2767 2435 Christum
2810 2422 3387 2436 .......
3430 2381 3537 2437 395

2035 2465 2365 2538 Capitulum
2390 2466 2478 2522 XI.
2504 2466 2669 2531 Quod
2696 2466 2853 2524 solus
2872 2467 3054 2525 Filius
3080 2468 3181 2525 Dei
3209 2471 3394 2526 tenta·

2105 2558 2201 2612 tus
2245 2554 2320 2611 sit
2365 2556 2583 2629 absque
2629 2556 2792 2613 omni
2828 2557 3229 2615 vulneratione
3267 2574 3396 2631 pec-

2105 2645 2219 2702 cati
2251 2688 3387 2706 .............
3430 2649 3537 2706 396

2035 2734 2365 2807 Capitulum
2396 2734 2513 2791 XII.
2546 2737 2711 2802 Quod
2741 2736 2902 2794 solus
2930 2736 3194 2794 Christus
3220 2754 3391 2795 vene·

2104 2824 2180 2879 rit
2220 2823 2281 2879 in
2324 2823 2774 2881 similitudinem
2819 2826 3011 2883 carnis
3050 2826 3287 2900 peccati.
3372 2872 3383 2884 .
3426 2828 3535 2885 396

2033 2913 2363 2986 Capitulum
2420 2914 2563 2969 XIII.
2604 2915 2771 2979 Quod
2828 2932 3033 2972 omnes
3069 2916 3213 2989 justi
3272 2932 3389 2973 non

2104 3002 2321 3059 fuerint
2366 3002 2425 3057 in
2470 3002 2855 3061 similitudine
2904 3006 3005 3061 sed
3052 3004 3110 3059 in
3149 3006 3390 3063 veritate

2105 3092 2323 3164 peccati
2338 3137 3385 3152 ............
3426 3096 3534 3152 397

2032 3181 2361 3255 Capitulum
2400 3183 2538 3238 XIV.
2572 3184 2737 3249 Quod
2775 3184 3014 3257 peccata
3052 3186 3388 3243 sanctorum

2103 3288 2221 3328 non
2268 3270 2385 3327 sint
2432 3274 2556 3327 tam
2605 3271 2803 3345 gravia
2848 3276 2912 3329 ut
2957 3272 3041 3331 eis
3093 3271 3392 3331 auferatur

2105 3360 2383 3417 meritum
2412 3374 2513 3417 seu
2543 3360 2692 3417 ratio
2722 3361 3047 3417 sanctitatis
3088 3406 3099 3419 .
3180 3406 3191 3418 .

2030 3448 2363 3522 Capitulum
2413 3450 2529 3505 XV.
2579 3451 2883 3516 Quomodo
2939 3408 3389 3525 intelligendum

2101 3540 2176 3595 sit
2207 3538 2351 3595 illud
2380 3539 2681 3611 Apostoli.
2712 3540 2837 3596 Non
2876 3540 3033 3598 enim
3066 3542 3223 3615 quod
3258 3542 3389 3599 volo

2100 3627 2252 3685 facio
2283 3629 2505 3684 bonum
2532 3672 3383 3689 ..........
3426 3634 3533 3690 398

2029 3717 2359 3790 Capitulum
2398 3717 2533 3773 XVI.
2577 3718 2854 3791 Objectio,
2886 3722 3041 3792 quod
3078 3721 3389 3793 Apostolus

2101 3805 2314 3863 dixerit
2342 3806 2517 3863 verba
2552 3808 2829 3877 proetacta
2865 3808 3059 3880 potius
3090 3824 3161 3866 ex
3194 3824 3387 3881 perso-

2102 3911 2178 3952 na
2216 3897 2584 3967 peccatorum
2629 3910 2806 3968 quam
2847 3895 3100 3968 propria.
3181 3941 3192 3954 .
3275 3942 3287 3954 .
3368 3943 3380 3955 .
3421 3901 3529 3959 398

2028 3983 2359 4056 Capitulum
2389 3983 2552 4039 XVII.
2584 3983 2792 4039 Dilatio
2831 3983 3137 4043 solutionis
3174 3994 3384 4059 propo-

2098 4071 2225 4127 sitoe
2253 4070 2589 4144 quaestionis
2612 4114 3376 4134 .........
3418 4078 3525 4135 399

3369 3365 3531 3421 ,397

2028 4251 2325 4315 Commio
2353 4266 2638 4315 vrcssum
2666 4267 2886 4315 raam
2904 4252 3200 4333 (Abbatis
3229 4256 3383 4319 The-

2107 4358 2244 4404 onae
2272 4340 2501 4420 tertia).
2527 4340 2613 4402 De
2633 4339 2799 4403 velle
2828 4340 3068 4405 bonum
3101 4352 3165 4406 et
3193 4362 3380 4426 agere

2107 4430 2370 4505 malum,
2402 4430 2537 4493 sive
2567 4431 2645 4492 de
2677 4430 3099 4513 impeccantia
3176 4486 3189 4499 .
3270 4489 3282 4501 .
3362 4488 3375 4503 .
3414 4444 3525 4504 400

2024 4608 2357 4682 Capitulum
2388 4610 2430 4664 1.
2463 4606 2785 4681 Disputatio
2812 4609 3059 4669 Theonoe
3090 4613 3160 4671 de
3190 4614 3381 4672 verbis

2093 4696 2353 4771 Apostoli
2403 4712 2417 4754 ε
2466 4696 2592 4753 Non
2637 4697 2799 4755 enim
2846 4701 3004 4773 quod
3053 4702 3181 4759 volo
3228 4702 3377 4760 facio

2095 4789 2317 4847 bonum
2333 4827 3373 4849 ............
3414 4793 3522 4853 400

2023 4877 2356 4951 Capitulum
2387 4878 2454 4933 11.
2488 4879 2653 4943 Quod
2678 4878 2987 4950 Apostolus
3023 4880 3174 4938 bona
3202 4881 3381 4953 pluri-

2095 4983 2197 5024 ma
2231 4966 2726 5024 consummaverit
2801 5012 3373 5027 .......
3412 4971 3521 5029 400

2022 5057 2353 5130 Capitulum
2388 5056 2479 5113 111.
2512 5055 2661 5123 Quid
2692 5056 2770 5113 sit
2792 5056 2939 5114 illud
2966 5058 3187 5115 bonum
3218 5062 3375 5134 quod

2091 5147 2402 5220 Apostolus
2428 5149 2670 5205 testatus
2698 5150 2783 5204 est
2818 5164 2879 5204 se
2908 5162 3025 5204 non
3056 5164 3220 5220 posse
3248 5166 3377 5222 per-

2095 5237 2265 5295 ficere
2326 5278 3369 5295 ............
3409 5241 3512 5298 401

2022 5325 2353 5399 Capitulum
2384 5327 2471 5383 IV.
2504 5326 2669 5393 Quod
2717 5326 2979 5384 humana
3019 5326 3250 5385 bonitas
3289 5331 3374 5385 at-
