4359 6267
164 1016 235 1057 Ps.
257 1029 374 1067 nm,

136 1082 187 1127 12.
213 1082 271 1121 u.

154 1800 251 1843 [bid.
278 1804 339 1844 14.

148 2290 197 2329 Is.
212 2304 292 2337 ιιν,
307 2294 343 2333 2.

1107 541 1523 589 COLLATIONUH
1565 544 1650 587 SS.
1692 543 1934 588 PATRUH
1974 543 2151 589 LIBER
2191 544 2232 587 1.
2277 562 2358 571 —
2397 544 2683 590 COLLA'rlo
2725 545 2792 589 111

3381 523 3500 587 175

405 707 552 770 Deo.
586 709 807 781 Nem0‚
844 709 1128 791 inquam,
1163 711 1255 772 sic
1296 729 1369 771 ca
1407 711 1678 791 accipiat
1710 718 1773 772 ut
1810 711 1899 772 ni-
1930 708 1981 771 Α
2009 710 2298 791 ejusdem
2339 711 2659 786 versiculi,
2694 731 2892 794 quum
2934 710 3237 773 Dominus
3277 710 3500 772 asserit

402 813 574 867 tatur
619 808 870 870 auferre
919 807 1000 869 ab
1051 809 1307 871 homine
1359 810 1626 889 gratiam
1677 809 1786 871 Dei
1837 817 1899 870 et

404 905 841 985 quotidianam
885 906 1314 987 provisionem
1360 908 1583 989 ipsiuS,
1628 926 1740 988 per
1779 908 1899 969 hoc

402 1003 577 1083 quod
610 1003 843 1064 dicitur
878 1022 891 1065 :
927 1004 1003 1065 Et
1041 1022 1169 1067 non
1207 1005 1450 1066 audivit
1491 1004 1765 1086 populus
1797 1022 1900 1067 vo-

402 1119 546 1162 cem
590 1095 839 1175 meam3
873 1111 937 1163 et
976 1103 1205 1163 iterum
1244 1122 1257 1165 ε
1291 1104 1355 1166 Si
1395 1103 1671 1185 populus
1718 1123 1897 1165 meus

399 1199 687 1261 audisset
730 1218 853 1273 me,
888 1201 1076 1263 Israel
1120 1202 1172 1262 si
1215 1202 1279 1263 in
1320 1202 1441 1263 viis
1477 1202 1636 1263 meis
1679 1202 1897 1262 ambu-

400 1298 649 1377 lasset3
701 1299 812 1361 sed
858 1300 1137 1361 attendat
1187 1300 1356 1381 quod
1414 1300 1580 1361 sicut
1630 1298 1895 1361 facultas

398 1395 589 1457 liberi
637 1396 885 1458 arbitrii
937 1398 1406 1460 demonstratur
1452 1398 1517 1459 in
1568 1398 1707 1480 ipsa
1751 1398 1895 1460 obe-

396 1494 641 1555 dientia
670 1494 915 1576 populi,
952 1496 1037 1556 ita
1075 1496 1443 1577 quotidiana
1472 1496 1752 1576 provisio
1783 1496 1890 1557 Dei

397 1591 736 1653 clamantis
765 1610 839 1653 ac
872 1592 1188 1654 monentis
1221 1593 1389 1655 circa
1420 1593 1753 1674 populum,
1788 1594 1891 1655 de-

396 1688 679 1749 claratur
722 1708 836 1770 per
880 1689 1073 1751 verba
1117 1698 1431 1771 praetacta.
1467 1690 1673 1763 Quum
1718 1690 1889 1751 enim

394 1786 709 1847 Dominus
755 1787 845 1848 ait
886 1807 902 1851 :
943 1788 1007 1850 Si
1058 1788 1333 1869 populus
1384 1806 1563 1850 meus
1610 1788 1889 1849 audisset

2009 827 2075 870 se
2122 809 2331 890 primo
2381 809 2684 880 locutum,
2732 818 2792 870 et
2838 810 3066 871 deinde
3109 808 3389 869 affirmat
3432 826 3499 869 se

2008 906 2496 967 humiliaturum
2555 906 2752 968 fuisse
2819 906 3209 968 adversarios
3279 904 3499 986 populi

2008 1004 2129 1076 sui,
2163 1004 2217 1064 si
2264 1005 2536 1085 populus
2580 1024 2732 1064 suus
2777 1005 2988 1085 ipsum
3031 1004 3329 1065 audisset.
3363 1003 3501 1064 Non

2007 1102 2181 1162 enim
2213 1101 2506 1163 volumus
2541 1101 2811 1163 liberum
2853 1100 3190 1162 arbitrium
3224 1118 3503 1163 remove-

2007 1218 2073 1260 re
2109 1218 2224 1279 per
2252 1218 2326 1261 ea
2365 1218 2505 1280 quae
2541 1199 2840 1271 diximus,
2875 1200 2985 1261 sed
3026 1199 3292 1279 probare
3332 1200 3502 1279 quod

2004 1298 2394 1377 adjutorium
2437 1298 2652 1377 gratiae
2693 1298 2799 1358 Dei
2843 1298 2926 1359 sit
2970 1298 3396 1359 necessarium
3441 1298 3500 1358 ei

2004 1413 2118 1476 per
2162 1394 2294 1456 dies
2340 1394 2622 1475 singulos
2665 1413 2738 1455 ac
2783 1402 3122 1455 momenta.

2095 1494 2417 1556 Postremo
2463 1493 2658 1555 abbas
2708 1493 3099 1574 Paphnutius
3153 1492 3367 1555 emisit
3419 1493 3496 1553 de

2002 1591 2161 1653 cella
2193 1610 2306 1653 sua
2335 1599 2479 1654 ante
2513 1592 2784 1654 mediam
2817 1599 3068 1653 noctem
3099 1608 3214 1653 nos
3243 1590 3343 1653 his
3374 1609 3498 1651 ser-

2002 1687 2301 1750 monibus
2358 1689 2659 1764 eruditOS,
2709 1697 2771 1751 et
2825 1696 3240 1771 compunctos
3295 1688 3493 1768 magis

2000 1806 2194 1868 quam
2242 1786 2479 1849 alacres
2534 1805 2548 1849 τ
2601 1788 2710 1869 qui
2763 1787 2946 1849 nobis
2995 1806 3110 1849 sua
3158 1786 3494 1849 collatione

394 1902 543 1962 me3
593 1885 869 1947 ostendit
918 1904 984 1947 se
1036 1886 1244 1967 primo
1295 1885 1576 1948 locutum
1626 1904 1763 1947 esse
1812 1887 1889 1947 ad
1924 1886 1971 1947 B
2000 1885 2172 1946 dedit
2219 1886 2340 1947 hoc
2395 1885 2690 1957 maxime,
2745 1894 2813 1948 ut
2869 1904 3068 1966 quum
3124 1893 3493 1967 putaremus

392 1982 711 2062 populum
747 2003 761 2046 :
797 1984 967 2064 quod
996 2003 1032 2044 a
1071 1984 1341 2045 Domino
1382 1982 1524 2045 fieri
1565 1984 1723 2046 solet
1764 2002 1889 2046 non

392 2079 605 2141 solum
667 2099 782 2161 per
842 2081 1046 2161 legem
1104 2081 1334 2144 litteris
1393 2082 1718 2162 scriptam,
1780 2082 1888 2143 sed

390 2177 588 2238 etiam
635 2196 750 2258 per
798 2178 1195 2241 hortamenta
1238 2179 1625 2261 quotidiana,
1674 2198 1891 2260 quem-

390 2275 741 2337 admodum
772 2276 862 2337 ait
893 2296 1006 2358 per
1035 2278 1257 2339 Isaiam
1295 2297 1309 2341 :
1343 2277 1495 2339 Tota
1524 2277 1626 2338 die
1657 2296 1890 2359 expan-

387 2373 453 2435 di
496 2392 729 2434 manus
774 2392 947 2435 meas
991 2375 1069 2436 ad
1113 2375 1421 2457 populum
1464 2392 1590 2436 non
1635 2376 1891 2436 creden-

388 2479 519 2531 tem
577 2478 642 2532 et
701 2472 1239 2533 contradicentem
1300 2472 1477 2533 mihi.
1540 2472 1889 2553 Utrumque

384 2585 541 2648 ergo
592 2576 802 2649 potest
852 2569 1219 2632 testimonio
1269 2570 1390 2631 isto
1443 2568 1695 2651 probari
1750 2589 1763 2633 :
1822 2570 1884 2632 Si

384 2665 669 2746 populus
702 2684 883 2728 meus
913 2666 1194 2728 audisset
1224 2686 1347 2739 me,
1382 2674 1501 2728 etc.
1536 2668 1691 2728 Nam
1724 2668 1889 2729 sicut

386 2762 669 2825 liberum
708 2764 1046 2826 arbitrium
1086 2766 1555 2827 demonstratur
1595 2784 1707 2847 per
1744 2766 1890 2827 obe-

382 2860 699 2923 dientiam
732 2863 976 2944 populi,
1012 2862 1102 2924 sic
1134 2862 1522 2942 dispensatio
1558 2871 1749 2945 atque
1778 2883 1887 2925 au-

384 2957 619 3019 xilium
664 2959 778 3021 Dei
825 2959 1227 3022 declarantur
1270 2959 1590 3042 principio
1632 2979 1705 3022 ac
1754 2960 1886 3023 fine

2000 2000 2114 2044 nos
2167 2000 2353 2063 posse
2406 1982 2714 2062 attingere
2767 1982 3022 2043 culmen
3082 1983 3492 2063 perfectionis

2000 2098 2113 2161 per
2147 2080 2419 2160 primam
2454 2079 3093 2151 abrenuntiationem,
3127 2098 3319 2161 quam
3360 2087 3492 2142 toto

1999 2178 2253 2240 virtutis
2297 2185 2526 2240 conatu
2576 2176 2986 2239 studebamus
3032 2177 3318 2259 implere,
3358 2177 3490 2257 jam

2001 2276 2428 2359 inciperemus
2469 2293 2846 2357 cognoscere
2880 2276 3048 2356 quod
3089 2276 3362 2337 necdum
3404 2277 3494 2337 in-

1999 2375 2286 2456 cepimus
2350 2375 2665 2436 somniare
2725 2375 3180 2436 monachorum
3241 2372 3494 2454 fastigia

1999 2490 2110 2533 seu
2144 2470 2599 2552 perfectionem
2630 2490 2850 2535 eorum
2883 2471 3308 2553 praecipuam3
3343 2490 3488 2533 nam

1996 2572 2073 2633 de
2122 2572 2399 2633 secunda
2445 2570 2996 2633 abrenuntiatione
3043 2571 3296 2632 Patrum
3348 2588 3488 2632 eru-

1995 2668 2109 2729 diti
2156 2668 2220 2728 in
2265 2676 2478 2729 nostro
2520 2667 2831 2740 coenobio,
2869 2667 3025 2728 nihil
3073 2667 3336 2729 omnino
3378 2686 3487 2729 au-

1996 2766 2274 2827 divimus
2314 2765 2391 2827 de
2427 2765 2976 2827 abrenuntiatione
3017 2764 3221 2836 tertia,
3258 2765 3323 2826 in
3363 2784 3488 2846 qua

1994 2862 2204 2925 omnis
2253 2862 2615 2925 continetur
2661 2862 2986 2944 perfectio,
3028 2869 3091 2923 et
3139 2881 3282 2943 quae
3329 2861 3487 2923 alias

1993 2961 2149 3022 duas
2180 2959 2371 3021 variis
2417 2960 2620 3022 modis
2663 2960 3069 3022 transcendit.
