4359 6267
884 475 966 539 38
1777 496 1856 542 DE
1897 496 2227 541 msTrrtrrls
2271 496 2355 542 SS.
2392 496 2653 542 PATRUM.
2700 514 2780 523 —
2820 496 2995 542 Lmen
3035 498 3097 542 lv

2035 898 2547 1009 LIBER
2660 899 2827 1007 IV

1615 1226 1726 1277 DE
1805 1224 2347 1276 INSTITUTIS
2423 1223 3253 1276 RENUNTIANTIUM.

1160 1582 1662 1647 CAPITULUM
1724 1580 2096 1645 PRIMUM.

883 1740 1277 1811 (Prooemium
1300 1741 1354 1809 :)
1389 1740 1475 1795 De
1505 1738 1892 1793 institutione
1919 1751 2122 1792 eorum
2149 1735 2260 1808 qui
2286 1750 2379 1789 re-

954 1830 1247 1885 nuntiant
1290 1828 1430 1884 huic
1475 1827 1692 1883 soeculo
1713 1846 1735 1890 ‚·
1783 1832 1840 1882 et
1888 1824 2381 1899 quemadmodum

954 1919 1122 1990 apud
1143 1918 1652 1974 Tabennensiotas
1679 1923 1735 1971 et
1755 1917 2074 1988 AE'qyptios
2104 1914 2381 1969 imbuan-

954 2013 1056 2063 tur·
1083 2008 1137 2061 iz·
1164 2008 1274 2080 qui
1300 2008 1370 2063 in
1396 2006 1783 2063 monasteriis
1811 2005 2254 2076 suscipiuntur.

1025 2223 1074 2285 E
1131 2222 1439 2286 canonico
1507 2221 1696 2283 modo
1760 2219 2118 2283 orationum
2188 2225 2378 2299 atque

1045 2320 1436 2403 psalmorum
1487 2318 1553 2379 in
1601 2318 1835 2380 divinis
1883 2315 2210 2398 obsequiis
2266 2314 2377 2377 ob-

886 2418 1218 2491 servando,
1265 2417 1419 2480 ordo
1466 2415 1844 2479 narrationis
1891 2432 2005 2477 nos
2057 2414 2253 2476 mittit
2299 2413 2378 2475 ad

886 2515 1370 2578 describendam
1416 2514 1882 2577 institutionem
1927 2513 2066 2593 ejus
2110 2512 2222 2594 qui
2274 2530 2383 2573 sae-

888 2614 1034 2677 culo
1077 2614 1226 2675 huic
1271 2613 1593 2674 renuntiat
1627 2630 1640 2673 :
1679 2612 1744 2673 in
1789 2611 2012 2693 primis
2055 2610 2381 2672 studentes

888 2711 1065 2774 brevi
1112 2712 1429 2793 explicare
1478 2727 1790 2783 sermone,
1838 2709 2112 2791 qualiter
2155 2707 2382 2789 recipi·
2420 2707 2466 2769 B

887 2820 1076 2872 antur
1134 2810 1201 2871 in
1261 2809 1552 2872 claustris
1611 2808 1718 2890 qui
1787 2808 2058 2889 cupiunt
2121 2823 2381 2868 conver-

887 2909 934 2969 ti
979 2909 1054 2970 ad
1101 2907 1465 2979 Dominum,
1507 2906 1930 2969 admiscentes
1971 2905 2263 2987 quaedam
2303 2904 2382 2965 de

888 3006 1125 3087 regulis
1187 3006 1646 3088 AEgyptiorum,
1708 3004 1996 3086 quaedam
2060 3003 2138 3064 de
2203 3020 2382 3083 regu-

892 3104 970 3165 lis
1029 3102 1705 3174 Tabennensiotarum,
1769 3118 2040 3183 quorum
2102 3099 2382 3162 coenobi-

893 3220 1002 3263 um
1058 3202 1125 3263 in
1167 3200 1482 3263 Thebaide
1537 3200 1754 3273 situm,
1807 3206 1982 3261 tanto
2030 3198 2383 3260 districtius

893 3306 1323 3373 conversatur,
1356 3305 1594 3380 quanto
1625 3297 1998 3379 populosius
2037 3303 2259 3357 exstat.
2296 3296 2386 3357 Si-

891 3396 1153 3478 quidem
1196 3396 1262 3457 in
1306 3413 1382 3458 eo
1425 3395 1568 3476 plus
1612 3412 1803 3476 quam
1847 3394 2132 3475 quinque
2185 3392 2386 3455 millia

891 3495 1179 3556 Fratrum
1235 3492 1316 3556 ab
1369 3510 1497 3555 uno
1553 3493 1730 3554 Patre
1793 3499 2142 3572 reguntur3
2194 3498 2383 3571 atque

891 3612 1040 3655 cum
1071 3599 1244 3655 tanta
1273 3590 1635 3654 obedientia
1669 3598 1798 3651 tam
1833 3589 2128 3670 copiosus
2166 3607 2385 3650 nume-

892 3711 1001 3753 rus
1033 3690 1488 3754 monachorum
1521 3688 1630 3750 uni
1668 3688 1904 3750 seniori
1940 3704 2056 3749 suo
2089 3685 2383 3749 subditus

890 3797 988 3851 est
1045 3796 1174 3851 toto
1231 3795 1518 3869 tempore
1575 3787 1722 3849 vitae
1780 3805 1932 3860 suae,
1985 3785 2155 3867 quod
2215 3783 2385 3866 apud

2408 1530 2460 1591 A
2490 1537 2560 1591 ut
2610 1530 2860 1592 nullum
2912 1539 3127 1594 nostra
3187 1534 3567 1596 monasteria
3624 1534 3989 1615 ingressum

2489 1629 2895 1691 recordemur
2944 1648 3057 1711 per
3106 1650 3305 1692 unum
3358 1650 3599 1694 anuum
3654 1633 3721 1693 in
3772 1632 3993 1696 obedi-

2490 1727 2661 1788 entia
2702 1734 2875 1789 tanta
2911 1728 3168 1790 vixisse.
3212 1730 3304 1791 Ita
3344 1730 3514 1811 quod
3559 1750 3759 1811 quum
3806 1731 3993 1792 initia

2490 1826 2978 1889 renuntiationis
3033 1826 3289 1889 illorum
3338 1829 3713 1901 viderimus,
3766 1848 3991 1891 conse-

2490 1943 2691 2004 quens
2730 1923 2933 1985 fuisse
2977 1926 3427 2007 intelligamuS,
3471 1936 3541 1989 ut
3583 1928 3660 1989 ad
3711 1936 3841 1989 tam
3884 1948 3993 1989 su-

2490 2020 2756 2084 blimem
2804 2023 3214 2103 perfectionis
3256 2026 3563 2087 verticem
3614 2026 3989 2106 hujusmodi

2490 2118 2904 2183 fundamenta
2946 2132 3419 2204 consurgerent.

2894 2374 3399 2440 CAPITULUM
3460 2378 3580 2440 III.

2548 2521 2675 2587 Quo
2703 2522 2985 2577 eaeamine
3004 2522 3302 2594 probetur·
3329 2524 3440 2595 qui
3468 2524 3536 2580 in
3562 2526 3929 2581 monasterio

2959 2612 3381 2684 suscipiendus
3418 2619 3523 2668 est.

2573 2806 2801 2872 GITUR
2832 2809 3097 2890 cupiens
3128 2810 3272 2892 quis
3305 2811 3371 2874 in
3403 2812 3785 2876 monasterio
3826 2814 3992 2875 reci-

2591 2904 2679 2986 pi,
2724 2923 2847 2968 non
2892 2906 3069 2988 prius
3108 2908 3485 2983 admittitur,
3531 2928 3721 2991 quam
3763 2910 3988 2973 decem

2493 3003 2719 3066 diebus
2761 3012 2872 3066 aut
2916 3005 3163 3086 longius
3211 3014 3357 3069 ante
3405 3007 3573 3070 fores
3624 3026 3989 3081 remanenS,

2494 3104 3053 3183 perseverantiam,
3106 3104 3502 3185 patientiam,
3554 3107 3990 3169 humilitatem

2492 3219 2565 3261 ac
2614 3200 3001 3263 desiderium
3054 3203 3284 3264 mentis
3338 3223 3469 3267 suae
3519 3223 3633 3286 per
3680 3203 3993 3267 effectum

2492 3305 2556 3359 et
2585 3307 2755 3359 certa
2784 3297 2964 3379 signa
2996 3301 3459 3363 monstraverit.
3494 3302 3831 3384 Quumque
3862 3320 3996 3366 om-

2493 3394 2674 3456 nium
2707 3398 3225 3476 praetereuntium
3248 3398 3531 3461 Fratrum
3559 3400 3830 3481 genibus
3856 3418 3999 3482 pro-

2493 3492 2769 3567 volutus,
2804 3502 2862 3555 et
2904 3493 2983 3555 ab
3026 3494 3339 3559 universis
3380 3496 3457 3559 de
3489 3497 3802 3560 industria
3840 3518 3996 3580 qua-

2494 3590 2548 3652 si
2579 3590 2888 3653 refutatus
2917 3599 3107 3674 atque
3144 3592 3502 3675 despectus,
3538 3603 3840 3677 tanquam
3876 3596 3993 3678 qui

2494 3706 2621 3751 non
2670 3689 2985 3752 desiderio
3044 3690 3392 3772 religionis,
3444 3693 3556 3755 sed
3614 3694 3994 3756 necessitate

2495 3786 2768 3868 quadam
2799 3788 3189 3870 compulsuS,
3222 3791 3679 3853 monasterium
3711 3792 3867 3854 velit
3898 3793 3997 3854 in-

893 3904 1010 3950 nos
1049 3906 1215 3949 unus
1259 3903 1385 3949 non
1429 3891 1636 3967 potest
1677 3884 1787 3945 uni
1831 3902 1980 3947 cum
2025 3890 2197 3944 tanta
2242 3880 2387 3943 obe-
2422 3884 2466 3947 C
2496 3889 2682 3957 trare,
2718 3883 2971 3963 injuriis
3006 3901 3260 3967 quoque
3293 3893 3357 3948 et
3390 3887 3997 3968 exprobrationibus

894 3985 1135 4047 dientia
1178 3985 1254 4046 ad
1300 3983 1623 4047 modicum
1666 3990 1918 4064 tempus
1961 3981 2244 4055 subesse,
2285 3980 2387 4041 vel

895 4102 1186 4165 praeesse.

1311 4316 1814 4381 CAPITULUM
1881 4316 1969 4379 II.

939 4475 1138 4543 Quare
1165 4488 1352 4547 usque
1381 4473 1464 4529 ad
1489 4473 1768 4528 ultimam
1794 4478 2147 4528 senectutem
2174 4473 2343 4544 apud

1125 4579 1223 4620 eos
1253 4564 1322 4619 in
1348 4562 1734 4619 monasteriis
1753 4567 2154 4634 perseverent.

1041 4768 1339 4833 UORUM
1377 4768 1758 4841 obedientia,
1812 4766 2283 4848 perseverantia
2329 4773 2392 4827 et

905 4767 1034 4967 Q
1061 4866 1387 4928 humilitas
1432 4865 1705 4948 qualiter
1743 4872 1873 4927 tam
1914 4864 2215 4925 diuturna
2255 4882 2393 4944 per-

899 4972 1171 5039 maneat,
1223 4972 1284 5026 et
1335 4983 1461 5046 qua
1511 4963 1958 5026 informatione
2010 4962 2392 5024 inducantur

2498 3980 2717 4043 multis
2764 3981 3056 4056 affeetuS,
3103 3986 3523 4047 constantiam
3572 4004 3752 4048 suam
3802 4005 3997 4068 expe·

2497 4078 2917 4141 rimentaliter
2963 4080 3513 4157 demonstraverit,
3553 4092 3617 4146 et
3666 4085 3875 4165 qualis
3930 4085 4001 4147 in

2499 4176 2955 4239 tentationibus
3004 4178 3087 4240 sit
3144 4178 3398 4242 futurus
3456 4200 3571 4262 per
3616 4180 3998 4263 opprobrio·

2500 4294 2643 4337 rum
2676 4276 3074 4338 tolerantiam
3113 4277 3547 4352 declaraverit,
3583 4280 3806 4361 sicque
3858 4299 4005 4342 sus-

2502 4382 2723 4455 ceptus
2762 4373 2956 4436 fuerit
3002 4374 3327 4456 explorato
3374 4384 3437 4437 et
3486 4378 3738 4458 cognito
3788 4379 4003 4441 cordis

2502 4471 2601 4533 sui
2645 4472 2903 4551 ardore;
2936 4491 3083 4533 cum
3127 4473 3458 4554 diligentia
3500 4493 3751 4537 summa
3793 4476 4005 4558 inqui—

2502 4569 2683 4644 ritur,
2727 4589 2807 4632 ne
2845 4570 3083 4652 aliquid
3125 4571 3183 4633 ei
3227 4572 3305 4634 de
3351 4572 3639 4654 pristinis
3683 4573 4002 4636 facultati·

2503 4668 2622 4730 bus
2654 4668 2787 4731 suis
2817 4668 3150 4743 adhaereat,
3178 4670 3243 4731 in
3273 4677 3520 4733 tantum
3554 4680 3623 4733 ut
3651 4690 3768 4734 nec
3800 4692 4002 4736 unum

2502 4767 2770 4829 retineat
2814 4786 3169 4829 nummum.
3208 4769 3429 4831 Sciunt
3466 4771 3641 4833 enim
3679 4790 3827 4834 eum
3872 4774 4000 4835 sub

2504 4864 2777 4945 regulari
2826 4864 3166 4946 disciplina
3213 4865 3321 4927 diu
3372 4876 3537 4930 stare
3596 4888 3725 4932 non
3784 4888 3995 4951 posse,

2502 4981 2620 5025 nec
2659 4964 3209 5044 apprehensurum
3246 4982 3385 5027 esse
3424 4984 3640 5028 veram
3678 4968 4005 5031 humilita-

899 5065 978 5127 ad
1008 5065 1128 5126 hoc
1172 5071 1242 5125 ut
1287 5080 1487 5144 usque
1537 5062 1616 5123 ad
1664 5060 2055 5143 decrepitam
2103 5068 2390 5122 senectu-
2424 5062 2473 5125 D
2504 5070 2633 5123 tem
2676 5078 2749 5123 ac
2790 5061 3238 5136 obedientiam,
3282 5082 3488 5145 neque
3528 5066 3804 5128 coenobii
3844 5086 4005 5148 pau-

903 5170 1033 5224 tem
1070 5163 1136 5223 in
1169 5161 1444 5223 claustro
1478 5166 1905 5241 perseverent,
1938 5157 2213 5221 arbitror
2247 5166 2393 5222 ante

904 5260 1120 5323 omnia
1169 5257 1743 5341 perstringendum.
1800 5256 1996 5319 Tanta
2047 5264 2143 5318 est
2194 5257 2389 5332 enim,

2503 5168 2744 5241 pertate
2802 5178 2875 5222 ac
2924 5160 3318 5223 districtione
3377 5162 3486 5224 diu
3544 5163 3680 5226 fore
3738 5174 4005 5249 conten-

2504 5266 2662 5332 tum,
2695 5258 2749 5320 si
2780 5258 3130 5341 quidquam
3170 5260 3457 5341 pecuniae
3498 5261 3565 5323 in
3605 5264 4004 5328 conscientia
