4359 6267
640 680 656 724 1
675 679 778 724 Cor.
790 692 846 723 ιιι

624 3651 753 3695 Rom.
767 3663 837 3700 xv,
848 3653 884 3693 1.

625 3839 778 3882 Galat.
788 3841 890 3890 vm.

905 472 1027 538 328
1587 490 2003 539 conmnonmt
2045 491 2130 538 ss.
2164 491 2407 536 mmm(
2448 489 2623 535 mann
2664 489 2726 533 11.
2773 506 2854 515 —
2892 488 3182 552 commo
3220 489 3327 534 xv1

906 779 1070 824 rum.
1123 762 1259 824 Non
1310 763 1481 825 enim
1533 763 1626 824 sic
1683 761 1910 844 quaerit
1959 759 2214 822 divitias
2266 776 2405 841 pro-

908 860 1100 941 priaS,
1135 868 1205 922 ut
1240 880 1318 923 ex
1358 861 1739 922 detrimento
1780 859 2052 941 proximi
2096 856 2285 920 faciat
2324 858 2404 919 si-

907 959 973 1020 bi
1033 960 1304 1032 lucrum,
1367 977 1486 1020 nec
1543 957 1785 1040 aliquid
1844 964 2020 1039 optat
2075 956 2405 1038 acquirere

908 1076 1055 1120 cum
1098 1058 1360 1120 alterius
1403 1057 1707 1120 nuditate.

1242 1311 1746 1376 CAPITULUM
1809 1310 2066 1373 XXIII.

908 1464 993 1518 De
1023 1461 1290 1534 propria
1327 1458 1637 1515 voluntate
1673 1457 2064 1529 subjicienda
2099 1455 2406 1512 voluntati

1531 1546 1780 1618 fratris.

1033 1749 1382 1822 CIENDUM,
1409 1748 1648 1810 interea
1678 1745 1847 1828 quod
1887 1744 1995 1807 ille
2024 1741 2405 1825 generaliter

1050 1847 1276 1910 fortius
1314 1845 1442 1928 agit
1471 1853 1535 1908 et
1566 1843 1969 1907 victoriosius
2003 1848 2302 1924 operatur
2330 1857 2404 1901 ac
2441 1843 2488 1906 B

912 1947 1231 2030 praevalet,
1282 1945 1393 2028 qui
1451 1962 1633 2006 suam
1692 1941 1952 2023 subjicit
2009 1941 2405 2003 voluntatem

910 2045 1220 2108 voluntati
1268 2044 1504 2116 fratris,
1555 2061 1748 2124 quam
1808 2039 1916 2102 ille
1963 2039 2075 2121 qui
2133 2038 2409 2121 pertina-

912 2143 1045 2206 cior
1092 2142 1416 2205 invenitur
1466 2140 1532 2201 in
1575 2139 1850 2202 tenendo
1891 2155 1965 2199 ac
2009 2133 2407 2198 defendendo

912 2242 1200 2323 proprias
1255 2240 1653 2302 assertiones,
1707 2236 1818 2299 Ille
1867 2235 2106 2318 quippe
2165 2233 2410 2297 susten·-

910 2347 1051 2402 tans
1081 2358 1152 2402 ac
1185 2339 1456 2402 tolerans
1497 2336 1884 2419 proximum,
1919 2333 2163 2396 obtinet
2197 2332 2406 2394 locum

911 2445 974 2500 et
1016 2455 1351 2519 personam
1401 2434 1679 2499 hominis
1727 2434 1863 2496 sani
1913 2451 1987 2494 ac
2029 2430 2261 2508 validi3
2301 2429 2408 2491 hic

910 2543 1125 2598 autem
1156 2554 1270 2597 sua
1301 2533 1720 2596 immansione
1749 2539 1814 2595 et
1842 2530 2115 2593 elatione
2145 2527 2408 2590 sortitur

914 2635 1124 2696 locum
1166 2632 1408 2695 infirmi
1439 2651 1511 2694 ac
1542 2629 1923 2712 aegrotantis,
1957 2646 2150 2710 quem
2192 2645 2407 2689 neces-

911 2751 979 2795 se
1024 2741 1120 2795 est
1163 2732 1250 2794 ita
1297 2731 1539 2814 palpari
1590 2737 1778 2811 atque
1827 2726 2052 2799 foveri,
2098 2734 2166 2787 ut
2215 2725 2407 2787 inter-

910 2832 1066 2893 dum
1109 2829 1362 2892 salubre
1406 2829 1488 2890 sit
1533 2845 1648 2910 pro
1690 2827 1830 2908 ejus
1880 2825 2094 2907 quiete
2136 2841 2211 2885 ac
2254 2841 2409 2905 pace

911 2929 1153 3012 aliquid
1193 2927 1462 2990 relaxari
1491 2945 1528 2988 a
1559 2924 1934 2988 necessariis
1973 2922 2164 2985 rebus
2202 2940 2276 2983 ac
2314 2939 2409 2983 re·

911 3027 1098 3110 gulis.
1132 3028 1204 3089 In
1249 3044 1376 3108 quo
1419 3025 1706 3086 relaxans
1755 3041 1882 3085 non
1929 3021 2142 3083 credat
2188 3039 2254 3082 se
2296 3019 2411 3081 ali-
2445 3027 2488 3091 C

912 3126 1068 3208 quid
1113 3124 1420 3187 minuisse
1464 3123 1541 3185 de
1585 3141 1700 3184 sua
1744 3119 2154 3203 perfectione,
2188 3135 2409 3200 quam—

912 3225 1010 3288 vis
1041 3221 1604 3287 condescendendo
1642 3219 2027 3284 subtraxerit
2053 3216 2299 3298 aliquid
2329 3216 2407 3278 de

914 3322 1239 3407 proposita
1275 3321 1691 3394 districtione,
1726 3319 1836 3381 sed
1867 3315 2222 3380 econtrario
2251 3314 2410 3377 sciat

914 3441 982 3486 se
1028 3421 1230 3484 multo
1271 3419 1416 3501 plus
1458 3418 1700 3500 aliquid
1741 3416 2091 3498 acquisisse
2137 3432 2253 3497 pro
2296 3432 2411 3476 sua

916 3519 1220 3603 patientia
1279 3537 1355 3580 ac
1417 3516 1910 3599 longanimitate.
1974 3512 2410 3597 Apostolicum

915 3636 1191 3701 namque
1223 3624 1612 3701 praeceptum
1642 3621 1738 3677 est
1771 3631 1785 3676 :
1819 3614 1941 3676 Vos
1972 3612 2085 3695 qui
2115 3610 2409 3674 fortiores

916 3717 1092 3790 estiS,
1125 3714 1597 3779 imbecillitates
1628 3711 2035 3776 infirmorum
2065 3709 2409 3788 sustinete3

917 3823 1002 3890 et,
1034 3814 1424 3877 Alterutrum
1461 3830 1653 3874 onera
1680 3817 1889 3900 vestra
1925 3815 2193 3891 portate,
2226 3814 2290 3870 et
2318 3806 2411 3868 sic

917 3911 1349 3995 adimplebitis
1382 3911 1584 3993 legem
1615 3908 1858 3973 Christi.
1873 3907 2213 3989 Nunquam
2243 3904 2413 3967 enim

918 4012 1218 4075 infirmus
1267 4016 1578 4073 sustentat
1624 4007 1982 4080 infirmum,
2029 4023 2146 4067 nec
2196 4003 2249 4066 is
2299 4001 2411 4085 qui

817 4163 822 4168 .
916 4118 1176 4193 aegrotat
1197 4109 1462 4174 tolerare
1488 4107 1722 4189 poterit
1743 4113 1849 4169 aut
1873 4122 2090 4167 curare
2116 4100 2413 4166 similiter

621 4430 730 4476 Luc.
745 4445 804 4482 iv,
819 4433 888 4473 23.

915 4217 1355 4292 aegrotantem3
1388 4207 1498 4269 sed
1530 4207 1582 4268 is
1616 4205 1927 4267 medelam
1957 4201 2187 4264 tribuit
2216 4200 2415 4262 imbe-
2442 4209 2491 4270 D
2612 4203 2773 4266 Ecce
2812 4203 2947 4266 haec
2985 4203 3380 4266 observanda
3419 4222 3547 4285 prae
3584 4202 3883 4265 omnibus
3922 4219 4028 4263 ar-

917 4309 1072 4382 cilli,
1101 4309 1212 4390 qui
1243 4305 1669 4369 imbecillitati
1701 4321 1827 4366 non
1859 4300 2166 4381 subjacet.
2192 4298 2413 4362 Merito

918 4407 1154 4471 etenim
1195 4405 1431 4468 dicitur
1465 4422 1479 4467 :
1518 4403 1780 4476 Medica,
1824 4419 1979 4463 cura
2015 4407 2076 4461 te
2117 4398 2349 4480 ipsum.

1255 4658 1759 4724 CAPITULUM
1821 4655 2071 4720 XXIV.

917 4807 1090 4878 Quod
1134 4808 1370 4879 infirmi
1407 4805 1710 4877 injuriosi
1745 4807 1873 4862 sint
1909 4803 2081 4867 aliis,
2121 4808 2176 4859 et
2217 4808 2413 4859 tamen

1209 4896 1491 4968 injurias
1517 4895 1683 4967 ferre
1709 4911 1832 4952 non
1855 4894 2118 4967 possint.

1068 5097 1186 5160 AE'C
1219 5094 1460 5177 quippe
1496 5099 1722 5155 natura
1753 5098 1849 5154 est
1880 5089 2310 5162 infirmorum,
2345 5095 2415 5149 ut

1089 5213 1288 5278 quum
1335 5192 1457 5275 ipsi
1499 5191 1628 5254 sint
1669 5190 1854 5274 proni
1892 5189 1970 5252 ad
2012 5187 2281 5269 injurias
2326 5187 2417 5249 in-

919 5294 1212 5360 ferendas
1250 5311 1324 5354 ac
1357 5290 1571 5373 jurgia
1605 5289 1989 5364 suscitanda,
2023 5286 2291 5350 minima
2326 5293 2414 5348 ta-

847 680 1034 728 1‚non
1073 663 1301 744 quaerit
1340 683 1482 746 quae
1530 683 1645 726 sua
1692 670 1860 738 sunt,
1905 663 2015 725 sed
2063 681 2205 744 quae
2255 659 2405 723 alio-
2433 659 2484 722 A
2516 678 2662 722 men
2712 659 2951 740 injuria
2988 659 3159 740 tangi
3212 675 3339 721 non
3382 657 3641 736 volunt3
3680 673 3997 737 quumque

2513 757 2978 820 inconsiderata
3034 757 3323 838 equitent
3370 755 3661 818 libertate
3716 753 3793 816 ad
3848 753 4001 814 infe-

2514 855 2782 917 rendum
2824 864 3117 938 proterva
3156 855 3455 928 convitia,
3490 861 3784 916 recusant
3814 869 4001 933 parva

2512 961 2702 1034 atque
2735 953 3054 1015 levissima
3094 953 3427 1016 sustinere.
3462 952 3621 1014 Hinc
3650 951 3827 1031 juxta
3852 968 4003 1031 prae-

2514 1051 2797 1113 habitam
2828 1051 3153 1114 seniorum
3194 1050 3598 1124 sententiam,
3632 1048 3856 1110 caritas
3882 1054 4004 1108 sta-

2516 1148 2665 1211 bilis
2704 1168 2778 1211 ac
2818 1149 3144 1231 indirupta
3182 1167 3310 1212 non
3352 1149 3585 1232 poterit
3616 1163 4000 1229 permanere,

2516 1247 2640 1310 nisi
2680 1248 2846 1310 inter
2886 1249 3055 1310 viros
3094 1249 3385 1328 ejusdem
3428 1245 3737 1330 propositi
3776 1263 3848 1306 ac
3883 1243 4008 1306 vir-

2516 1347 2723 1426 tutis;
2783 1346 3097 1409 scinditur
3156 1365 3433 1429 namque
3495 1344 3871 1427 quandoque
3924 1341 4004 1402 ab

2516 1444 2912 1526 imperfecto,
2945 1445 3339 1528 quantalibet
3373 1444 3667 1506 cautione
3704 1441 4004 1504 custodia-

2520 1551 2620 1605 tur
2661 1542 2741 1605 ab
2783 1544 3000 1606 altero.

2873 1797 3377 1861 CAPITULUM
3439 1795 3656 1859 XXV.

2616 1947 2904 2014 Quaestio,
2945 1945 3236 2019 quomodo
3280 1943 3467 2015 fortis
3503 1945 3605 2008 sit,
3646 1942 3759 2016 qui
3793 1958 3913 1998 non

2831 2037 3089 2092 sustinet
3119 2050 3349 2106 semper
3377 2034 3709 2104 infirmum.
3742 2076 3749 2084 .

2663 2223 3023 2287 ERMANUS
3056 2241 3071 2285 ε
3104 2224 3175 2286 In
3206 2240 3335 2304 quo
3362 2240 3513 2303 ergo
3552 2221 3861 2302 patientia
3888 2218 4005 2281 viri

2681 2321 2947 2403 perfecti
2987 2327 3195 2403 potest
3222 2339 3359 2383 esse
3400 2319 3762 2393 laudabiliS,
3795 2318 3846 2380 si
3886 2335 4009 2380 non

2522 2429 2729 2503 potest
2770 2438 3023 2502 semper
3064 2419 3332 2482 tolerare
3376 2417 3757 2481 infirmum?

2855 2685 3359 2749 CAPITULUM
3420 2684 3670 2748 XXVI.

2628 2835 2981 2907 Responsio,
3012 2833 3175 2907 quod
3202 2835 3482 2904 infirmus
3510 2849 3632 2890 non
3659 2833 3829 2888 sinat
3856 2849 3917 2888 se

3089 2924 3443 2979 sustentari.

2618 3120 2860 3183 OSEPH
2906 3139 2920 3183 ε
2968 3119 3097 3182 Nec
3144 3137 3260 3200 ego
3306 3119 3437 3182 dixi
3486 3120 3657 3202 quod
3702 3119 4018 3182 vincenda

2635 3219 2719 3280 sit
2747 3219 2950 3281 virtus
2988 3225 3099 3280 aut
3134 3216 3470 3281 tolerantia
3506 3217 3645 3299 ejus
3685 3217 3797 3299 qui
3834 3216 4019 3280 fortis

2522 3337 2597 3381 ac
2626 3318 2925 3381 robustus
2954 3324 3072 3392 est,
3104 3317 3215 3380 sed
3255 3317 3427 3398 quod
3464 3317 3742 3400 pessima
3768 3316 4021 3398 aegritu-

2524 3417 2605 3481 do
2633 3415 3159 3480 defectuositasve
3192 3414 3461 3490 infirmi,
3494 3414 3735 3477 nutrita
3772 3423 4021 3477 susten-

2522 3515 2761 3578 tatione
2798 3513 2940 3595 ejus
2978 3513 3089 3598 qui
3129 3533 3321 3577 sanus
3360 3521 3479 3589 est,
3513 3512 3799 3596 quotidie
3836 3513 4023 3576 cadet

2526 3613 2590 3676 in
2621 3612 3289 3695 pejus‚generabitque
3322 3631 3541 3674 causas
3573 3619 3833 3694 propter
3862 3629 4021 3692 quas

2490 3706 2493 3708 ’
2527 3713 2663 3794 ipse
2697 3730 2825 3774 non
2861 3710 2944 3774 sit
2972 3710 3247 3792 amplius
3282 3711 3724 3788 sustinendus3
3754 3709 3859 3771 vel
3888 3727 4025 3771 cer-

2524 3819 2587 3873 te
2624 3809 2975 3890 conjiciens
3012 3807 3386 3891 patientiam
3428 3808 3699 3892 proximi
3737 3808 3834 3872 sui
3876 3825 4021 3870 esse

2526 3914 2763 3983 notam,
2796 3915 2861 3970 et
2888 3906 3415 3970 deformationem
3446 3907 3858 3991 impatientiae
3886 3925 4023 3968 suae

2525 4007 2903 4081 convictam,
2938 4005 3119 4068 malit
3145 4005 3321 4068 abire
3362 4025 3553 4088 quam
3592 4024 3846 4088 semper
3874 4023 4022 4087 por-

2524 4105 2643 4168 tari
2676 4104 3193 4186 magnanimitate
3222 4110 3286 4167 et
3317 4103 3620 4187 patientia
3647 4102 3859 4166 fratris
3888 4102 4018 4164 sui.

2524 4302 2834 4365 bitramur
2894 4301 2975 4363 ab
3037 4301 3136 4363 his
3198 4300 3309 4384 qui
3373 4301 3645 4384 cupiunt
3703 4297 4018 4362 affectum

2522 4400 2870 4463 sodalitatis
2929 4398 3383 4463 inviolabiliter
3438 4399 3775 4462 observare
3821 4418 3837 4462 ε
3888 4398 4031 4480 pri-

2523 4516 2650 4574 m0,
2693 4506 2764 4561 ut
2805 4499 3154 4562 monachus
3195 4497 3595 4580 quibuslibet
3638 4496 3889 4578 injuriis
3921 4495 4033 4559 la-

2522 4597 2811 4671 cessituS‚
2860 4595 3203 4679 tranquilla
3256 4596 3569 4660 custodiat
3618 4613 3745 4659 non
3800 4593 4019 4658 solum

2523 4695 2691 4757 labia
2720 4713 2853 4768 sua,
2874 4694 2985 4757 sed
3013 4693 3208 4756 etiam
3237 4694 3513 4776 pectoris
3544 4693 3643 4757 sui
3675 4693 4019 4777 profunda.

2522 4792 2669 4866 Quae
2700 4799 2913 4854 tamen
2942 4792 2995 4853 si
3024 4790 3125 4854 vel
3158 4791 3407 4855 modice
3436 4791 3689 4854 turbata
3724 4791 4021 4866 senserit,

2523 4891 2698 4953 omni
2745 4891 3175 4953 taciturnitate
3230 4889 3525 4954 cohibeat
3572 4889 4019 4972 semetipsum,

2522 4998 2586 5052 et
2635 4989 2975 5070 diligenter
3026 4987 3321 5050 observet
3377 4987 3539 5052 illud
3594 4988 3943 5053 Psalmistae
4000 5007 4018 5050 ε

2524 5088 2836 5151 Turbatus
2876 5106 3040 5161 sum,
3073 5093 3137 5149 et
3167 5104 3296 5149 non
3336 5106 3479 5149 sum
3511 5087 4284 5166 locutus3item-122mns

2526 5206 2671 5268 que,
2723 5186 2889 5259 Dixi,
2942 5185 3307 5248 Custodiam
3355 5185 3491 5274 vias
3545 5204 3717 5248 meas
3765 5193 3837 5248 ut
3882 5205 4020 5250 non
4054 5211 4284 5300 ‘numu

2526 5284 2894 5367 delinquam
2939 5283 3005 5346 in
3045 5282 3264 5366 lingua
3303 5302 3463 5358 mea,
3503 5285 3686 5367 posui
3728 5284 3823 5348 ori
3871 5301 4087 5351 meo·
