4359 6267
591 2272 782 2379 ’ξρὴει
793 2288 849 2324 iv,

636 3760 814 3804 Manli.
827 3774 868 3812 v,

607 3827 673 3868 ¹7.

875 483 996 548 336
1545 501 1960 548 COLLATIONUM
2003 502 2086 548 SS.
2121 501 2366 546 PA‘rnmu
2406 500 2581 546 LIBER
2620 501 2683 544 11.
2729 517 2810 527 —
2850 498 3138 545 COLLATIO
3177 498 3307 545 xvn

876 680 1066 754 atque
1114 671 1388 734 salubris
1439 673 1746 735 correctio
1794 671 2168 734 inconsultae
2217 670 2375 733 obli·
2402 668 2453 731 A
2484 690 2598 733 nos
2630 677 2914 745 terreret,
2950 671 3119 752 quod
3159 688 3276 751 per
3312 670 3481 732 istud
3510 669 3763 732 videtur
3803 668 3986 730 infir-

875 771 1166 853 gationis.
2487 769 2796 832 mioribus
2826 769 3190 850 quibusque
3220 769 3354 832 dari
3394 768 3757 851 exemplum
3789 776 3985 850 atque

956 870 1279 944 Praeterea,
1315 877 1385 932 ut
1424 869 1666 951 aliquid
1710 871 1788 932 de
1833 869 2236 952 philosophia
2278 869 2372 930 in·
2484 868 2733 930 occasio
2789 868 3160 941 mentiendi,
3213 869 3264 930 si
3319 867 3731 949 cognoverint
3790 874 3989 930 statu-

875 970 1284 1033 troducamus
1333 969 1502 1050 quod
1553 970 1755 1032 solvat
1801 969 2044 1031 nodum
2085 968 2371 1051 proposi·
2486 976 2579 1030 tas
2622 967 3031 1029 definitiones
3075 966 3412 1031 assertivas
3453 985 3565 1029 seu
3605 967 3986 1049 sponsiones

876 1077 955 1132 tae
985 1067 1375 1150 quaestioniS,
1410 1069 1549 1150 ipsa
1587 1075 1810 1130 natura
1849 1076 2052 1130 mutat
2082 1067 2147 1129 in
2188 1066 2372 1129 nobis
2489 1083 2672 1149 posse
2718 1067 2905 1128 modo
2948 1065 3080 1129 ullo
3122 1065 3375 1127 mutari.

875 1186 1069 1250 opera
1116 1187 1230 1229 sua
1277 1186 1355 1229 ex
1405 1167 1672 1231 consilio
1719 1167 2066 1248 majestatis
2116 1166 2367 1229 divinae.

877 1266 973 1329 Ab
1013 1265 1282 1329 infantia
1319 1285 1595 1348 namque
1637 1264 2079 1328 transferimur
2117 1266 2182 1327 in
2225 1283 2375 1346 pue-

877 1365 1112 1438 ritiam,
1163 1382 1200 1426 a
1248 1365 1521 1446 pueritia
1569 1366 1633 1427 in
1679 1365 2105 1445 juventutem,
2149 1364 2228 1425 de
2272 1362 2372 1443 ju·
2888 1322 3393 1386 CAPITULUM
3434 1321 3585 1385 XV·

877 1471 1137 1526 ventute
1183 1464 1247 1525 in
1291 1471 1681 1526 seneen-Item
1728 1481 1742 1525 ἶ
1785 1463 1919 1525 haess
1968 1471 2180 1525 autem
2226 1480 2373 1543 ope·
2488 1482 2843 1554 Responsio,
2894 1480 3057 1552 quod
3100 1481 3357 1536 mutatio
3397 1479 3835 1551 promissionis
3890 1481 3985 1534 in-

879 1571 1052 1625 ratur
1097 1563 1162 1623 in
1205 1561 1388 1624 nobis
1432 1562 1766 1643 dispositio
1809 1561 2140 1634 Creatoris,
2175 1562 2263 1623 ita
2305 1568 2375 1621 ut
2558 1577 2755 1628 cautoe
2814 1587 2935 1626 non
2995 1571 3077 1625 sit
3136 1571 3467 1626 omittenda
3524 1571 3985 1642 superveniente

879 1660 1282 1723 mendacium
1314 1660 1564 1722 nullum
1597 1660 1994 1722 adscribatur
2022 1659 2204 1722 aetati.
2224 1658 2376 1722 Con·
2558 1660 2901 1716 salubriori
2958 1659 3234 1716 consilio.

876 1760 1168 1825 formiter
1216 1760 1408 1822 homo
1455 1767 1672 1822 noster
1719 1759 1981 1821 interior
2023 1758 2375 1821 ablactatus

876 1859 1302 1923 atenerrimis-
1325 1857 1632 1921 institutis
1664 1858 2373 1939 primordiorum,quum
2412 1858 2459 1920 Β
2582 1858 2823 1922 OSEPH
2867 1879 2881 1922 ε
2922 1859 3047 1921 Νοε
3095 1859 3214 1920 ista
3256 1858 3669 1940 praediximus
3718 1859 3797 1921 de
3847 1879 3983 1921 mu·
4048 1873 4138 1916 uae
4161 1875 4245 1944 gunt

880 1979 993 2042 per
1035 1958 1317 2021 diversas
1362 1965 1574 2019 aetates
1624 1956 2026 2038 profectuum
2070 1957 2148 2018 ad
2191 1956 2376 2019 robu·
2600 1958 2835 2021 tatione
2889 1957 3329 2040 promissionis
3388 1957 3679 2031 incautae,
3732 1975 3861 2021 non
3911 1969 3985 2020 ut
4012 1937 4199 1990 ⁰⁵⁰¹¹²⁵¹¹'

877 2058 1136 2121 stiorem
1181 2057 1483 2118 virtutem
1528 2055 1891 2136 profecerit,
1932 2063 1994 2116 et
2039 2055 2187 2117 inde
2237 2073 2376 2137 per·
2486 2057 2711 2120 demus
2759 2065 2869 2118 aut
2917 2075 3313 2119 reservemus
3356 2057 3526 2118 viam
3578 2075 3691 2120 seu
3739 2058 3983 2120 aditum

877 2156 1141 2218 veniens
1197 2155 1275 2216 ad
1328 2153 1628 2216 canitiem
1688 2172 1990 2220 sensuum
2040 2172 2112 2214 ac
2163 2153 2374 2216 virum
2489 2156 2829 2237 prohibitis
2859 2155 3195 2236 noxiisque
3228 2156 3608 2236 mendaciis;
3642 2157 3865 2220 utilius
3894 2156 3991 2238 ju-

879 2254 1260 2337 perfectum,
1313 2271 1806 2333 mensuramque
1855 2251 2055 2315 aetatis
2105 2252 2377 2334 plenitu-
2488 2255 2793 2327 dicanteS‚
2830 2263 2899 2316 ut
2928 2255 2981 2316 si
3015 2253 3177 2316 forte
3207 2256 3585 2336 praevenerit
3624 2274 3741 2318 nos
3772 2257 3989 2320 incon-

879 2354 1047 2415 dinis
1097 2352 1351 2425 Christi,
1396 2352 1762 2432 deposuerit
1809 2370 1884 2412 ea
1931 2371 2072 2432 quae
2125 2350 2379 2413 fuerant
2490 2354 2655 2416 sulita
2698 2354 3031 2427 sententia,
3067 2360 3457 2434 temperetur
3497 2356 3988 2436 superveniente

881 2451 1154 2534 parvuli,
1189 2449 1501 2531 numquid
1547 2449 1898 2511 credendus
1942 2457 2038 2511 est
2081 2448 2379 2512 incurris·
2492 2453 2921 2516 moderatione
2953 2452 3325 2515 salubrioris
3356 2453 3629 2515 consilii.
3650 2453 3778 2517 Nec
3806 2472 3991 2537 opor-

879 2571 946 2613 se
1011 2549 1381 2613 varietatem
1447 2548 1784 2622 mendacii,
1852 2556 1914 2609 et
1975 2565 2101 2610 non
2164 2549 2377 2630 potius
2491 2560 2581 2614 tet
2610 2570 2725 2614 nos
2757 2551 2992 2632 rigidos
3023 2551 3600 2633 irrevocabilesque
3632 2572 3889 2616 manere
3921 2555 3987 2617 in

881 2648 1272 2732 reputandus
1335 2654 1431 2710 est
1492 2645 1846 2708 obtinuisse
1910 2646 2377 2729 plenitudinem
2492 2651 2592 2714 his
2641 2671 2783 2732 quae
2832 2651 3029 2712 semel
3083 2650 3445 2724 statuimus,
3496 2651 3549 2713 si
3610 2661 3855 2714 matura
3914 2673 3989 2716 ac

882 2746 1332 2831 perfectionis?
1369 2746 1472 2808 Sic
1507 2746 1868 2808 rudimenta
1905 2745 2138 2807 veteris
2173 2745 2381 2808 Testa·
2493 2750 2771 2832 prudens
2812 2749 3112 2812 discretio
3151 2749 3464 2812 invenerit
3496 2759 3714 2832 postea
3752 2753 3991 2814 rectius

883 2847 1080 2910 menti
1128 2865 1240 2928 per
1280 2844 1821 2927 dispensationem
1862 2843 2094 2907 Christi
2136 2843 2381 2925 legisla-
2492 2849 2771 2930 aliquid3
2815 2849 2987 2910 aliud
3033 2867 3309 2930 namque
3356 2857 3453 2910 est
3497 2850 3775 2924 mentiri,
3815 2851 3991 2914 aliud

883 2946 1037 3009 toris
1097 2945 1296 3009 nostri
1347 2943 1817 3006 transferuntur
1873 2943 1951 3004 ad
1999 2943 2381 3024 evangelicae
2494 2954 2727 3010 statuta
2775 2966 2886 3009 seu
2948 2947 3261 3028 promissa
3311 2955 3574 3010 mutare.
3628 2947 3765 3010 Non
3814 2951 3987 3012 enim

883 3044 1296 3110 beatitudinis
1348 3044 1827 3126 perfectionem.
1871 3042 2000 3105 Nec
2041 3051 2255 3106 tamen
2304 3063 2381 3104 ex
2421 3047 2464 3111 C
2495 3046 2661 3109 Deus
2702 3046 3024 3108 discussor
3062 3052 3123 3107 et
3149 3045 3346 3126 judex
3372 3054 3483 3108 'est
3513 3045 3853 3110 verborum
3892 3069 3992 3110 ac-

883 3149 1006 3209 hoc
1035 3145 1349 3208 credenda
1387 3151 1483 3206 est
1521 3143 1939 3206 intervenisse
1978 3142 2247 3205 mutatio
2277 3150 2386 3204 aut
2497 3155 2808 3227 tuumque
2857 3151 3218 3207 nostrorum
3273 3145 3622 3220 dumtaxat,
3684 3147 3793 3209 sed
3853 3166 3993 3229 pro-

888 3246 1222 3309 diversitas
1257 3243 1590 3326 praeteritae
1621 3241 1966 3304 sanctionis
2008 3260 2122 3303 seu
2153 3241 2385 3304 veteris
2499 3243 2688 3326 positi
2730 3262 2985 3325 quoque
3015 3251 3076 3305 et
3110 3243 3481 3307 intentionis
3518 3245 3842 3327 inspector
3870 3255 3987 3309 est.

892 3344 1073 3427 legis,
1126 3344 1234 3405 sed
1295 3341 1669 3424 adimpletio
1727 3348 1791 3402 et
1838 3339 2135 3403 cumulus
2195 3339 2388 3402 subli-
2498 3343 2613 3416 Qui
2683 3343 2737 3404 si
2799 3341 3031 3404 viderit
3098 3342 3253 3423 quid
3323 3343 3721 3424 praetermitti
3786 3353 3897 3407 aut
3956 3365 3993 3407 a

893 3445 1095 3508 mium
1127 3451 1317 3523 atque
1348 3440 1703 3504 coelestium
1738 3445 2236 3521 praeceptorum3
2270 3457 2387 3500 nec
2500 3449 2803 3504 consueto
2848 3441 3053 3521 rigore
3097 3440 3290 3503 laxari
3334 3442 3415 3504 ab
3461 3460 3845 3524 unoquoque
3887 3462 3995 3506 no-

895 3542 1264 3609 aestimanda
1306 3549 1403 3603 est
1443 3540 1705 3603 abolitio
1747 3557 1940 3602 sacrae
1984 3538 2140 3618 legis
2191 3537 2386 3611 illius,
2501 3548 2726 3612 strum,
2766 3558 2955 3601 causa
3003 3539 3225 3601 salutis
3273 3547 3523 3603 aeternae
3568 3549 3633 3602 et
3680 3541 3997 3604 desiderio

898 3643 1008 3706 sed
1066 3658 1417 3718 ascensus3
1479 3657 1596 3700 nec
1654 3639 1946 3710 varietaS‚
2007 3636 2115 3698 sed
2177 3635 2390 3718 profe·
2503 3639 3059 3721 contemplationis
3098 3639 3350 3711 divinae,
3384 3640 3677 3721 quamvis
3705 3641 3999 3703 videatur

900 3750 1058 3804 ctus,
1103 3741 1364 3821 Propter
1410 3738 1577 3820 quod
1624 3736 1784 3798 dixit
1822 3735 2106 3799 Salvator
2139 3755 2152 3798 ε
2187 3735 2392 3798 Nolite
2504 3738 2875 3803 hominibus
2915 3739 3203 3819 ineptum
3243 3756 3317 3799 ac
3356 3738 3612 3812 durum,
3644 3739 3753 3801 ille
3782 3747 3993 3802 tamen

899 3849 1122 3924 putare
1168 3837 1334 3920 quod
1380 3837 1525 3900 veni
1571 3835 1816 3898 solvere
1861 3835 2064 3916 legem
2107 3842 2218 3896 aut
2256 3836 2394 3896 Pro-
2503 3838 2851 3920 inspiciens
2896 3836 3187 3898 intimam
3228 3837 3435 3899 cordis
3479 3837 3802 3918 pietatem,
3831 3839 3999 3919 judi-

899 3941 1155 4023 phetas3
1189 3955 1314 3999 non
1344 3936 1516 3999 enim
1549 3935 1696 3998 veni
1736 3935 1980 3997 solvere
2022 3933 2249 4014 legem,
2284 3933 2391 3994 sed
2503 3945 2603 3998 cat
2651 3955 2776 3998 non
2826 3953 3053 3998 sonum
3094 3935 3459 4008 verborum,
3502 3936 3609 3997 sed
3652 3935 3999 3998 voluntatis

897 4037 1269 4120 adimplere,
1318 4036 1377 4098 id
1430 4044 1549 4108 est,
1599 4053 1726 4097 non
1776 4033 2108 4114 antiquare
2157 4031 2390 4113 priora,
2504 4036 2923 4118 propositum,
2957 4035 3259 4117 quoniam
3304 4033 3456 4096 finis
3495 4035 3706 4116 operis
3743 4043 3809 4098 et
3846 4035 4001 4098 affe-

898 4139 1007 4202 sed
1053 4136 1429 4220 imperfecta
1469 4135 1700 4196 ducere
1741 4133 1820 4196 ad
1866 4132 2241 4216 perfectum.
2507 4143 2646 4197 ctus
2688 4134 2931 4215 agentis
2975 4132 3283 4215 pensandi
3328 4141 3495 4195 sunt.

2425 4239 2476 4301 D

1279 4390 1783 4456 CAPITULUM
1826 4387 2010 4452 XIV.
2884 4389 3389 4454 CAPITULUM
3432 4388 3617 4453 XVI.

905 4551 1343 4622 Interroqatio,
1392 4566 1474 4605 an
1522 4549 1746 4622 absque
1783 4553 2030 4622 peccato
2085 4548 2193 4610 sit,
2238 4547 2398 4620 quod
2510 4539 2681 4610 Quod
2706 4502 2921 4596 &ancti
2958 4539 3319 4612 quandoque
3356 4538 3601 4594 utiliter
3634 4539 4003 4594 mutaverint

973 4641 1349 4697 conscientia
1391 4645 1602 4695 nostra
1649 4639 1878 4710 inserit
1922 4638 2192 4708 infirmis
2238 4651 2401 4692 occa·
3049 4629 3453 4702 propositum.

976 4731 1208 4787 sionem
1243 4729 1594 4786 mentiendi.

2664 4825 2789 4889 INC
2813 4825 3036 4888 beatus
3066 4824 3387 4906 apostolus
3408 4824 3673 4886 Jacobus
3694 4832 3759 4886 et
3783 4840 4007 4886 omnes
4082 4839 4251 4883 emani

1049 4926 1409 4990 ERMANUS
1444 4945 1458 4991 :
1492 4926 1809 5000 Quantum
1850 4927 2124 5008 pertinet
2156 4927 2235 4989 ad
2267 4927 2398 4989 vim
2692 4923 2995 5006 praecipui
3051 4922 3373 5004 principes
3433 4921 3607 4984 illius
3664 4922 4008 5004 primitiva?
4034 4919 4111 4960 ‘²²'
4146 4919 4208 4947 ¹¹·

1067 5043 1433 5088 sermonum
1479 5025 1588 5106 qui
1627 5044 1664 5085 a
1705 5032 1764 5086 te
1809 5025 2153 5106 prudenter
2194 5045 2268 5087 ac
2312 5045 2403 5088 ra·
2516 5022 2835 5096 Ecclesiae‚
2879 5022 3294 5084 hortabantur
3334 5020 3597 5083 Paulum
3647 5021 4005 5103 apostolum

906 5124 1301 5190 tionabiliter
1337 5130 1485 5186 sunt
1519 5123 1770 5205 prolati,
1803 5123 2143 5205 scrupulus
2174 5125 2252 5186 de
2286 5124 2404 5186 fra·
2515 5121 2896 5184 descendere
2952 5140 2989 5183 a
3048 5119 3231 5182 solita
3290 5119 3685 5183 districtione
3750 5128 4009 5202 propter

910 5225 1119 5287 ctione
1150 5221 1592 5306 promissionis
1628 5229 1860 5284 nostrae
1890 5229 2101 5303 posset
2130 5221 2406 5284 faciliter
2516 5220 2921 5283 infirmorum
2967 5216 3492 5289 imbecillitatem,
3536 5217 4011 5300 compulerunt-

910 5322 1159 5385 extrudi
1197 5341 1235 5384 a
1272 5321 1480 5396 nobis,
1514 5320 1638 5383 nisi
1681 5320 1801 5383 hoc
1843 5320 2405 5384 vehementissime
2517 5337 2641 5400 que
2700 5337 2849 5381 eum
2907 5317 3260 5380 secundum
3319 5315 3788 5379 observantiam
3848 5314 4007 5398 legis
