<?xml version="1.0" encoding="UTF-8"?>
<!DOCTYPE html PUBLIC "-//W3C//DTD XHTML 1.0 Transitional//EN"
    "http://www.w3.org/TR/xhtml1/DTD/xhtml1-transitional.dtd">
<html xmlns="http://www.w3.org/1999/xhtml" xml:lang="en" lang="en">
 <head>
  <title>
</title>
<meta http-equiv="Content-Type" content="text/html;charset=utf-8" />
  <meta name='ocr-system' content='tesseract 3.04.00' />
  <meta name='ocr-capabilities' content='ocr_page ocr_carea ocr_par ocr_line ocrx_word'/>
</head>
<body>
  <div class='ocr_page' id='page_1' title='image "./doctorisecstati03denigoog_0059.png"; bbox 0 0 4359 6267; ppageno 0'>
   <div class='ocr_carea' id='block_1_1' title="bbox 83 1469 350 1581">
    <p class='ocr_par' dir='ltr' id='par_1_1' title="bbox 83 1469 350 1581">
     <span class='ocr_line' id='line_1_1' title="bbox 143 1469 350 1513; baseline 0.01 -2"><span class='ocrx_word' id='word_1_1' title='bbox 143 1469 350 1513; x_wconf 64' lang='lat' dir='ltr'><strong>Metili.</strong></span> 
     </span>
     <span class='ocr_line' id='line_1_2' title="bbox 83 1536 324 1581; baseline 0.012 -9"><span class='ocrx_word' id='word_1_2' title='bbox 83 1544 215 1581; x_wconf 73' lang='lat' dir='ltr'><strong>xxrv.</strong></span> <span class='ocrx_word' id='word_1_3' title='bbox 251 1538 268 1575; x_wconf 79' lang='lat'>¹</span> <span class='ocrx_word' id='word_1_4' title='bbox 282 1536 324 1575; x_wconf 83' lang='lat'><strong>3.</strong></span> 
     </span>
    </p>
   </div>
   <div class='ocr_carea' id='block_1_2' title="bbox 113 4796 384 4849">
    <p class='ocr_par' dir='ltr' id='par_1_2' title="bbox 113 4796 384 4849">
     <span class='ocr_line' id='line_1_3' title="bbox 113 4796 384 4849; baseline 0.007 -9"><span class='ocrx_word' id='word_1_5' title='bbox 113 4796 262 4842; x_wconf 74' lang='lat' dir='ltr'><strong>Eceh&#39;.</strong></span> <span class='ocrx_word' id='word_1_6' title='bbox 279 4812 328 4849; x_wconf 79' lang='lat' dir='ltr'><strong>n,</strong></span> <span class='ocrx_word' id='word_1_7' title='bbox 345 4803 384 4842; x_wconf 82' lang='grc' dir='ltr'><strong>Ι.</strong></span> 
     </span>
    </p>
   </div>
   <div class='ocr_carea' id='block_1_3' title="bbox 117 5162 384 5215">
    <p class='ocr_par' dir='ltr' id='par_1_3' title="bbox 117 5162 384 5215">
     <span class='ocr_line' id='line_1_4' title="bbox 117 5162 384 5215; baseline 0.007 -9"><span class='ocrx_word' id='word_1_8' title='bbox 117 5162 216 5206; x_wconf 72' lang='lat' dir='ltr'><strong>Aee.</strong></span> <span class='ocrx_word' id='word_1_9' title='bbox 225 5166 364 5215; x_wconf 60' lang='lat' dir='ltr'><strong>xix-‚2¹</strong></span> <span class='ocrx_word' id='word_1_10' title='bbox 373 5196 384 5207; x_wconf 91' lang='lat'><strong>.</strong></span> 
     </span>
    </p>
   </div>
   <div class='ocr_carea' id='block_1_4' title="bbox 121 5234 388 5339">
    <p class='ocr_par' dir='ltr' id='par_1_4' title="bbox 121 5234 388 5339">
     <span class='ocr_line' id='line_1_5' title="bbox 121 5234 388 5339; baseline 0.004 -61"><span class='ocrx_word' id='word_1_11' title='bbox 121 5234 388 5339; x_wconf 49' lang='lat' dir='ltr'><strong>{thubam</strong></span> 
     </span>
    </p>
   </div>
   <div class='ocr_carea' id='block_1_5' title="bbox 1319 495 2635 543">
    <p class='ocr_par' dir='ltr' id='par_1_5' title="bbox 1319 495 2635 543">
     <span class='ocr_line' id='line_1_6' title="bbox 1319 495 2635 543; baseline -0.003 0"><span class='ocrx_word' id='word_1_12' title='bbox 1319 497 1400 543; x_wconf 69' lang='lat' dir='ltr'><strong>DE</strong></span> <span class='ocrx_word' id='word_1_13' title='bbox 1441 496 1769 543; x_wconf 72' lang='lat' dir='ltr'>INSTITUTIS</span> <span class='ocrx_word' id='word_1_14' title='bbox 1811 497 1898 542; x_wconf 80' lang='lat' dir='ltr'><strong>SS.</strong></span> <span class='ocrx_word' id='word_1_15' title='bbox 1931 496 2197 542; x_wconf 70' lang='lat' dir='ltr'><strong>mmm.</strong></span> <span class='ocrx_word' id='word_1_16' title='bbox 2240 514 2320 523; x_wconf 92' lang='lat'><strong>—</strong></span> <span class='ocrx_word' id='word_1_17' title='bbox 2358 495 2533 541; x_wconf 74' lang='lat' dir='ltr'>LIBER</span> <span class='ocrx_word' id='word_1_18' title='bbox 2574 496 2635 540; x_wconf 87' lang='lat' dir='ltr'><strong>lv</strong></span> 
     </span>
    </p>
   </div>
   <div class='ocr_carea' id='block_1_6' title="bbox 3447 470 3525 541">
    <p class='ocr_par' dir='ltr' id='par_1_6' title="bbox 3447 470 3525 541">
     <span class='ocr_line' id='line_1_7' title="bbox 3447 470 3525 541; baseline 0.077 -6"><span class='ocrx_word' id='word_1_19' title='bbox 3447 470 3525 541; x_wconf 74' lang='lat'><strong>51.</strong></span> 
     </span>
    </p>
   </div>
   <div class='ocr_carea' id='block_1_7' title="bbox 425 661 3529 749">
    <p class='ocr_par' dir='ltr' id='par_1_7' title="bbox 425 661 3529 749">
     <span class='ocr_line' id='line_1_8' title="bbox 425 661 3529 749; baseline -0.002 -22"><span class='ocrx_word' id='word_1_20' title='bbox 425 666 695 749; x_wconf 90' lang='lat' dir='ltr'><strong>insuper</strong></span> <span class='ocrx_word' id='word_1_21' title='bbox 724 668 1026 749; x_wconf 88' lang='lat' dir='ltr'><strong>proficias</strong></span> <span class='ocrx_word' id='word_1_22' title='bbox 1058 685 1312 749; x_wconf 90' lang='lat' dir='ltr'><strong>semper</strong></span> <span class='ocrx_word' id='word_1_23' title='bbox 1339 674 1402 728; x_wconf 90' lang='lat' dir='ltr'><strong>et</strong></span> <span class='ocrx_word' id='word_1_24' title='bbox 1433 684 1678 728; x_wconf 80' lang='lat' dir='ltr'><strong>crescas</strong></span> <span class='ocrx_word' id='word_1_25' title='bbox 1709 666 1776 727; x_wconf 91' lang='lat' dir='ltr'><strong>in</strong></span> <span class='ocrx_word' id='word_1_26' title='bbox 1806 666 1924 728; x_wconf 88' lang='lat' dir='ltr'><strong>hac</strong></span> <span class='ocrx_word' id='word_1_27' title='bbox 1951 665 2006 727; x_wconf 84' lang='grc' dir='ltr'><strong>Α</strong></span> <span class='ocrx_word' id='word_1_28' title='bbox 2033 665 2275 747; x_wconf 92' lang='lat' dir='ltr'><strong>quippe</strong></span> <span class='ocrx_word' id='word_1_29' title='bbox 2320 672 2415 727; x_wconf 92' lang='lat' dir='ltr'><strong>est</strong></span> <span class='ocrx_word' id='word_1_30' title='bbox 2464 672 2664 746; x_wconf 88' lang='lat' dir='ltr'><strong>porta,</strong></span> <span class='ocrx_word' id='word_1_31' title='bbox 2706 672 2771 725; x_wconf 92' lang='lat' dir='ltr'><strong>et</strong></span> <span class='ocrx_word' id='word_1_32' title='bbox 2810 670 2981 726; x_wconf 90' lang='lat' dir='ltr'><strong>arcta</strong></span> <span class='ocrx_word' id='word_1_33' title='bbox 3022 663 3126 725; x_wconf 81' lang='lat' dir='ltr'><strong>via</strong></span> <span class='ocrx_word' id='word_1_34' title='bbox 3167 682 3309 744; x_wconf 86' lang='lat' dir='ltr'><strong>quae</strong></span> <span class='ocrx_word' id='word_1_35' title='bbox 3351 661 3529 722; x_wconf 90' lang='lat' dir='ltr'><strong>ducit</strong></span> 
     </span>
    </p>
   </div>
   <div class='ocr_carea' id='block_1_8' title="bbox 421 764 1925 1615">
    <p class='ocr_par' dir='ltr' id='par_1_8' title="bbox 421 764 1925 1615">
     <span class='ocr_line' id='line_1_9' title="bbox 423 764 1925 847; baseline 0 -22"><span class='ocrx_word' id='word_1_36' title='bbox 423 764 788 827; x_wconf 89' lang='lat' dir='ltr'><strong>humilitate</strong></span> <span class='ocrx_word' id='word_1_37' title='bbox 837 772 902 827; x_wconf 90' lang='lat' dir='ltr'><strong>et</strong></span> <span class='ocrx_word' id='word_1_38' title='bbox 951 765 1258 847; x_wconf 89' lang='lat' dir='ltr'><strong>patientia</strong></span> <span class='ocrx_word' id='word_1_39' title='bbox 1315 783 1440 847; x_wconf 93' lang='lat' dir='ltr'><strong>qua</strong></span> <span class='ocrx_word' id='word_1_40' title='bbox 1499 783 1646 825; x_wconf 90' lang='lat' dir='ltr'><strong>cum</strong></span> <span class='ocrx_word' id='word_1_41' title='bbox 1705 764 1925 825; x_wconf 90' lang='lat' dir='ltr'><strong>multis</strong></span> 
     </span>
     <span class='ocr_line' id='line_1_10' title="bbox 424 861 1920 949; baseline -0.001 -25"><span class='ocrx_word' id='word_1_42' title='bbox 424 863 710 925; x_wconf 82' lang='lat' dir='ltr'><strong>lacrimis</strong></span> <span class='ocrx_word' id='word_1_43' title='bbox 753 863 819 925; x_wconf 89' lang='lat' dir='ltr'><strong>in</strong></span> <span class='ocrx_word' id='word_1_44' title='bbox 863 864 1245 926; x_wconf 89' lang='lat' dir='ltr'><strong>monasterio</strong></span> <span class='ocrx_word' id='word_1_45' title='bbox 1283 862 1522 943; x_wconf 88' lang='lat' dir='ltr'><strong>suscipi</strong></span> <span class='ocrx_word' id='word_1_46' title='bbox 1567 861 1920 949; x_wconf 83' lang='lat' dir='ltr'><strong>postulasti,</strong></span> 
     </span>
     <span class='ocr_line' id='line_1_11' title="bbox 421 959 1925 1042; baseline -0.001 -19"><span class='ocrx_word' id='word_1_47' title='bbox 421 962 649 1024; x_wconf 89' lang='lat' dir='ltr'><strong>decem</strong></span> <span class='ocrx_word' id='word_1_48' title='bbox 688 961 916 1023; x_wconf 91' lang='lat' dir='ltr'><strong>diebus</strong></span> <span class='ocrx_word' id='word_1_49' title='bbox 951 962 1171 1042; x_wconf 67' lang='lat' dir='ltr'><strong>¹iacens</strong></span> <span class='ocrx_word' id='word_1_50' title='bbox 1211 979 1340 1042; x_wconf 82' lang='lat' dir='ltr'><strong>prae</strong></span> <span class='ocrx_word' id='word_1_51' title='bbox 1375 960 1640 1023; x_wconf 82' lang='lat' dir='ltr'><strong>foribus.</strong></span> <span class='ocrx_word' id='word_1_52' title='bbox 1674 959 1925 1021; x_wconf 82' lang='lat' dir='ltr'><strong>Etenim</strong></span> 
     </span>
     <span class='ocr_line' id='line_1_12' title="bbox 422 1058 1924 1139; baseline -0.002 -18"><span class='ocrx_word' id='word_1_53' title='bbox 422 1060 610 1123; x_wconf 85' lang='lat' dir='ltr'><strong>valde</strong></span> <span class='ocrx_word' id='word_1_54' title='bbox 659 1068 756 1123; x_wconf 88' lang='lat' dir='ltr'><strong>est</strong></span> <span class='ocrx_word' id='word_1_55' title='bbox 803 1060 1111 1122; x_wconf 91' lang='lat' dir='ltr'><strong>miserum</strong></span> <span class='ocrx_word' id='word_1_56' title='bbox 1161 1078 1200 1121; x_wconf 87' lang='lat' dir='ltr'><strong>a</strong></span> <span class='ocrx_word' id='word_1_57' title='bbox 1246 1058 1626 1122; x_wconf 84' lang='lat' dir='ltr'><strong>rudimentis</strong></span> <span class='ocrx_word' id='word_1_58' title='bbox 1675 1076 1748 1119; x_wconf 87' lang='lat' dir='ltr'><strong>ac</strong></span> <span class='ocrx_word' id='word_1_59' title='bbox 1799 1058 1924 1139; x_wconf 91' lang='lat' dir='ltr'><strong>pri-</strong></span> 
     </span>
     <span class='ocr_line' id='line_1_13' title="bbox 423 1157 1924 1238; baseline -0.001 -19"><span class='ocrx_word' id='word_1_60' title='bbox 423 1157 694 1220; x_wconf 90' lang='lat' dir='ltr'><strong>mordiis</strong></span> <span class='ocrx_word' id='word_1_61' title='bbox 737 1157 866 1220; x_wconf 89' lang='lat' dir='ltr'><strong>tuis</strong></span> <span class='ocrx_word' id='word_1_62' title='bbox 907 1158 986 1220; x_wconf 89' lang='lat' dir='ltr'><strong>ad</strong></span> <span class='ocrx_word' id='word_1_63' title='bbox 1030 1157 1332 1219; x_wconf 85' lang='lat' dir='ltr'><strong>inferiora</strong></span> <span class='ocrx_word' id='word_1_64' title='bbox 1374 1174 1690 1229; x_wconf 81' lang='lat' dir='ltr'><strong>corruere,</strong></span> <span class='ocrx_word' id='word_1_65' title='bbox 1724 1175 1924 1238; x_wconf 91' lang='lat' dir='ltr'><strong>quum</strong></span> 
     </span>
     <span class='ocr_line' id='line_1_14' title="bbox 423 1254 1925 1338; baseline -0.001 -21"><span class='ocrx_word' id='word_1_66' title='bbox 423 1257 700 1318; x_wconf 86' lang='lat' dir='ltr'><strong>tenearis</strong></span> <span class='ocrx_word' id='word_1_67' title='bbox 751 1255 831 1319; x_wconf 89' lang='lat' dir='ltr'><strong>ab</strong></span> <span class='ocrx_word' id='word_1_68' title='bbox 876 1256 1034 1338; x_wconf 88' lang='lat' dir='ltr'><strong>ipsis</strong></span> <span class='ocrx_word' id='word_1_69' title='bbox 1081 1256 1444 1330; x_wconf 89' lang='lat' dir='ltr'><strong>ascendere,</strong></span> <span class='ocrx_word' id='word_1_70' title='bbox 1488 1262 1551 1317; x_wconf 87' lang='lat' dir='ltr'><strong>et</strong></span> <span class='ocrx_word' id='word_1_71' title='bbox 1593 1255 1668 1316; x_wconf 92' lang='lat' dir='ltr'><strong>ad</strong></span> <span class='ocrx_word' id='word_1_72' title='bbox 1721 1254 1925 1336; x_wconf 85' lang='lat' dir='ltr'><strong>perfe-</strong></span> 
     </span>
     <span class='ocr_line' id='line_1_15' title="bbox 421 1353 1924 1437; baseline -0.001 -21"><span class='ocrx_word' id='word_1_73' title='bbox 421 1356 706 1418; x_wconf 86' lang='lat' dir='ltr'><strong>ctionem</strong></span> <span class='ocrx_word' id='word_1_74' title='bbox 735 1355 970 1418; x_wconf 86' lang='lat' dir='ltr'><strong>conari.</strong></span> <span class='ocrx_word' id='word_1_75' title='bbox 989 1355 1127 1418; x_wconf 93' lang='lat' dir='ltr'><strong>Non</strong></span> <span class='ocrx_word' id='word_1_76' title='bbox 1155 1355 1330 1417; x_wconf 92' lang='lat' dir='ltr'><strong>enim</strong></span> <span class='ocrx_word' id='word_1_77' title='bbox 1361 1355 1472 1437; x_wconf 91' lang='lat' dir='ltr'><strong>qui</strong></span> <span class='ocrx_word' id='word_1_78' title='bbox 1503 1353 1788 1435; x_wconf 89' lang='lat' dir='ltr'><strong>coeperit,</strong></span> <span class='ocrx_word' id='word_1_79' title='bbox 1814 1353 1924 1415; x_wconf 91' lang='lat' dir='ltr'><strong>sed</strong></span> 
     </span>
     <span class='ocr_line' id='line_1_16' title="bbox 422 1452 1923 1536; baseline -0.001 -20"><span class='ocrx_word' id='word_1_80' title='bbox 422 1455 538 1536; x_wconf 85' lang='lat' dir='ltr'><strong>qui</strong></span> <span class='ocrx_word' id='word_1_81' title='bbox 597 1455 1096 1536; x_wconf 81' lang='lat' dir='ltr'><strong>perseveraverit</strong></span> <span class='ocrx_word' id='word_1_82' title='bbox 1155 1473 1357 1536; x_wconf 91' lang='lat' dir='ltr'><strong>usque</strong></span> <span class='ocrx_word' id='word_1_83' title='bbox 1417 1454 1482 1515; x_wconf 89' lang='lat' dir='ltr'><strong>in</strong></span> <span class='ocrx_word' id='word_1_84' title='bbox 1543 1452 1766 1527; x_wconf 85' lang='lat' dir='ltr'><strong>finem,</strong></span> <span class='ocrx_word' id='word_1_85' title='bbox 1819 1452 1923 1514; x_wconf 89' lang='lat' dir='ltr'><strong>hic</strong></span> 
     </span>
     <span class='ocr_line' id='line_1_17' title="bbox 423 1553 823 1615; baseline 0 0"><span class='ocrx_word' id='word_1_86' title='bbox 423 1553 642 1615; x_wconf 90' lang='lat' dir='ltr'><strong>salvus</strong></span> <span class='ocrx_word' id='word_1_87' title='bbox 684 1554 823 1615; x_wconf 90' lang='lat' dir='ltr'><strong>erit.</strong></span> 
     </span>
    </p>
   </div>
   <div class='ocr_carea' id='block_1_9' title="bbox 719 1807 1631 1871">
    <p class='ocr_par' dir='ltr' id='par_1_9' title="bbox 719 1807 1631 1871">
     <span class='ocr_line' id='line_1_18' title="bbox 719 1807 1631 1871; baseline -0.001 -1"><span class='ocrx_word' id='word_1_88' title='bbox 719 1807 1219 1871; x_wconf 80' lang='lat' dir='ltr'>CAPITULUM</span> <span class='ocrx_word' id='word_1_89' title='bbox 1284 1807 1631 1870; x_wconf 90' lang='lat' dir='ltr'>XXXVII.</span> 
     </span>
    </p>
   </div>
   <div class='ocr_carea' id='block_1_10' title="bbox 421 1955 1921 2206">
    <p class='ocr_par' dir='ltr' id='par_1_10' title="bbox 421 1955 1921 2206">
     <span class='ocr_line' id='line_1_19' title="bbox 421 1955 1919 2027; baseline -0.002 -16"><span class='ocrx_word' id='word_1_90' title='bbox 421 1957 598 2023; x_wconf 78' lang='lat' dir='ltr'><strong>Quod</strong></span> <span class='ocrx_word' id='word_1_91' title='bbox 622 1955 908 2011; x_wconf 78' lang='lat' dir='ltr'><strong>diabolus</strong></span> <span class='ocrx_word' id='word_1_92' title='bbox 934 1959 1136 2011; x_wconf 86' lang='lat' dir='ltr'><strong>nostro</strong></span> <span class='ocrx_word' id='word_1_93' title='bbox 1163 1955 1282 2025; x_wconf 76' lang='lat' dir='ltr'><strong>fini</strong></span> <span class='ocrx_word' id='word_1_94' title='bbox 1313 1970 1541 2027; x_wconf 87' lang='lat' dir='ltr'><strong>semper</strong></span> <span class='ocrx_word' id='word_1_95' title='bbox 1566 1955 1919 2018; x_wconf 80' lang='lat' dir='ltr'><strong>insidietur,</strong></span> 
     </span>
     <span class='ocr_line' id='line_1_20' title="bbox 493 2044 1921 2115; baseline -0.001 -15"><span class='ocrx_word' id='word_1_96' title='bbox 493 2050 552 2100; x_wconf 86' lang='lat' dir='ltr'><strong>et</strong></span> <span class='ocrx_word' id='word_1_97' title='bbox 597 2061 707 2101; x_wconf 85' lang='lat' dir='ltr'><strong>nos</strong></span> <span class='ocrx_word' id='word_1_98' title='bbox 751 2044 1070 2100; x_wconf 83' lang='lat' dir='ltr'><strong>observare</strong></span> <span class='ocrx_word' id='word_1_99' title='bbox 1102 2045 1346 2115; x_wconf 60' lang='grc' dir='ltr'><strong>,ἰκρίων</strong></span> <span class='ocrx_word' id='word_1_100' title='bbox 1381 2044 1694 2099; x_wconf 79' lang='lat' dir='ltr'><strong>debeamus</strong></span> <span class='ocrx_word' id='word_1_101' title='bbox 1738 2049 1921 2115; x_wconf 83' lang='lat' dir='ltr'><strong>eaput</strong></span> 
     </span>
     <span class='ocr_line' id='line_1_21' title="bbox 494 2150 715 2206; baseline 0 -18"><span class='ocrx_word' id='word_1_102' title='bbox 494 2150 715 2206; x_wconf 74' lang='lat' dir='ltr'><strong>ipsius.</strong></span> 
     </span>
    </p>
   </div>
   <div class='ocr_carea' id='block_1_11' title="bbox 417 2340 1916 3010">
    <p class='ocr_par' dir='ltr' id='par_1_11' title="bbox 562 2340 1916 2422">
     <span class='ocr_line' id='line_1_22' title="bbox 562 2340 1916 2422; baseline -0.001 -19"><span class='ocrx_word' id='word_1_103' title='bbox 562 2340 934 2404; x_wconf 84' lang='lat' dir='ltr'>ERSUTUS</span> <span class='ocrx_word' id='word_1_104' title='bbox 971 2341 1208 2403; x_wconf 89' lang='lat' dir='ltr'><strong>etenim</strong></span> <span class='ocrx_word' id='word_1_105' title='bbox 1250 2359 1512 2422; x_wconf 87' lang='lat' dir='ltr'><strong>serpens</strong></span> <span class='ocrx_word' id='word_1_106' title='bbox 1550 2341 1916 2402; x_wconf 83' lang='lat' dir='ltr'><strong>calcaneum</strong></span> 
     </span>
    </p>

    <p class='ocr_par' dir='ltr' id='par_1_12' title="bbox 417 2437 1916 3010">
     <span class='ocr_line' id='line_1_23' title="bbox 579 2437 1913 2519; baseline -0.001 -18"><span class='ocrx_word' id='word_1_107' title='bbox 579 2458 694 2501; x_wconf 90' lang='lat' dir='ltr'><strong>seu</strong></span> <span class='ocrx_word' id='word_1_108' title='bbox 737 2437 937 2500; x_wconf 85' lang='lat' dir='ltr'><strong>finem</strong></span> <span class='ocrx_word' id='word_1_109' title='bbox 981 2446 1268 2501; x_wconf 88' lang='lat' dir='ltr'><strong>nostrum</strong></span> <span class='ocrx_word' id='word_1_110' title='bbox 1310 2457 1565 2519; x_wconf 88' lang='lat' dir='ltr'><strong>semper</strong></span> <span class='ocrx_word' id='word_1_111' title='bbox 1600 2437 1913 2512; x_wconf 89' lang='lat' dir='ltr'><strong>observat,</strong></span> 
     </span>
     <span class='ocr_line' id='line_1_24' title="bbox 421 2536 1911 2619; baseline 0 -21"><span class='ocrx_word' id='word_1_112' title='bbox 421 2536 575 2619; x_wconf 90' lang='lat' dir='ltr'><strong>quia</strong></span> <span class='ocrx_word' id='word_1_113' title='bbox 602 2537 805 2600; x_wconf 86' lang='lat' dir='ltr'><strong>exitui</strong></span> <span class='ocrx_word' id='word_1_114' title='bbox 843 2544 1060 2599; x_wconf 89' lang='lat' dir='ltr'><strong>nostro</strong></span> <span class='ocrx_word' id='word_1_115' title='bbox 1091 2536 1427 2599; x_wconf 91' lang='lat' dir='ltr'><strong>insidiatur</strong></span> <span class='ocrx_word' id='word_1_116' title='bbox 1461 2536 1911 2610; x_wconf 89' lang='lat' dir='ltr'><strong>indesinenter,</strong></span> 
     </span>
     <span class='ocr_line' id='line_1_25' title="bbox 421 2634 1914 2715; baseline 0.001 -20"><span class='ocrx_word' id='word_1_117' title='bbox 421 2642 486 2696; x_wconf 88' lang='lat' dir='ltr'><strong>et</strong></span> <span class='ocrx_word' id='word_1_118' title='bbox 535 2653 740 2715; x_wconf 90' lang='lat' dir='ltr'><strong>usque</strong></span> <span class='ocrx_word' id='word_1_119' title='bbox 787 2635 863 2698; x_wconf 93' lang='lat' dir='ltr'><strong>ad</strong></span> <span class='ocrx_word' id='word_1_120' title='bbox 917 2634 1263 2696; x_wconf 89' lang='lat' dir='ltr'><strong>terminum</strong></span> <span class='ocrx_word' id='word_1_121' title='bbox 1312 2634 1459 2697; x_wconf 83' lang='lat' dir='ltr'><strong>vitae</strong></span> <span class='ocrx_word' id='word_1_122' title='bbox 1517 2641 1746 2697; x_wconf 83' lang='lat' dir='ltr'><strong>nostrae</strong></span> <span class='ocrx_word' id='word_1_123' title='bbox 1799 2654 1914 2697; x_wconf 91' lang='lat' dir='ltr'><strong>nos</strong></span> 
     </span>
     <span class='ocr_line' id='line_1_26' title="bbox 419 2732 1916 2814; baseline -0.001 -19"><span class='ocrx_word' id='word_1_124' title='bbox 419 2732 650 2795; x_wconf 87' lang='lat' dir='ltr'><strong>nititur</strong></span> <span class='ocrx_word' id='word_1_125' title='bbox 705 2734 1132 2814; x_wconf 88' lang='lat' dir='ltr'><strong>supplantare.</strong></span> <span class='ocrx_word' id='word_1_126' title='bbox 1185 2733 1428 2795; x_wconf 87' lang='lat' dir='ltr'><strong>Idcirco</strong></span> <span class='ocrx_word' id='word_1_127' title='bbox 1476 2750 1602 2795; x_wconf 91' lang='lat' dir='ltr'><strong>non</strong></span> <span class='ocrx_word' id='word_1_128' title='bbox 1662 2733 1916 2814; x_wconf 91' lang='lat' dir='ltr'><strong>prodest</strong></span> 
     </span>
     <span class='ocr_line' id='line_1_27' title="bbox 421 2829 1916 2912; baseline 0.001 -21"><span class='ocrx_word' id='word_1_129' title='bbox 421 2830 584 2893; x_wconf 92' lang='lat' dir='ltr'><strong>bene</strong></span> <span class='ocrx_word' id='word_1_130' title='bbox 625 2831 920 2912; x_wconf 88' lang='lat' dir='ltr'><strong>coepisse‚</strong></span> <span class='ocrx_word' id='word_1_131' title='bbox 951 2848 1024 2892; x_wconf 89' lang='lat' dir='ltr'><strong>ac</strong></span> <span class='ocrx_word' id='word_1_132' title='bbox 1056 2830 1247 2912; x_wconf 89' lang='lat' dir='ltr'><strong>pleno</strong></span> <span class='ocrx_word' id='word_1_133' title='bbox 1285 2829 1532 2892; x_wconf 87' lang='lat' dir='ltr'><strong>fervore</strong></span> <span class='ocrx_word' id='word_1_134' title='bbox 1569 2831 1916 2912; x_wconf 87' lang='lat' dir='ltr'><strong>arripuisse</strong></span> 
     </span>
     <span class='ocr_line' id='line_1_28' title="bbox 417 2928 1915 3010; baseline -0.001 -19"><span class='ocrx_word' id='word_1_135' title='bbox 417 2928 993 2992; x_wconf 86' lang='lat' dir='ltr'><strong>abrenuntiationis</strong></span> <span class='ocrx_word' id='word_1_136' title='bbox 1036 2929 1449 3010; x_wconf 91' lang='lat' dir='ltr'><strong>principium,</strong></span> <span class='ocrx_word' id='word_1_137' title='bbox 1493 2928 1546 2990; x_wconf 93' lang='lat' dir='ltr'><strong>si</strong></span> <span class='ocrx_word' id='word_1_138' title='bbox 1597 2936 1739 3010; x_wconf 88' lang='lat' dir='ltr'><strong>post</strong></span> <span class='ocrx_word' id='word_1_139' title='bbox 1781 2930 1915 2991; x_wconf 88' lang='lat' dir='ltr'><strong>haec</strong></span> 
     </span>
    </p>
   </div>
   <div class='ocr_carea' id='block_1_12' title="bbox 2033 758 3530 1238">
    <p class='ocr_par' dir='ltr' id='par_1_13' title="bbox 2033 758 3530 1238">
     <span class='ocr_line' id='line_1_29' title="bbox 2034 758 3530 845; baseline -0.003 -20"><span class='ocrx_word' id='word_1_140' title='bbox 2034 764 2110 825; x_wconf 91' lang='lat' dir='ltr'><strong>ad</strong></span> <span class='ocrx_word' id='word_1_141' title='bbox 2153 763 2371 837; x_wconf 92' lang='lat' dir='ltr'><strong>vitam,</strong></span> <span class='ocrx_word' id='word_1_142' title='bbox 2405 771 2468 825; x_wconf 87' lang='lat' dir='ltr'><strong>et</strong></span> <span class='ocrx_word' id='word_1_143' title='bbox 2508 763 2693 845; x_wconf 88' lang='lat' dir='ltr'><strong>pauci</strong></span> <span class='ocrx_word' id='word_1_144' title='bbox 2742 762 3076 825; x_wconf 89' lang='lat' dir='ltr'><strong>inveniunt</strong></span> <span class='ocrx_word' id='word_1_145' title='bbox 3120 780 3280 823; x_wconf 90' lang='lat' dir='ltr'><strong>eam.</strong></span> <span class='ocrx_word' id='word_1_146' title='bbox 3317 758 3530 822; x_wconf 88' lang='lat' dir='ltr'><strong>Consi·</strong></span> 
     </span>
     <span class='ocr_line' id='line_1_30' title="bbox 2035 859 3527 943; baseline -0.005 -20"><span class='ocrx_word' id='word_1_147' title='bbox 2035 862 2185 923; x_wconf 87' lang='lat' dir='ltr'><strong>dera</strong></span> <span class='ocrx_word' id='word_1_148' title='bbox 2236 862 2430 943; x_wconf 89' lang='lat' dir='ltr'><strong>igitur</strong></span> <span class='ocrx_word' id='word_1_149' title='bbox 2478 870 2543 927; x_wconf 72' lang='lat' dir='ltr'><strong>te,</strong></span> <span class='ocrx_word' id='word_1_150' title='bbox 2587 860 2893 924; x_wconf 79' lang='lat' dir='ltr'><strong>effectum</strong></span> <span class='ocrx_word' id='word_1_151' title='bbox 2942 861 3019 922; x_wconf 94' lang='lat' dir='ltr'><strong>de</strong></span> <span class='ocrx_word' id='word_1_152' title='bbox 3071 859 3290 941; x_wconf 88' lang='lat' dir='ltr'><strong>paucis</strong></span> <span class='ocrx_word' id='word_1_153' title='bbox 3339 864 3527 937; x_wconf 93' lang='lat' dir='ltr'><strong>atque</strong></span> 
     </span>
     <span class='ocr_line' id='line_1_31' title="bbox 2033 956 3528 1042; baseline -0.005 -20"><span class='ocrx_word' id='word_1_154' title='bbox 2033 960 2291 1039; x_wconf 87' lang='lat' dir='ltr'><strong>electis;</strong></span> <span class='ocrx_word' id='word_1_155' title='bbox 2337 980 2417 1022; x_wconf 90' lang='lat' dir='ltr'><strong>ne</strong></span> <span class='ocrx_word' id='word_1_156' title='bbox 2463 960 2756 1042; x_wconf 87' lang='lat' dir='ltr'><strong>exemplo</strong></span> <span class='ocrx_word' id='word_1_157' title='bbox 2802 967 2867 1021; x_wconf 96' lang='lat' dir='ltr'><strong>et</strong></span> <span class='ocrx_word' id='word_1_158' title='bbox 2912 966 3129 1040; x_wconf 88' lang='lat' dir='ltr'><strong>tepore</strong></span> <span class='ocrx_word' id='word_1_159' title='bbox 3180 956 3528 1018; x_wconf 89' lang='lat' dir='ltr'><strong>multorum</strong></span> 
     </span>
     <span class='ocr_line' id='line_1_32' title="bbox 2035 1054 3526 1140; baseline -0.003 -20"><span class='ocrx_word' id='word_1_160' title='bbox 2035 1060 2441 1139; x_wconf 89' lang='lat' dir='ltr'><strong>pereuntium</strong></span> <span class='ocrx_word' id='word_1_161' title='bbox 2473 1058 2865 1140; x_wconf 85' lang='lat' dir='ltr'><strong>refrigescas,</strong></span> <span class='ocrx_word' id='word_1_162' title='bbox 2898 1058 3010 1120; x_wconf 91' lang='lat' dir='ltr'><strong>sed</strong></span> <span class='ocrx_word' id='word_1_163' title='bbox 3040 1057 3182 1120; x_wconf 88' lang='lat' dir='ltr'><strong>vive</strong></span> <span class='ocrx_word' id='word_1_164' title='bbox 3214 1063 3285 1117; x_wconf 93' lang='lat' dir='ltr'><strong>ut</strong></span> <span class='ocrx_word' id='word_1_165' title='bbox 3315 1054 3526 1137; x_wconf 91' lang='lat' dir='ltr'><strong>pauci,</strong></span> 
     </span>
     <span class='ocr_line' id='line_1_33' title="bbox 2035 1153 3529 1238; baseline -0.003 -21"><span class='ocrx_word' id='word_1_166' title='bbox 2035 1164 2106 1217; x_wconf 93' lang='lat' dir='ltr'><strong>ut</strong></span> <span class='ocrx_word' id='word_1_167' title='bbox 2139 1157 2439 1219; x_wconf 90' lang='lat' dir='ltr'><strong>merearis</strong></span> <span class='ocrx_word' id='word_1_168' title='bbox 2481 1176 2628 1219; x_wconf 90' lang='lat' dir='ltr'><strong>cum</strong></span> <span class='ocrx_word' id='word_1_169' title='bbox 2669 1157 2889 1238; x_wconf 88' lang='lat' dir='ltr'><strong>paucis</strong></span> <span class='ocrx_word' id='word_1_170' title='bbox 2930 1153 3201 1218; x_wconf 87' lang='lat' dir='ltr'><strong>inveniri</strong></span> <span class='ocrx_word' id='word_1_171' title='bbox 3234 1154 3299 1215; x_wconf 90' lang='lat' dir='ltr'><strong>in</strong></span> <span class='ocrx_word' id='word_1_172' title='bbox 3334 1168 3529 1233; x_wconf 88' lang='lat' dir='ltr'><strong>regno</strong></span> 
     </span>
    </p>
   </div>
   <div class='ocr_carea' id='block_1_13' title="bbox 2034 1250 3821 1369">
    <p class='ocr_par' dir='ltr' id='par_1_14' title="bbox 2034 1250 3821 1369">
     <span class='ocr_line' id='line_1_34' title="bbox 2034 1250 3821 1369; baseline -0.001 -52"><span class='ocrx_word' id='word_1_173' title='bbox 2034 1254 2166 1317; x_wconf 91' lang='lat' dir='ltr'><strong>Dei.</strong></span> <span class='ocrx_word' id='word_1_174' title='bbox 2204 1254 2382 1316; x_wconf 89' lang='lat' dir='ltr'><strong>Multi</strong></span> <span class='ocrx_word' id='word_1_175' title='bbox 2422 1254 2717 1336; x_wconf 90' lang='lat' dir='ltr'><strong>equidem</strong></span> <span class='ocrx_word' id='word_1_176' title='bbox 2758 1262 2907 1315; x_wconf 89' lang='lat' dir='ltr'><strong>sunt</strong></span> <span class='ocrx_word' id='word_1_177' title='bbox 2937 1252 3165 1325; x_wconf 84' lang='lat' dir='ltr'><strong>vocati,</strong></span> <span class='ocrx_word' id='word_1_178' title='bbox 3199 1250 3386 1333; x_wconf 91' lang='lat' dir='ltr'><strong>pauci</strong></span> <span class='ocrx_word' id='word_1_179' title='bbox 3427 1268 3529 1312; x_wconf 87' lang='lat' dir='ltr'><strong>ve·</strong></span> <span class='ocrx_word' id='word_1_180' title='bbox 3558 1263 3821 1369; x_wconf 37' lang='lat'><strong>51:3³3,</strong></span> 
     </span>
    </p>
   </div>
   <div class='ocr_carea' id='block_1_14' title="bbox 3556 1388 3818 1438">
    <p class='ocr_par' dir='ltr' id='par_1_15' title="bbox 3556 1388 3818 1438">
     <span class='ocr_line' id='line_1_35' title="bbox 3556 1388 3818 1438; baseline 0.004 -8"><span class='ocrx_word' id='word_1_181' title='bbox 3556 1388 3661 1433; x_wconf 80' lang='lat' dir='ltr'><strong>Luc.</strong></span> <span class='ocrx_word' id='word_1_182' title='bbox 3675 1391 3818 1438; x_wconf 77' lang='lat' dir='ltr'><strong>xu,32.</strong></span> 
     </span>
    </p>
   </div>
   <div class='ocr_carea' id='block_1_15' title="bbox 2031 1350 3528 1828">
    <p class='ocr_par' dir='ltr' id='par_1_16' title="bbox 2031 1350 3528 1828">
     <span class='ocr_line' id='line_1_36' title="bbox 2035 1350 3525 1435; baseline -0.003 -21"><span class='ocrx_word' id='word_1_183' title='bbox 2035 1371 2104 1414; x_wconf 93' lang='lat' dir='ltr'><strong>ro</strong></span> <span class='ocrx_word' id='word_1_184' title='bbox 2151 1352 2379 1431; x_wconf 87' lang='lat' dir='ltr'><strong>electi3</strong></span> <span class='ocrx_word' id='word_1_185' title='bbox 2430 1360 2493 1414; x_wconf 91' lang='lat' dir='ltr'><strong>et</strong></span> <span class='ocrx_word' id='word_1_186' title='bbox 2542 1353 2814 1435; x_wconf 91' lang='lat' dir='ltr'><strong>pusillus</strong></span> <span class='ocrx_word' id='word_1_187' title='bbox 2863 1359 2960 1413; x_wconf 91' lang='lat' dir='ltr'><strong>est</strong></span> <span class='ocrx_word' id='word_1_188' title='bbox 3006 1370 3159 1432; x_wconf 84' lang='lat' dir='ltr'><strong>grex</strong></span> <span class='ocrx_word' id='word_1_189' title='bbox 3208 1350 3312 1411; x_wconf 91' lang='lat' dir='ltr'><strong>cui</strong></span> <span class='ocrx_word' id='word_1_190' title='bbox 3357 1366 3525 1410; x_wconf 91' lang='lat' dir='ltr'><strong>com-</strong></span> 
     </span>
     <span class='ocr_line' id='line_1_37' title="bbox 2033 1448 3521 1533; baseline -0.004 -20"><span class='ocrx_word' id='word_1_191' title='bbox 2033 1452 2276 1533; x_wconf 90' lang='lat' dir='ltr'><strong>placuit</strong></span> <span class='ocrx_word' id='word_1_192' title='bbox 2312 1452 2476 1514; x_wconf 88' lang='lat' dir='ltr'><strong>Patri</strong></span> <span class='ocrx_word' id='word_1_193' title='bbox 2522 1453 2670 1513; x_wconf 91' lang='lat' dir='ltr'><strong>dare</strong></span> <span class='ocrx_word' id='word_1_194' title='bbox 2714 1450 3127 1513; x_wconf 86' lang='lat' dir='ltr'><strong>hereditatem</strong></span> <span class='ocrx_word' id='word_1_195' title='bbox 3180 1448 3521 1510; x_wconf 87' lang='lat' dir='ltr'><strong>coelestem.</strong></span> 
     </span>
     <span class='ocr_line' id='line_1_38' title="bbox 2031 1544 3527 1632; baseline -0.005 -19"><span class='ocrx_word' id='word_1_196' title='bbox 2031 1552 2249 1632; x_wconf 89' lang='lat' dir='ltr'><strong>Itaque</strong></span> <span class='ocrx_word' id='word_1_197' title='bbox 2280 1550 2533 1613; x_wconf 89' lang='lat' dir='ltr'><strong>noveris</strong></span> <span class='ocrx_word' id='word_1_198' title='bbox 2573 1568 2699 1611; x_wconf 91' lang='lat' dir='ltr'><strong>non</strong></span> <span class='ocrx_word' id='word_1_199' title='bbox 2742 1550 2879 1612; x_wconf 90' lang='lat' dir='ltr'><strong>leve</strong></span> <span class='ocrx_word' id='word_1_200' title='bbox 2910 1566 3048 1610; x_wconf 90' lang='lat' dir='ltr'><strong>esse</strong></span> <span class='ocrx_word' id='word_1_201' title='bbox 3084 1555 3437 1629; x_wconf 84' lang='lat' dir='ltr'><strong>peccatum,</strong></span> <span class='ocrx_word' id='word_1_202' title='bbox 3472 1544 3527 1606; x_wconf 91' lang='lat' dir='ltr'><strong>si</strong></span> 
     </span>
     <span class='ocr_line' id='line_1_39' title="bbox 2032 1643 3528 1731; baseline -0.004 -21"><span class='ocrx_word' id='word_1_203' title='bbox 2032 1650 2176 1731; x_wconf 92' lang='lat' dir='ltr'><strong>quis</strong></span> <span class='ocrx_word' id='word_1_204' title='bbox 2237 1649 2695 1731; x_wconf 83' lang='lat' dir='ltr'><strong>perfectionem</strong></span> <span class='ocrx_word' id='word_1_205' title='bbox 2754 1647 3098 1729; x_wconf 84' lang='lat' dir='ltr'><strong>profes-sus,</strong></span> <span class='ocrx_word' id='word_1_206' title='bbox 3154 1643 3528 1725; x_wconf 84' lang='lat' dir='ltr'><strong>imperfecta</strong></span> 
     </span>
     <span class='ocr_line' id='line_1_40' title="bbox 2032 1741 3525 1828; baseline -0.004 -18"><span class='ocrx_word' id='word_1_207' title='bbox 2032 1756 2327 1813; x_wconf 83' lang='lat' dir='ltr'><strong>sectetur.</strong></span> <span class='ocrx_word' id='word_1_208' title='bbox 2374 1748 2468 1809; x_wconf 92' lang='lat' dir='ltr'><strong>Ad</strong></span> <span class='ocrx_word' id='word_1_209' title='bbox 2517 1746 2977 1828; x_wconf 86' lang='lat' dir='ltr'><strong>perfectionem</strong></span> <span class='ocrx_word' id='word_1_210' title='bbox 3024 1751 3237 1805; x_wconf 88' lang='lat' dir='ltr'><strong>autem</strong></span> <span class='ocrx_word' id='word_1_211' title='bbox 3287 1741 3525 1824; x_wconf 89' lang='lat' dir='ltr'><strong>pertin-</strong></span> 
     </span>
    </p>
   </div>
   <div class='ocr_carea' id='block_1_16' title="bbox 1956 1841 3361 1926">
    <p class='ocr_par' dir='ltr' id='par_1_17' title="bbox 1956 1841 3361 1926">
     <span class='ocr_line' id='line_1_41' title="bbox 1956 1841 3361 1926; baseline -0.003 -21"><span class='ocrx_word' id='word_1_212' title='bbox 1956 1844 2003 1905; x_wconf 93' lang='lat' dir='ltr'><strong>B</strong></span> <span class='ocrx_word' id='word_1_213' title='bbox 2031 1846 2203 1926; x_wconf 86' lang='lat' dir='ltr'><strong>gitur</strong></span> <span class='ocrx_word' id='word_1_214' title='bbox 2242 1846 2343 1908; x_wconf 91' lang='lat' dir='ltr'><strong>his</strong></span> <span class='ocrx_word' id='word_1_215' title='bbox 2385 1844 2685 1926; x_wconf 88' lang='lat' dir='ltr'><strong>gradibus</strong></span> <span class='ocrx_word' id='word_1_216' title='bbox 2725 1852 2915 1926; x_wconf 88' lang='lat' dir='ltr'><strong>atque</strong></span> <span class='ocrx_word' id='word_1_217' title='bbox 2959 1843 3079 1905; x_wconf 88' lang='lat' dir='ltr'><strong>hoc</strong></span> <span class='ocrx_word' id='word_1_218' title='bbox 3120 1841 3361 1904; x_wconf 89' lang='lat' dir='ltr'><strong>ordine.</strong></span> 
     </span>
    </p>
   </div>
   <div class='ocr_carea' id='block_1_17' title="bbox 2336 2098 3221 2167">
    <p class='ocr_par' dir='ltr' id='par_1_18' title="bbox 2336 2098 3221 2167">
     <span class='ocr_line' id='line_1_42' title="bbox 2336 2098 3221 2167; baseline -0.008 0"><span class='ocrx_word' id='word_1_219' title='bbox 2336 2102 2839 2167; x_wconf 84' lang='lat' dir='ltr'>CAPITULUM</span> <span class='ocrx_word' id='word_1_220' title='bbox 2902 2098 3221 2163; x_wconf 90' lang='lat' dir='ltr'>XXXIX.</span> 
     </span>
    </p>
   </div>
   <div class='ocr_carea' id='block_1_18' title="bbox 1935 2247 3523 2324">
    <p class='ocr_par' dir='ltr' id='par_1_19' title="bbox 1935 2247 3523 2324">
     <span class='ocr_line' id='line_1_43' title="bbox 1935 2247 3523 2324; baseline -0.006 -16"><span class='ocrx_word' id='word_1_221' title='bbox 1935 2290 1940 2294; x_wconf 92' lang='lat'><em>-</em></span> <span class='ocrx_word' id='word_1_222' title='bbox 2031 2253 2156 2319; x_wconf 80' lang='lat' dir='ltr'><strong>Quo</strong></span> <span class='ocrx_word' id='word_1_223' title='bbox 2200 2253 2416 2308; x_wconf 81' lang='lat' dir='ltr'><strong>ordine</strong></span> <span class='ocrx_word' id='word_1_224' title='bbox 2450 2252 2650 2324; x_wconf 81' lang='lat' dir='ltr'><strong>possit</strong></span> <span class='ocrx_word' id='word_1_225' title='bbox 2687 2250 2827 2324; x_wconf 82' lang='lat' dir='ltr'><strong>quis</strong></span> <span class='ocrx_word' id='word_1_226' title='bbox 2864 2249 2948 2304; x_wconf 87' lang='lat' dir='ltr'><strong>ad</strong></span> <span class='ocrx_word' id='word_1_227' title='bbox 2974 2247 3405 2320; x_wconf 80' lang='lat' dir='ltr'><strong>perfectionem</strong></span> <span class='ocrx_word' id='word_1_228' title='bbox 3430 2261 3523 2299; x_wconf 88' lang='lat' dir='ltr'><strong>ve-</strong></span> 
     </span>
    </p>
   </div>
   <div class='ocr_carea' id='block_1_19' title="bbox 2097 2338 3523 2487">
    <p class='ocr_par' dir='ltr' id='par_1_20' title="bbox 2097 2338 3523 2487">
     <span class='ocr_line' id='line_1_44' title="bbox 2100 2338 3523 2415; baseline -0.006 -18"><span class='ocrx_word' id='word_1_229' title='bbox 2100 2342 2261 2405; x_wconf 87' lang='lat' dir='ltr'><strong>nire,</strong></span> <span class='ocrx_word' id='word_1_230' title='bbox 2293 2358 2407 2415; x_wconf 82' lang='lat' dir='ltr'><strong>quo</strong></span> <span class='ocrx_word' id='word_1_231' title='bbox 2450 2342 2522 2397; x_wconf 88' lang='lat' dir='ltr'><strong>de</strong></span> <span class='ocrx_word' id='word_1_232' title='bbox 2560 2342 2774 2396; x_wconf 87' lang='lat' dir='ltr'><strong>timore</strong></span> <span class='ocrx_word' id='word_1_233' title='bbox 2809 2340 2922 2395; x_wconf 90' lang='lat' dir='ltr'><strong>Dei</strong></span> <span class='ocrx_word' id='word_1_234' title='bbox 2960 2339 3041 2393; x_wconf 89' lang='lat' dir='ltr'><strong>ad</strong></span> <span class='ocrx_word' id='word_1_235' title='bbox 3075 2338 3392 2393; x_wconf 83' lang='lat' dir='ltr'><strong>caritatem</strong></span> <span class='ocrx_word' id='word_1_236' title='bbox 3429 2350 3523 2389; x_wconf 86' lang='lat' dir='ltr'><strong>as-</strong></span> 
     </span>
     <span class='ocr_line' id='line_1_45' title="bbox 2097 2432 2331 2487; baseline -0.004 0"><span class='ocrx_word' id='word_1_237' title='bbox 2097 2432 2331 2487; x_wconf 85' lang='lat' dir='ltr'><strong>cendat.</strong></span> 
     </span>
    </p>
   </div>
   <div class='ocr_carea' id='block_1_20' title="bbox 2025 2629 3523 3004">
    <p class='ocr_par' dir='ltr' id='par_1_21' title="bbox 2025 2629 3523 3004">
     <span class='ocr_line' id='line_1_46' title="bbox 2150 2629 3523 2711; baseline -0.003 -20"><span class='ocrx_word' id='word_1_238' title='bbox 2150 2629 2583 2693; x_wconf 87' lang='lat' dir='ltr'>RINGIPIUM</span> <span class='ocrx_word' id='word_1_239' title='bbox 2620 2638 2809 2711; x_wconf 90' lang='lat' dir='ltr'><strong>atque</strong></span> <span class='ocrx_word' id='word_1_240' title='bbox 2846 2629 3131 2691; x_wconf 87' lang='lat' dir='ltr'><strong>custodia</strong></span> <span class='ocrx_word' id='word_1_241' title='bbox 3170 2634 3397 2689; x_wconf 82' lang='lat' dir='ltr'><strong>nostrae</strong></span> <span class='ocrx_word' id='word_1_242' title='bbox 3430 2645 3523 2688; x_wconf 90' lang='lat' dir='ltr'><strong>sa-</strong></span> 
     </span>
     <span class='ocr_line' id='line_1_47' title="bbox 2172 2724 3523 2808; baseline -0.003 -19"><span class='ocrx_word' id='word_1_243' title='bbox 2172 2728 2344 2802; x_wconf 87' lang='lat' dir='ltr'><strong>lutis,</strong></span> <span class='ocrx_word' id='word_1_244' title='bbox 2378 2735 2474 2790; x_wconf 92' lang='lat' dir='ltr'><strong>est</strong></span> <span class='ocrx_word' id='word_1_245' title='bbox 2502 2728 2693 2791; x_wconf 90' lang='lat' dir='ltr'><strong>timor</strong></span> <span class='ocrx_word' id='word_1_246' title='bbox 2730 2728 2843 2790; x_wconf 89' lang='lat' dir='ltr'><strong>Dei</strong></span> <span class='ocrx_word' id='word_1_247' title='bbox 2879 2746 2893 2788; x_wconf 79' lang='lat' dir='ltr'><em>z</em></span> <span class='ocrx_word' id='word_1_248' title='bbox 2929 2746 3043 2808; x_wconf 89' lang='lat' dir='ltr'><strong>per</strong></span> <span class='ocrx_word' id='word_1_249' title='bbox 3080 2744 3270 2808; x_wconf 90' lang='lat' dir='ltr'><strong>quem</strong></span> <span class='ocrx_word' id='word_1_250' title='bbox 3310 2724 3523 2805; x_wconf 89' lang='lat' dir='ltr'><strong>acqui-</strong></span> 
     </span>
     <span class='ocr_line' id='line_1_48' title="bbox 2026 2824 3523 2907; baseline -0.001 -21"><span class='ocrx_word' id='word_1_251' title='bbox 2026 2826 2187 2887; x_wconf 89' lang='lat' dir='ltr'><strong>ritur</strong></span> <span class='ocrx_word' id='word_1_252' title='bbox 2238 2826 2494 2888; x_wconf 89' lang='lat' dir='ltr'><strong>initium</strong></span> <span class='ocrx_word' id='word_1_253' title='bbox 2552 2826 3007 2900; x_wconf 81' lang='lat' dir='ltr'><strong>conversioniS‚</strong></span> <span class='ocrx_word' id='word_1_254' title='bbox 3052 2824 3339 2907; x_wconf 85' lang='lat' dir='ltr'><strong>purgatio</strong></span> <span class='ocrx_word' id='word_1_255' title='bbox 3381 2824 3523 2885; x_wconf 86' lang='lat' dir='ltr'><strong>viti-</strong></span> 
     </span>
     <span class='ocr_line' id='line_1_49' title="bbox 2025 2922 3519 3004; baseline -0.002 -18"><span class='ocrx_word' id='word_1_256' title='bbox 2025 2942 2233 2998; x_wconf 91' lang='lat' dir='ltr'><strong>orum,</strong></span> <span class='ocrx_word' id='word_1_257' title='bbox 2284 2931 2348 2986; x_wconf 92' lang='lat' dir='ltr'><strong>et</strong></span> <span class='ocrx_word' id='word_1_258' title='bbox 2401 2924 2711 2987; x_wconf 84' lang='lat' dir='ltr'><strong>virtutum</strong></span> <span class='ocrx_word' id='word_1_259' title='bbox 2772 2924 3058 2986; x_wconf 90' lang='lat' dir='ltr'><strong>custodia</strong></span> <span class='ocrx_word' id='word_1_260' title='bbox 3114 2924 3214 2984; x_wconf 88' lang='lat' dir='ltr'><strong>his</strong></span> <span class='ocrx_word' id='word_1_261' title='bbox 3272 2922 3383 3004; x_wconf 91' lang='lat' dir='ltr'><strong>qui</strong></span> <span class='ocrx_word' id='word_1_262' title='bbox 3441 2922 3519 2984; x_wconf 85' lang='lat' dir='ltr'><strong>ad</strong></span> 
     </span>
    </p>
   </div>
   <div class='ocr_carea' id='block_1_21' title="bbox 419 3021 3519 3109">
    <p class='ocr_par' dir='ltr' id='par_1_22' title="bbox 419 3021 3519 3109">
     <span class='ocr_line' id='line_1_50' title="bbox 419 3021 3519 3109; baseline -0.002 -20"><span class='ocrx_word' id='word_1_263' title='bbox 419 3046 740 3109; x_wconf 87' lang='lat' dir='ltr'><strong>congruus</strong></span> <span class='ocrx_word' id='word_1_264' title='bbox 779 3027 932 3089; x_wconf 84' lang='lat' dir='ltr'><strong>finis</strong></span> <span class='ocrx_word' id='word_1_265' title='bbox 973 3044 1100 3089; x_wconf 91' lang='lat' dir='ltr'><strong>non</strong></span> <span class='ocrx_word' id='word_1_266' title='bbox 1142 3027 1680 3089; x_wconf 86' lang='lat' dir='ltr'><strong>commendaverit</strong></span> <span class='ocrx_word' id='word_1_267' title='bbox 1713 3045 1808 3101; x_wconf 91' lang='lat' dir='ltr'><strong>ea,</strong></span> <span class='ocrx_word' id='word_1_268' title='bbox 1841 3045 1915 3088; x_wconf 87' lang='lat' dir='ltr'><strong>ac</strong></span> <span class='ocrx_word' id='word_1_269' title='bbox 1951 3032 1995 3097; x_wconf 84' lang='lat' dir='ltr'>C</span> <span class='ocrx_word' id='word_1_270' title='bbox 2025 3023 2222 3085; x_wconf 89' lang='lat' dir='ltr'><strong>vitam</strong></span> <span class='ocrx_word' id='word_1_271' title='bbox 2273 3022 2695 3085; x_wconf 86' lang='lat' dir='ltr'><strong>informantur</strong></span> <span class='ocrx_word' id='word_1_272' title='bbox 2743 3022 3109 3104; x_wconf 88' lang='lat' dir='ltr'><strong>perfectam.</strong></span> <span class='ocrx_word' id='word_1_273' title='bbox 3154 3021 3269 3093; x_wconf 87' lang='lat' dir='ltr'><strong>Qui</strong></span> <span class='ocrx_word' id='word_1_274' title='bbox 3319 3040 3519 3103; x_wconf 91' lang='lat' dir='ltr'><strong>quum</strong></span> 
     </span>
    </p>
   </div>
   <div class='ocr_carea' id='block_1_22' title="bbox 411 3124 1917 4087">
    <p class='ocr_par' dir='ltr' id='par_1_23' title="bbox 411 3124 1917 4087">
     <span class='ocr_line' id='line_1_51' title="bbox 419 3124 1916 3207; baseline 0 -20"><span class='ocrx_word' id='word_1_275' title='bbox 419 3126 934 3207; x_wconf 77' lang='lat' dir='ltr'><strong>coi-responderit</strong></span> <span class='ocrx_word' id='word_1_276' title='bbox 971 3125 1085 3200; x_wconf 81' lang='lat' dir='ltr'><strong>eiS,</strong></span> <span class='ocrx_word' id='word_1_277' title='bbox 1118 3132 1182 3187; x_wconf 92' lang='lat' dir='ltr'><strong>et</strong></span> <span class='ocrx_word' id='word_1_278' title='bbox 1220 3125 1345 3186; x_wconf 90' lang='lat' dir='ltr'><strong>nisi</strong></span> <span class='ocrx_word' id='word_1_279' title='bbox 1385 3124 1616 3187; x_wconf 88' lang='lat' dir='ltr'><strong>Christi</strong></span> <span class='ocrx_word' id='word_1_280' title='bbox 1659 3125 1916 3187; x_wconf 89' lang='lat' dir='ltr'><strong>humili-</strong></span> 
     </span>
     <span class='ocr_line' id='line_1_52' title="bbox 421 3231 1917 3305; baseline 0.001 -20"><span class='ocrx_word' id='word_1_281' title='bbox 421 3232 514 3285; x_wconf 81' lang='lat' dir='ltr'><strong>tas</strong></span> <span class='ocrx_word' id='word_1_282' title='bbox 542 3242 616 3285; x_wconf 93' lang='lat' dir='ltr'><strong>ac</strong></span> <span class='ocrx_word' id='word_1_283' title='bbox 644 3231 982 3304; x_wconf 84' lang='lat' dir='ltr'><strong>paupertas</strong></span> <span class='ocrx_word' id='word_1_284' title='bbox 1016 3242 1206 3304; x_wconf 90' lang='lat' dir='ltr'><strong>quam</strong></span> <span class='ocrx_word' id='word_1_285' title='bbox 1235 3242 1406 3285; x_wconf 90' lang='lat' dir='ltr'><strong>nunc</strong></span> <span class='ocrx_word' id='word_1_286' title='bbox 1438 3240 1649 3285; x_wconf 88' lang='lat' dir='ltr'><strong>coram</strong></span> <span class='ocrx_word' id='word_1_287' title='bbox 1676 3241 1753 3285; x_wconf 91' lang='lat' dir='ltr'><strong>eo</strong></span> <span class='ocrx_word' id='word_1_288' title='bbox 1779 3242 1917 3305; x_wconf 89' lang='lat' dir='ltr'><strong>pro-</strong></span> 
     </span>
     <span class='ocr_line' id='line_1_53' title="bbox 415 3320 1916 3403; baseline 0 -20"><span class='ocrx_word' id='word_1_289' title='bbox 415 3321 626 3383; x_wconf 85' lang='lat' dir='ltr'><strong>fessus</strong></span> <span class='ocrx_word' id='word_1_290' title='bbox 676 3338 766 3395; x_wconf 89' lang='lat' dir='ltr'><strong>es,</strong></span> <span class='ocrx_word' id='word_1_291' title='bbox 811 3321 1124 3383; x_wconf 89' lang='lat' dir='ltr'><strong>custodita</strong></span> <span class='ocrx_word' id='word_1_292' title='bbox 1165 3320 1359 3383; x_wconf 84' lang='lat' dir='ltr'><strong>fuerit</strong></span> <span class='ocrx_word' id='word_1_293' title='bbox 1405 3341 1442 3383; x_wconf 97' lang='lat' dir='ltr'><strong>a</strong></span> <span class='ocrx_word' id='word_1_294' title='bbox 1484 3329 1545 3383; x_wconf 51' lang='lat' dir='ltr'><strong>&#39;te</strong></span> <span class='ocrx_word' id='word_1_295' title='bbox 1595 3340 1794 3403; x_wconf 89' lang='lat' dir='ltr'><strong>usque</strong></span> <span class='ocrx_word' id='word_1_296' title='bbox 1837 3322 1916 3383; x_wconf 91' lang='lat' dir='ltr'><strong>ad</strong></span> 
     </span>
     <span class='ocr_line' id='line_1_54' title="bbox 415 3418 1917 3499; baseline 0 -18"><span class='ocrx_word' id='word_1_297' title='bbox 415 3427 779 3481; x_wconf 84' lang='lat' dir='ltr'><strong>extremum</strong></span> <span class='ocrx_word' id='word_1_298' title='bbox 809 3418 956 3481; x_wconf 83' lang='lat' dir='ltr'><strong>vitae</strong></span> <span class='ocrx_word' id='word_1_299' title='bbox 997 3425 1141 3491; x_wconf 82' lang='lat' dir='ltr'><strong>tuae,</strong></span> <span class='ocrx_word' id='word_1_300' title='bbox 1176 3418 1341 3480; x_wconf 88' lang='lat' dir='ltr'><strong>sicut</strong></span> <span class='ocrx_word' id='word_1_301' title='bbox 1368 3419 1500 3499; x_wconf 86' lang='lat' dir='ltr'><strong>jam</strong></span> <span class='ocrx_word' id='word_1_302' title='bbox 1537 3438 1575 3481; x_wconf 90' lang='lat' dir='ltr'><strong>a</strong></span> <span class='ocrx_word' id='word_1_303' title='bbox 1614 3426 1676 3481; x_wconf 89' lang='lat' dir='ltr'><strong>te</strong></span> <span class='ocrx_word' id='word_1_304' title='bbox 1715 3426 1917 3481; x_wconf 85' lang='lat' dir='ltr'><strong>exstat</strong></span> 
     </span>
     <span class='ocr_line' id='line_1_55' title="bbox 413 3515 1916 3600; baseline 0 -20"><span class='ocrx_word' id='word_1_305' title='bbox 413 3525 688 3599; x_wconf 84' lang='lat' dir='ltr'><strong>arrepta.</strong></span> <span class='ocrx_word' id='word_1_306' title='bbox 733 3517 910 3591; x_wconf 85' lang='lat' dir='ltr'><strong>Quod</strong></span> <span class='ocrx_word' id='word_1_307' title='bbox 961 3524 1034 3578; x_wconf 93' lang='lat' dir='ltr'><strong>ut</strong></span> <span class='ocrx_word' id='word_1_308' title='bbox 1084 3515 1291 3597; x_wconf 90' lang='lat' dir='ltr'><strong>possis</strong></span> <span class='ocrx_word' id='word_1_309' title='bbox 1342 3516 1629 3598; x_wconf 90' lang='lat' dir='ltr'><strong>implere,</strong></span> <span class='ocrx_word' id='word_1_310' title='bbox 1663 3536 1916 3600; x_wconf 88' lang='lat' dir='ltr'><strong>semper</strong></span> 
     </span>
     <span class='ocr_line' id='line_1_56' title="bbox 413 3613 1916 3697; baseline -0.001 -19"><span class='ocrx_word' id='word_1_311' title='bbox 413 3615 688 3678; x_wconf 91' lang='lat' dir='ltr'><strong>observa</strong></span> <span class='ocrx_word' id='word_1_312' title='bbox 725 3622 920 3697; x_wconf 92' lang='lat' dir='ltr'><strong>caput</strong></span> <span class='ocrx_word' id='word_1_313' title='bbox 958 3615 1182 3696; x_wconf 67' lang='grc' dir='ltr'><strong>ἱρείης,</strong></span> <span class='ocrx_word' id='word_1_314' title='bbox 1218 3613 1284 3674; x_wconf 94' lang='lat' dir='ltr'><strong>id</strong></span> <span class='ocrx_word' id='word_1_315' title='bbox 1324 3621 1420 3675; x_wconf 90' lang='lat' dir='ltr'><strong>est</strong></span> <span class='ocrx_word' id='word_1_316' title='bbox 1449 3633 1788 3695; x_wconf 89' lang='lat' dir='ltr'><strong>pravarum</strong></span> <span class='ocrx_word' id='word_1_317' title='bbox 1817 3635 1916 3678; x_wconf 90' lang='lat' dir='ltr'><strong>co-</strong></span> 
     </span>
     <span class='ocr_line' id='line_1_57' title="bbox 411 3710 1916 3795; baseline 0.001 -20"><span class='ocrx_word' id='word_1_318' title='bbox 411 3714 800 3795; x_wconf 86' lang='lat' dir='ltr'><strong>gitationum</strong></span> <span class='ocrx_word' id='word_1_319' title='bbox 833 3712 1172 3794; x_wconf 89' lang='lat' dir='ltr'><strong>principia,</strong></span> <span class='ocrx_word' id='word_1_320' title='bbox 1209 3710 1500 3773; x_wconf 83' lang='lat' dir='ltr'><strong>deferens</strong></span> <span class='ocrx_word' id='word_1_321' title='bbox 1539 3731 1613 3774; x_wconf 89' lang='lat' dir='ltr'><strong>ea</strong></span> <span class='ocrx_word' id='word_1_322' title='bbox 1650 3732 1724 3775; x_wconf 89' lang='lat' dir='ltr'><strong>ac</strong></span> <span class='ocrx_word' id='word_1_323' title='bbox 1763 3733 1916 3795; x_wconf 91' lang='lat' dir='ltr'><strong>pan-</strong></span> 
     </span>
     <span class='ocr_line' id='line_1_58' title="bbox 412 3809 1915 3891; baseline 0 -17"><span class='ocrx_word' id='word_1_324' title='bbox 412 3812 572 3874; x_wconf 89' lang='lat' dir='ltr'><strong>dens</strong></span> <span class='ocrx_word' id='word_1_325' title='bbox 629 3827 776 3872; x_wconf 88' lang='lat' dir='ltr'><strong>mox</strong></span> <span class='ocrx_word' id='word_1_326' title='bbox 829 3810 1082 3873; x_wconf 90' lang='lat' dir='ltr'><strong>seniori.</strong></span> <span class='ocrx_word' id='word_1_327' title='bbox 1139 3809 1242 3871; x_wconf 92' lang='lat' dir='ltr'><strong>Sic</strong></span> <span class='ocrx_word' id='word_1_328' title='bbox 1294 3828 1572 3891; x_wconf 90' lang='lat' dir='ltr'><strong>namque</strong></span> <span class='ocrx_word' id='word_1_329' title='bbox 1627 3810 1915 3874; x_wconf 90' lang='lat' dir='ltr'><strong>addisces</strong></span> 
     </span>
     <span class='ocr_line' id='line_1_59' title="bbox 412 3906 1914 3991; baseline 0.001 -20"><span class='ocrx_word' id='word_1_330' title='bbox 412 3917 746 3971; x_wconf 88' lang='lat' dir='ltr'><strong>conterere</strong></span> <span class='ocrx_word' id='word_1_331' title='bbox 786 3908 1142 3989; x_wconf 88' lang='lat' dir='ltr'><strong>perniciosa</strong></span> <span class='ocrx_word' id='word_1_332' title='bbox 1182 3906 1324 3987; x_wconf 87' lang='lat' dir='ltr'><strong>ejus</strong></span> <span class='ocrx_word' id='word_1_333' title='bbox 1355 3906 1690 3991; x_wconf 88' lang='lat' dir='ltr'><strong>principia,</strong></span> <span class='ocrx_word' id='word_1_334' title='bbox 1727 3910 1779 3971; x_wconf 91' lang='lat' dir='ltr'><strong>si</strong></span> <span class='ocrx_word' id='word_1_335' title='bbox 1821 3910 1914 3972; x_wconf 86' lang='lat' dir='ltr'><strong>ni—</strong></span> 
     </span>
     <span class='ocr_line' id='line_1_60' title="bbox 413 4005 1909 4087; baseline -0.001 -18"><span class='ocrx_word' id='word_1_336' title='bbox 413 4007 506 4069; x_wconf 89' lang='lat' dir='ltr'><strong>hil</strong></span> <span class='ocrx_word' id='word_1_337' title='bbox 547 4026 627 4069; x_wconf 87' lang='lat' dir='ltr'><strong>ex</strong></span> <span class='ocrx_word' id='word_1_338' title='bbox 672 4006 766 4068; x_wconf 87' lang='lat' dir='ltr'><strong>eis</strong></span> <span class='ocrx_word' id='word_1_339' title='bbox 809 4005 1144 4068; x_wconf 90' lang='lat' dir='ltr'><strong>erubueris</strong></span> <span class='ocrx_word' id='word_1_340' title='bbox 1188 4012 1298 4067; x_wconf 93' lang='lat' dir='ltr'><strong>tuo</strong></span> <span class='ocrx_word' id='word_1_341' title='bbox 1341 4006 1620 4070; x_wconf 88' lang='lat' dir='ltr'><strong>revelare</strong></span> <span class='ocrx_word' id='word_1_342' title='bbox 1666 4007 1909 4087; x_wconf 88' lang='lat' dir='ltr'><strong>majori.</strong></span> 
     </span>
    </p>
   </div>
   <div class='ocr_carea' id='block_1_23' title="bbox 695 4247 1641 4316">
    <p class='ocr_par' dir='ltr' id='par_1_24' title="bbox 695 4247 1641 4316">
     <span class='ocr_line' id='line_1_61' title="bbox 695 4247 1641 4316; baseline 0.004 -6"><span class='ocrx_word' id='word_1_343' title='bbox 695 4247 1199 4314; x_wconf 83' lang='lat' dir='ltr'>CAPITULUM</span> <span class='ocrx_word' id='word_1_344' title='bbox 1263 4250 1641 4316; x_wconf 88' lang='lat' dir='ltr'>XXXVIII.</span> 
     </span>
    </p>
   </div>
   <div class='ocr_carea' id='block_1_24' title="bbox 485 4394 1844 4559">
    <p class='ocr_par' dir='ltr' id='par_1_25' title="bbox 485 4394 1844 4559">
     <span class='ocr_line' id='line_1_62' title="bbox 485 4394 1844 4465; baseline 0.005 -16"><span class='ocrx_word' id='word_1_345' title='bbox 485 4394 574 4449; x_wconf 86' lang='lat' dir='ltr'><strong>De</strong></span> <span class='ocrx_word' id='word_1_346' title='bbox 599 4397 1066 4465; x_wconf 84' lang='lat' dir='ltr'><strong>proeparatione</strong></span> <span class='ocrx_word' id='word_1_347' title='bbox 1099 4399 1517 4454; x_wconf 76' lang='lat' dir='ltr'><strong>renuntiantis</strong></span> <span class='ocrx_word' id='word_1_348' title='bbox 1555 4400 1844 4456; x_wconf 78' lang='lat' dir='ltr'><strong>adversus</strong></span> 
     </span>
     <span class='ocr_line' id='line_1_63' title="bbox 587 4485 1758 4559; baseline 0.006 -23"><span class='ocrx_word' id='word_1_349' title='bbox 587 4485 970 4549; x_wconf 79' lang='lat' dir='ltr'><strong>tentationes,</strong></span> <span class='ocrx_word' id='word_1_350' title='bbox 992 4492 1049 4541; x_wconf 88' lang='lat' dir='ltr'><strong>et</strong></span> <span class='ocrx_word' id='word_1_351' title='bbox 1075 4487 1148 4541; x_wconf 87' lang='lat' dir='ltr'><strong>de</strong></span> <span class='ocrx_word' id='word_1_352' title='bbox 1170 4488 1392 4559; x_wconf 81' lang='lat' dir='ltr'><strong>paucis</strong></span> <span class='ocrx_word' id='word_1_353' title='bbox 1420 4489 1758 4545; x_wconf 84' lang='lat' dir='ltr'><strong>imitandis.</strong></span> 
     </span>
    </p>
   </div>
   <div class='ocr_carea' id='block_1_25' title="bbox 413 4685 1916 5369">
    <p class='ocr_par' dir='ltr' id='par_1_26' title="bbox 413 4685 1916 5369">
     <span class='ocr_line' id='line_1_64' title="bbox 563 4690 1916 4777; baseline 0.006 -24"><span class='ocrx_word' id='word_1_354' title='bbox 563 4690 1007 4754; x_wconf 84' lang='lat' dir='ltr'><strong>UAPROPTER</strong></span> <span class='ocrx_word' id='word_1_355' title='bbox 1047 4695 1399 4757; x_wconf 85' lang='lat' dir='ltr'><strong>secundum</strong></span> <span class='ocrx_word' id='word_1_356' title='bbox 1431 4695 1771 4777; x_wconf 84' lang='lat' dir='ltr'><strong>Scripturae</strong></span> <span class='ocrx_word' id='word_1_357' title='bbox 1810 4698 1916 4761; x_wconf 91' lang='lat' dir='ltr'><strong>do-</strong></span> 
     </span>
     <span class='ocr_line' id='line_1_65' title="bbox 423 4685 1912 4899; baseline 0.007 -51"><span class='ocrx_word' id='word_1_358' title='bbox 423 4685 556 4899; x_wconf 78' lang='lat' dir='ltr'><strong>Q</strong></span> <span class='ocrx_word' id='word_1_359' title='bbox 582 4788 874 4864; x_wconf 86' lang='lat' dir='ltr'><strong>ctrinam,</strong></span> <span class='ocrx_word' id='word_1_360' title='bbox 908 4808 1198 4871; x_wconf 88' lang='lat' dir='ltr'><strong>egressus</strong></span> <span class='ocrx_word' id='word_1_361' title='bbox 1237 4793 1312 4854; x_wconf 92' lang='lat' dir='ltr'><strong>ad</strong></span> <span class='ocrx_word' id='word_1_362' title='bbox 1350 4794 1755 4857; x_wconf 88' lang='lat' dir='ltr'><strong>serviendum</strong></span> <span class='ocrx_word' id='word_1_363' title='bbox 1797 4797 1912 4859; x_wconf 90' lang='lat' dir='ltr'><strong>Do·</strong></span> 
     </span>
     <span class='ocr_line' id='line_1_66' title="bbox 420 4888 1915 4976; baseline 0.007 -29"><span class='ocrx_word' id='word_1_364' title='bbox 420 4904 617 4960; x_wconf 87' lang='lat' dir='ltr'><strong>mmo,</strong></span> <span class='ocrx_word' id='word_1_365' title='bbox 669 4895 765 4949; x_wconf 87' lang='lat' dir='ltr'><strong>sta</strong></span> <span class='ocrx_word' id='word_1_366' title='bbox 822 4888 888 4950; x_wconf 91' lang='lat' dir='ltr'><strong>in</strong></span> <span class='ocrx_word' id='word_1_367' title='bbox 946 4889 1172 4952; x_wconf 91' lang='lat' dir='ltr'><strong>timore</strong></span> <span class='ocrx_word' id='word_1_368' title='bbox 1232 4891 1456 4972; x_wconf 88' lang='lat' dir='ltr'><strong>ipsius,</strong></span> <span class='ocrx_word' id='word_1_369' title='bbox 1509 4900 1572 4954; x_wconf 92' lang='lat' dir='ltr'><strong>et</strong></span> <span class='ocrx_word' id='word_1_370' title='bbox 1631 4913 1915 4976; x_wconf 83' lang='lat' dir='ltr'><strong>praepara</strong></span> 
     </span>
     <span class='ocr_line' id='line_1_67' title="bbox 416 4983 1912 5071; baseline 0.007 -26"><span class='ocrx_word' id='word_1_371' title='bbox 416 4983 698 5047; x_wconf 85' lang='lat' dir='ltr'><strong>animam</strong></span> <span class='ocrx_word' id='word_1_372' title='bbox 747 4992 944 5062; x_wconf 92' lang='lat' dir='ltr'><strong>tuam,</strong></span> <span class='ocrx_word' id='word_1_373' title='bbox 993 5005 1120 5050; x_wconf 91' lang='lat' dir='ltr'><strong>non</strong></span> <span class='ocrx_word' id='word_1_374' title='bbox 1170 4989 1248 5050; x_wconf 88' lang='lat' dir='ltr'><strong>ad</strong></span> <span class='ocrx_word' id='word_1_375' title='bbox 1299 4990 1610 5071; x_wconf 89' lang='lat' dir='ltr'><strong>requiem,</strong></span> <span class='ocrx_word' id='word_1_376' title='bbox 1658 5010 1783 5054; x_wconf 91' lang='lat' dir='ltr'><strong>non</strong></span> <span class='ocrx_word' id='word_1_377' title='bbox 1833 4995 1912 5055; x_wconf 87' lang='lat' dir='ltr'><strong>ad</strong></span> 
     </span>
     <span class='ocr_line' id='line_1_68' title="bbox 417 5082 1913 5172; baseline 0.007 -29"><span class='ocrx_word' id='word_1_378' title='bbox 417 5082 849 5158; x_wconf 85' lang='lat' dir='ltr'><strong>securitatem,</strong></span> <span class='ocrx_word' id='word_1_379' title='bbox 881 5085 992 5147; x_wconf 90' lang='lat' dir='ltr'><strong>sed</strong></span> <span class='ocrx_word' id='word_1_380' title='bbox 1033 5086 1112 5147; x_wconf 93' lang='lat' dir='ltr'><strong>ad</strong></span> <span class='ocrx_word' id='word_1_381' title='bbox 1149 5088 1530 5151; x_wconf 87' lang='lat' dir='ltr'><strong>tentationes</strong></span> <span class='ocrx_word' id='word_1_382' title='bbox 1573 5096 1762 5172; x_wconf 85' lang='lat' dir='ltr'><strong>atque</strong></span> <span class='ocrx_word' id='word_1_383' title='bbox 1804 5110 1913 5154; x_wconf 85' lang='lat' dir='ltr'><strong>an-</strong></span> 
     </span>
     <span class='ocr_line' id='line_1_69' title="bbox 413 5180 1912 5260; baseline 0.007 -19"><span class='ocrx_word' id='word_1_384' title='bbox 413 5180 677 5260; x_wconf 81' lang='lat' dir='ltr'><strong>gustias.</strong></span> <span class='ocrx_word' id='word_1_385' title='bbox 749 5182 864 5244; x_wconf 91' lang='lat' dir='ltr'><strong>Per</strong></span> <span class='ocrx_word' id='word_1_386' title='bbox 927 5184 1158 5247; x_wconf 90' lang='lat' dir='ltr'><strong>multas</strong></span> <span class='ocrx_word' id='word_1_387' title='bbox 1225 5186 1399 5248; x_wconf 89' lang='lat' dir='ltr'><strong>enim</strong></span> <span class='ocrx_word' id='word_1_388' title='bbox 1467 5187 1912 5252; x_wconf 88' lang='lat' dir='ltr'><strong>tribulationes</strong></span> 
     </span>
     <span class='ocr_line' id='line_1_70' title="bbox 415 5280 1914 5369; baseline 0.007 -29"><span class='ocrx_word' id='word_1_389' title='bbox 415 5286 667 5359; x_wconf 88' lang='lat' dir='ltr'><strong>oportet</strong></span> <span class='ocrx_word' id='word_1_390' title='bbox 707 5296 824 5341; x_wconf 92' lang='lat' dir='ltr'><strong>nos</strong></span> <span class='ocrx_word' id='word_1_391' title='bbox 867 5280 1111 5362; x_wconf 85' lang='lat' dir='ltr'><strong>ingredi</strong></span> <span class='ocrx_word' id='word_1_392' title='bbox 1154 5301 1420 5365; x_wconf 87' lang='lat' dir='ltr'><strong>regnum</strong></span> <span class='ocrx_word' id='word_1_393' title='bbox 1464 5286 1596 5348; x_wconf 92' lang='lat' dir='ltr'><strong>Dei.</strong></span> <span class='ocrx_word' id='word_1_394' title='bbox 1630 5286 1914 5369; x_wconf 87' lang='lat' dir='ltr'><strong>Angusta</strong></span> 
     </span>
    </p>
   </div>
   <div class='ocr_carea' id='block_1_26' title="bbox 2023 3120 3524 4188">
    <p class='ocr_par' dir='ltr' id='par_1_27' title="bbox 2023 3120 3524 4188">
     <span class='ocr_line' id='line_1_71' title="bbox 2025 3120 3519 3203; baseline -0.001 -20"><span class='ocrx_word' id='word_1_395' title='bbox 2025 3122 2448 3203; x_wconf 86' lang='lat' dir='ltr'><strong>penetraverit</strong></span> <span class='ocrx_word' id='word_1_396' title='bbox 2499 3122 2777 3184; x_wconf 92' lang='lat' dir='ltr'><strong>hominis</strong></span> <span class='ocrx_word' id='word_1_397' title='bbox 2828 3129 3129 3193; x_wconf 90' lang='lat' dir='ltr'><strong>mentem,</strong></span> <span class='ocrx_word' id='word_1_398' title='bbox 3174 3120 3339 3202; x_wconf 90' lang='lat' dir='ltr'><strong>parit</strong></span> <span class='ocrx_word' id='word_1_399' title='bbox 3386 3138 3519 3183; x_wconf 89' lang='lat' dir='ltr'><strong>om-</strong></span> 
     </span>
     <span class='ocr_line' id='line_1_72' title="bbox 2025 3218 3521 3303; baseline 0.001 -24"><span class='ocrx_word' id='word_1_400' title='bbox 2025 3218 2204 3281; x_wconf 92' lang='lat' dir='ltr'><strong>nium</strong></span> <span class='ocrx_word' id='word_1_401' title='bbox 2244 3240 2457 3283; x_wconf 91' lang='lat' dir='ltr'><strong>rerum</strong></span> <span class='ocrx_word' id='word_1_402' title='bbox 2493 3229 2953 3303; x_wconf 89' lang='lat' dir='ltr'><strong>contemptum,</strong></span> <span class='ocrx_word' id='word_1_403' title='bbox 2987 3220 3375 3283; x_wconf 81' lang='lat' dir='ltr'><strong>oblivionem</strong></span> <span class='ocrx_word' id='word_1_404' title='bbox 3416 3240 3521 3301; x_wconf 89' lang='lat' dir='ltr'><strong>pa-</strong></span> 
     </span>
     <span class='ocr_line' id='line_1_73' title="bbox 2025 3319 3519 3395; baseline 0.002 -18"><span class='ocrx_word' id='word_1_405' title='bbox 2025 3326 2300 3395; x_wconf 86' lang='lat' dir='ltr'><strong>rentum,</strong></span> <span class='ocrx_word' id='word_1_406' title='bbox 2334 3339 2405 3381; x_wconf 88' lang='lat' dir='ltr'><strong>ac</strong></span> <span class='ocrx_word' id='word_1_407' title='bbox 2437 3320 2660 3383; x_wconf 90' lang='lat' dir='ltr'><strong>mundi</strong></span> <span class='ocrx_word' id='word_1_408' title='bbox 2703 3322 3048 3383; x_wconf 89' lang='lat' dir='ltr'><strong>horrorem.</strong></span> <span class='ocrx_word' id='word_1_409' title='bbox 3083 3321 3271 3382; x_wconf 91' lang='lat' dir='ltr'><strong>Porro</strong></span> <span class='ocrx_word' id='word_1_410' title='bbox 3311 3319 3519 3380; x_wconf 91' lang='lat' dir='ltr'><strong>humi-</strong></span> 
     </span>
     <span class='ocr_line' id='line_1_74' title="bbox 2025 3418 3519 3502; baseline 0 -23"><span class='ocrx_word' id='word_1_411' title='bbox 2025 3418 2166 3480; x_wconf 86' lang='lat' dir='ltr'><strong>litas</strong></span> <span class='ocrx_word' id='word_1_412' title='bbox 2220 3419 2574 3502; x_wconf 87' lang='lat' dir='ltr'><strong>acquiritur</strong></span> <span class='ocrx_word' id='word_1_413' title='bbox 2624 3426 2993 3500; x_wconf 88' lang='lat' dir='ltr'><strong>contemptu</strong></span> <span class='ocrx_word' id='word_1_414' title='bbox 3042 3437 3113 3480; x_wconf 90' lang='lat' dir='ltr'><strong>ac</strong></span> <span class='ocrx_word' id='word_1_415' title='bbox 3166 3418 3519 3499; x_wconf 90' lang='lat' dir='ltr'><strong>privatione</strong></span> 
     </span>
     <span class='ocr_line' id='line_1_75' title="bbox 2023 3515 3521 3598; baseline -0.001 -20"><span class='ocrx_word' id='word_1_416' title='bbox 2023 3516 2314 3579; x_wconf 90' lang='lat' dir='ltr'><strong>omnium</strong></span> <span class='ocrx_word' id='word_1_417' title='bbox 2359 3516 2750 3579; x_wconf 88' lang='lat' dir='ltr'><strong>facultatum.</strong></span> <span class='ocrx_word' id='word_1_418' title='bbox 2787 3517 2978 3597; x_wconf 87' lang='lat' dir='ltr'><strong>Signa</strong></span> <span class='ocrx_word' id='word_1_419' title='bbox 3016 3534 3269 3598; x_wconf 90' lang='lat' dir='ltr'><strong>quoque</strong></span> <span class='ocrx_word' id='word_1_420' title='bbox 3312 3515 3521 3577; x_wconf 91' lang='lat' dir='ltr'><strong>humi-</strong></span> 
     </span>
     <span class='ocr_line' id='line_1_76' title="bbox 2024 3615 3521 3697; baseline -0.001 -21"><span class='ocrx_word' id='word_1_421' title='bbox 2024 3615 2219 3677; x_wconf 89' lang='lat' dir='ltr'><strong>litatis</strong></span> <span class='ocrx_word' id='word_1_422' title='bbox 2268 3623 2417 3677; x_wconf 91' lang='lat' dir='ltr'><strong>sunt</strong></span> <span class='ocrx_word' id='word_1_423' title='bbox 2461 3616 2581 3677; x_wconf 87' lang='lat' dir='ltr'><strong>ista</strong></span> <span class='ocrx_word' id='word_1_424' title='bbox 2624 3634 2638 3678; x_wconf 90' lang='lat'><strong>:</strong></span> <span class='ocrx_word' id='word_1_425' title='bbox 2684 3616 2913 3697; x_wconf 86' lang='lat' dir='ltr'><strong>prime,</strong></span> <span class='ocrx_word' id='word_1_426' title='bbox 2956 3615 3011 3677; x_wconf 91' lang='lat' dir='ltr'><strong>si</strong></span> <span class='ocrx_word' id='word_1_427' title='bbox 3061 3615 3289 3676; x_wconf 87' lang='lat' dir='ltr'><strong>habeat</strong></span> <span class='ocrx_word' id='word_1_428' title='bbox 3331 3615 3521 3675; x_wconf 90' lang='lat' dir='ltr'><strong>homo</strong></span> 
     </span>
     <span class='ocr_line' id='line_1_77' title="bbox 2026 3713 3524 3795; baseline -0.001 -20"><span class='ocrx_word' id='word_1_429' title='bbox 2026 3713 2090 3776; x_wconf 90' lang='lat' dir='ltr'><strong>in</strong></span> <span class='ocrx_word' id='word_1_430' title='bbox 2141 3732 2209 3775; x_wconf 90' lang='lat' dir='ltr'><strong>se</strong></span> <span class='ocrx_word' id='word_1_431' title='bbox 2256 3714 2668 3776; x_wconf 85' lang='lat' dir='ltr'><strong>mortificatas</strong></span> <span class='ocrx_word' id='word_1_432' title='bbox 2712 3732 2933 3777; x_wconf 88' lang='lat' dir='ltr'><strong>omnes</strong></span> <span class='ocrx_word' id='word_1_433' title='bbox 2977 3713 3263 3795; x_wconf 90' lang='lat' dir='ltr'><strong>proprias</strong></span> <span class='ocrx_word' id='word_1_434' title='bbox 3304 3713 3524 3775; x_wconf 89' lang='lat' dir='ltr'><strong>volun-</strong></span> 
     </span>
     <span class='ocr_line' id='line_1_78' title="bbox 2025 3812 3521 3893; baseline 0 -20"><span class='ocrx_word' id='word_1_435' title='bbox 2025 3820 2214 3892; x_wconf 80' lang='lat' dir='ltr'><strong>tates3</strong></span> <span class='ocrx_word' id='word_1_436' title='bbox 2248 3814 2548 3887; x_wconf 87' lang='lat' dir='ltr'><strong>secundo,</strong></span> <span class='ocrx_word' id='word_1_437' title='bbox 2574 3814 2626 3875; x_wconf 92' lang='lat' dir='ltr'><strong>si</strong></span> <span class='ocrx_word' id='word_1_438' title='bbox 2657 3812 3033 3876; x_wconf 86' lang='lat' dir='ltr'><strong>revelaverit</strong></span> <span class='ocrx_word' id='word_1_439' title='bbox 3062 3812 3372 3893; x_wconf 90' lang='lat' dir='ltr'><strong>superiori</strong></span> <span class='ocrx_word' id='word_1_440' title='bbox 3405 3830 3521 3874; x_wconf 89' lang='lat' dir='ltr'><strong>suo</strong></span> 
     </span>
     <span class='ocr_line' id='line_1_79' title="bbox 2024 3911 3519 3985; baseline -0.001 -13"><span class='ocrx_word' id='word_1_441' title='bbox 2024 3928 2151 3973; x_wconf 89' lang='lat' dir='ltr'><strong>non</strong></span> <span class='ocrx_word' id='word_1_442' title='bbox 2210 3912 2416 3973; x_wconf 91' lang='lat' dir='ltr'><strong>solum</strong></span> <span class='ocrx_word' id='word_1_443' title='bbox 2477 3912 2805 3974; x_wconf 88' lang='lat' dir='ltr'><strong>universas</strong></span> <span class='ocrx_word' id='word_1_444' title='bbox 2863 3931 3009 3973; x_wconf 90' lang='lat' dir='ltr'><strong>suas</strong></span> <span class='ocrx_word' id='word_1_445' title='bbox 3057 3911 3357 3985; x_wconf 82' lang='lat' dir='ltr'><strong>actioneS,</strong></span> <span class='ocrx_word' id='word_1_446' title='bbox 3408 3911 3519 3972; x_wconf 89' lang='lat' dir='ltr'><strong>sed</strong></span> 
     </span>
     <span class='ocr_line' id='line_1_80' title="bbox 2023 4008 3519 4090; baseline 0.001 -21"><span class='ocrx_word' id='word_1_447' title='bbox 2023 4008 2217 4069; x_wconf 88' lang='lat' dir='ltr'><strong>etiam</strong></span> <span class='ocrx_word' id='word_1_448' title='bbox 2249 4029 2393 4071; x_wconf 91' lang='lat' dir='ltr'><strong>suas</strong></span> <span class='ocrx_word' id='word_1_449' title='bbox 2427 4010 2870 4090; x_wconf 86' lang='lat' dir='ltr'><strong>cogitationes;</strong></span> <span class='ocrx_word' id='word_1_450' title='bbox 2903 4009 3108 4083; x_wconf 82' lang='lat' dir='ltr'><strong>tertio,</strong></span> <span class='ocrx_word' id='word_1_451' title='bbox 3137 4009 3188 4069; x_wconf 91' lang='lat' dir='ltr'><strong>si</strong></span> <span class='ocrx_word' id='word_1_452' title='bbox 3223 4009 3519 4071; x_wconf 89' lang='lat' dir='ltr'><strong>universa</strong></span> 
     </span>
     <span class='ocr_line' id='line_1_81' title="bbox 2025 4106 3517 4188; baseline -0.001 -20"><span class='ocrx_word' id='word_1_453' title='bbox 2025 4108 2380 4169; x_wconf 88' lang='lat' dir='ltr'><strong>committat</strong></span> <span class='ocrx_word' id='word_1_454' title='bbox 2426 4108 2567 4188; x_wconf 87' lang='lat' dir='ltr'><strong>ejus</strong></span> <span class='ocrx_word' id='word_1_455' title='bbox 2612 4108 2859 4188; x_wconf 87' lang='lat' dir='ltr'><strong>judicio</strong></span> <span class='ocrx_word' id='word_1_456' title='bbox 2900 4115 2964 4169; x_wconf 89' lang='lat' dir='ltr'><strong>et</strong></span> <span class='ocrx_word' id='word_1_457' title='bbox 3005 4106 3167 4168; x_wconf 89' lang='lat' dir='ltr'><strong>nihil</strong></span> <span class='ocrx_word' id='word_1_458' title='bbox 3214 4126 3344 4169; x_wconf 83' lang='lat' dir='ltr'><strong>suae</strong></span> <span class='ocrx_word' id='word_1_459' title='bbox 3392 4107 3517 4168; x_wconf 88' lang='lat' dir='ltr'><strong>dis-</strong></span> 
     </span>
    </p>
   </div>
   <div class='ocr_carea' id='block_1_27' title="bbox 1944 4204 3516 4288">
    <p class='ocr_par' dir='ltr' id='par_1_28' title="bbox 1944 4204 3516 4288">
     <span class='ocr_line' id='line_1_82' title="bbox 1944 4204 3516 4288; baseline 0.001 -23"><span class='ocrx_word' id='word_1_460' title='bbox 1944 4204 1993 4266; x_wconf 91' lang='lat' dir='ltr'>D</span> <span class='ocrx_word' id='word_1_461' title='bbox 2025 4205 2314 4280; x_wconf 89' lang='lat' dir='ltr'><strong>cretioni‚</strong></span> <span class='ocrx_word' id='word_1_462' title='bbox 2350 4206 2589 4268; x_wconf 90' lang='lat' dir='ltr'><strong>monita</strong></span> <span class='ocrx_word' id='word_1_463' title='bbox 2618 4224 2871 4288; x_wconf 90' lang='lat' dir='ltr'><strong>quoque</strong></span> <span class='ocrx_word' id='word_1_464' title='bbox 2902 4206 3169 4268; x_wconf 91' lang='lat' dir='ltr'><strong>senioris</strong></span> <span class='ocrx_word' id='word_1_465' title='bbox 3202 4205 3301 4267; x_wconf 92' lang='lat' dir='ltr'><strong>sui</strong></span> <span class='ocrx_word' id='word_1_466' title='bbox 3331 4204 3516 4267; x_wconf 89' lang='lat' dir='ltr'><strong>avide</strong></span> 
     </span>
    </p>
   </div>
   <div class='ocr_carea' id='block_1_28' title="bbox 2023 4303 3517 5372">
    <p class='ocr_par' dir='ltr' id='par_1_29' title="bbox 2023 4303 3517 5372">
     <span class='ocr_line' id='line_1_83' title="bbox 2023 4303 3517 4386; baseline 0.001 -23"><span class='ocrx_word' id='word_1_467' title='bbox 2023 4321 2096 4364; x_wconf 90' lang='lat' dir='ltr'><strong>ac</strong></span> <span class='ocrx_word' id='word_1_468' title='bbox 2135 4303 2409 4366; x_wconf 90' lang='lat' dir='ltr'><strong>libenter</strong></span> <span class='ocrx_word' id='word_1_469' title='bbox 2444 4304 2794 4382; x_wconf 83' lang='lat' dir='ltr'><strong>auscultet3</strong></span> <span class='ocrx_word' id='word_1_470' title='bbox 2836 4312 3081 4386; x_wconf 91' lang='lat' dir='ltr'><strong>quart0,</strong></span> <span class='ocrx_word' id='word_1_471' title='bbox 3114 4303 3167 4365; x_wconf 89' lang='lat' dir='ltr'><strong>si</strong></span> <span class='ocrx_word' id='word_1_472' title='bbox 3211 4304 3276 4366; x_wconf 91' lang='lat' dir='ltr'><strong>in</strong></span> <span class='ocrx_word' id='word_1_473' title='bbox 3316 4304 3517 4366; x_wconf 92' lang='lat' dir='ltr'><strong>omni-</strong></span> 
     </span>
     <span class='ocr_line' id='line_1_84' title="bbox 2024 4400 3517 4484; baseline 0.001 -22"><span class='ocrx_word' id='word_1_474' title='bbox 2024 4400 2144 4463; x_wconf 92' lang='lat' dir='ltr'><strong>bus</strong></span> <span class='ocrx_word' id='word_1_475' title='bbox 2194 4410 2401 4465; x_wconf 88' lang='lat' dir='ltr'><strong>servet</strong></span> <span class='ocrx_word' id='word_1_476' title='bbox 2448 4402 2897 4473; x_wconf 88' lang='lat' dir='ltr'><strong>obedientiam,</strong></span> <span class='ocrx_word' id='word_1_477' title='bbox 2953 4402 3311 4477; x_wconf 88' lang='lat' dir='ltr'><strong>mititatem,</strong></span> <span class='ocrx_word' id='word_1_478' title='bbox 3360 4403 3517 4484; x_wconf 84' lang='lat' dir='ltr'><strong>pati-</strong></span> 
     </span>
     <span class='ocr_line' id='line_1_85' title="bbox 2024 4500 3515 4582; baseline 0.001 -21"><span class='ocrx_word' id='word_1_479' title='bbox 2024 4500 2389 4581; x_wconf 86' lang='lat' dir='ltr'><strong>entiamque</strong></span> <span class='ocrx_word' id='word_1_480' title='bbox 2422 4507 2851 4578; x_wconf 85' lang='lat' dir='ltr'><strong>constantem3</strong></span> <span class='ocrx_word' id='word_1_481' title='bbox 2885 4500 3130 4582; x_wconf 84' lang='lat' dir='ltr'><strong>quinte,</strong></span> <span class='ocrx_word' id='word_1_482' title='bbox 3164 4500 3216 4563; x_wconf 90' lang='lat' dir='ltr'><strong>si</strong></span> <span class='ocrx_word' id='word_1_483' title='bbox 3257 4520 3385 4564; x_wconf 89' lang='lat' dir='ltr'><strong>non</strong></span> <span class='ocrx_word' id='word_1_484' title='bbox 3423 4518 3515 4563; x_wconf 90' lang='lat' dir='ltr'><strong>so-</strong></span> 
     </span>
     <span class='ocr_line' id='line_1_86' title="bbox 2025 4597 3515 4679; baseline 0.001 -20"><span class='ocrx_word' id='word_1_485' title='bbox 2025 4597 2159 4660; x_wconf 90' lang='lat' dir='ltr'><strong>lum</strong></span> <span class='ocrx_word' id='word_1_486' title='bbox 2218 4598 2379 4660; x_wconf 91' lang='lat' dir='ltr'><strong>nulli</strong></span> <span class='ocrx_word' id='word_1_487' title='bbox 2439 4600 2739 4679; x_wconf 77' lang='lat' dir='ltr'><strong>injuriam</strong></span> <span class='ocrx_word' id='word_1_488' title='bbox 2800 4599 3050 4673; x_wconf 86' lang='lat' dir='ltr'><strong>inferat,</strong></span> <span class='ocrx_word' id='word_1_489' title='bbox 3102 4600 3212 4663; x_wconf 92' lang='lat' dir='ltr'><strong>sed</strong></span> <span class='ocrx_word' id='word_1_490' title='bbox 3271 4608 3334 4662; x_wconf 88' lang='lat' dir='ltr'><strong>et</strong></span> <span class='ocrx_word' id='word_1_491' title='bbox 3392 4600 3515 4662; x_wconf 91' lang='lat' dir='ltr'><strong>sibi</strong></span> 
     </span>
     <span class='ocr_line' id='line_1_87' title="bbox 2024 4696 3513 4779; baseline 0.003 -22"><span class='ocrx_word' id='word_1_492' title='bbox 2024 4696 2265 4759; x_wconf 83' lang='lat' dir='ltr'><strong>illatam</strong></span> <span class='ocrx_word' id='word_1_493' title='bbox 2314 4697 2537 4759; x_wconf 86' lang='lat' dir='ltr'><strong>toleret</strong></span> <span class='ocrx_word' id='word_1_494' title='bbox 2576 4698 2817 4779; x_wconf 89' lang='lat' dir='ltr'><strong>absque</strong></span> <span class='ocrx_word' id='word_1_495' title='bbox 2861 4698 3117 4760; x_wconf 87' lang='lat' dir='ltr'><strong>tristitia</strong></span> <span class='ocrx_word' id='word_1_496' title='bbox 3158 4706 3221 4760; x_wconf 88' lang='lat' dir='ltr'><strong>et</strong></span> <span class='ocrx_word' id='word_1_497' title='bbox 3264 4699 3513 4778; x_wconf 84' lang='lat' dir='ltr'><strong>dolore3</strong></span> 
     </span>
     <span class='ocr_line' id='line_1_88' title="bbox 2025 4796 3516 4880; baseline 0.003 -23"><span class='ocrx_word' id='word_1_498' title='bbox 2025 4802 2224 4871; x_wconf 85' lang='lat' dir='ltr'><strong>sexte,</strong></span> <span class='ocrx_word' id='word_1_499' title='bbox 2256 4797 2311 4857; x_wconf 91' lang='lat' dir='ltr'><strong>si</strong></span> <span class='ocrx_word' id='word_1_500' title='bbox 2342 4796 2503 4859; x_wconf 92' lang='lat' dir='ltr'><strong>nihil</strong></span> <span class='ocrx_word' id='word_1_501' title='bbox 2534 4806 2673 4879; x_wconf 83' lang='lat' dir='ltr'><strong>agat</strong></span> <span class='ocrx_word' id='word_1_502' title='bbox 2703 4805 2810 4859; x_wconf 88' lang='lat' dir='ltr'><strong>aut</strong></span> <span class='ocrx_word' id='word_1_503' title='bbox 2842 4806 3204 4880; x_wconf 83' lang='lat' dir='ltr'><strong>praesumat‚</strong></span> <span class='ocrx_word' id='word_1_504' title='bbox 3237 4799 3313 4860; x_wconf 92' lang='lat' dir='ltr'><strong>ad</strong></span> <span class='ocrx_word' id='word_1_505' title='bbox 3346 4800 3516 4880; x_wconf 91' lang='lat' dir='ltr'><strong>quod</strong></span> 
     </span>
     <span class='ocr_line' id='line_1_89' title="bbox 2024 4890 3514 4978; baseline 0.003 -23"><span class='ocrx_word' id='word_1_506' title='bbox 2024 4911 2150 4956; x_wconf 92' lang='lat' dir='ltr'><strong>non</strong></span> <span class='ocrx_word' id='word_1_507' title='bbox 2192 4895 2478 4956; x_wconf 88' lang='lat' dir='ltr'><strong>hortetur</strong></span> <span class='ocrx_word' id='word_1_508' title='bbox 2516 4897 2875 4957; x_wconf 89' lang='lat' dir='ltr'><strong>communis</strong></span> <span class='ocrx_word' id='word_1_509' title='bbox 2920 4897 3136 4977; x_wconf 85' lang='lat' dir='ltr'><strong>regula</strong></span> <span class='ocrx_word' id='word_1_510' title='bbox 3164 4890 3280 4958; x_wconf 67' lang='lat' dir='ltr'><strong>&#39;aut</strong></span> <span class='ocrx_word' id='word_1_511' title='bbox 3322 4897 3514 4978; x_wconf 85' lang='lat' dir='ltr'><strong>majo-</strong></span> 
     </span>
     <span class='ocr_line' id='line_1_90' title="bbox 2024 4992 3513 5077; baseline 0.004 -25"><span class='ocrx_word' id='word_1_512' title='bbox 2024 5010 2167 5053; x_wconf 91' lang='lat' dir='ltr'><strong>rum</strong></span> <span class='ocrx_word' id='word_1_513' title='bbox 2208 4992 2533 5074; x_wconf 85' lang='lat' dir='ltr'><strong>exempla3</strong></span> <span class='ocrx_word' id='word_1_514' title='bbox 2566 4993 2859 5074; x_wconf 89' lang='lat' dir='ltr'><strong>septimo,</strong></span> <span class='ocrx_word' id='word_1_515' title='bbox 2893 4996 2944 5056; x_wconf 91' lang='lat' dir='ltr'><strong>si</strong></span> <span class='ocrx_word' id='word_1_516' title='bbox 2990 5014 3243 5077; x_wconf 92' lang='lat' dir='ltr'><strong>semper</strong></span> <span class='ocrx_word' id='word_1_517' title='bbox 3278 4996 3513 5058; x_wconf 90' lang='lat' dir='ltr'><strong>vilibus</strong></span> 
     </span>
     <span class='ocr_line' id='line_1_91' title="bbox 2023 5091 3511 5177; baseline 0.003 -24"><span class='ocrx_word' id='word_1_518' title='bbox 2023 5091 2107 5153; x_wconf 91' lang='lat' dir='ltr'><strong>sit</strong></span> <span class='ocrx_word' id='word_1_519' title='bbox 2145 5099 2500 5165; x_wconf 81' lang='lat' dir='ltr'><strong>contentuS,</strong></span> <span class='ocrx_word' id='word_1_520' title='bbox 2534 5094 2612 5155; x_wconf 96' lang='lat' dir='ltr'><strong>ad</strong></span> <span class='ocrx_word' id='word_1_521' title='bbox 2651 5094 2867 5156; x_wconf 88' lang='lat' dir='ltr'><strong>omnia</strong></span> <span class='ocrx_word' id='word_1_522' title='bbox 2910 5113 3163 5176; x_wconf 88' lang='lat' dir='ltr'><strong>quoque</strong></span> <span class='ocrx_word' id='word_1_523' title='bbox 3207 5115 3348 5177; x_wconf 89' lang='lat' dir='ltr'><strong>quae</strong></span> <span class='ocrx_word' id='word_1_524' title='bbox 3389 5095 3511 5158; x_wconf 89' lang='lat' dir='ltr'><strong>sibi</strong></span> 
     </span>
     <span class='ocr_line' id='line_1_92' title="bbox 2024 5189 3512 5275; baseline 0.003 -24"><span class='ocrx_word' id='word_1_525' title='bbox 2024 5189 2484 5271; x_wconf 62' lang='lat' dir='ltr'><strong>praecipiuntur</strong></span> <span class='ocrx_word' id='word_1_526' title='bbox 2519 5191 2901 5271; x_wconf 86' lang='lat' dir='ltr'><strong>judicaverit</strong></span> <span class='ocrx_word' id='word_1_527' title='bbox 2930 5211 2996 5255; x_wconf 90' lang='lat' dir='ltr'><strong>se</strong></span> <span class='ocrx_word' id='word_1_528' title='bbox 3029 5200 3329 5275; x_wconf 85' lang='lat' dir='ltr'><strong>tanquam</strong></span> <span class='ocrx_word' id='word_1_529' title='bbox 3369 5211 3512 5275; x_wconf 90' lang='lat' dir='ltr'><strong>ope-</strong></span> 
     </span>
     <span class='ocr_line' id='line_1_93' title="bbox 2023 5288 3510 5372; baseline 0.003 -23"><span class='ocrx_word' id='word_1_530' title='bbox 2023 5288 2262 5350; x_wconf 88' lang='lat' dir='ltr'><strong>rarium</strong></span> <span class='ocrx_word' id='word_1_531' title='bbox 2294 5288 2533 5351; x_wconf 91' lang='lat' dir='ltr'><strong>malum</strong></span> <span class='ocrx_word' id='word_1_532' title='bbox 2562 5297 2752 5372; x_wconf 89' lang='lat' dir='ltr'><strong>atque</strong></span> <span class='ocrx_word' id='word_1_533' title='bbox 2784 5290 3149 5372; x_wconf 87' lang='lat' dir='ltr'><strong>indignum;</strong></span> <span class='ocrx_word' id='word_1_534' title='bbox 3180 5299 3423 5367; x_wconf 90' lang='lat' dir='ltr'><strong>octavo,</strong></span> <span class='ocrx_word' id='word_1_535' title='bbox 3456 5292 3510 5355; x_wconf 92' lang='lat' dir='ltr'><strong>si</strong></span> 
     </span>
    </p>
   </div>
  </div>
 </body>
</html>
