4359 6267
900 482 1020 546 118

1780 502 1859 547 DE
1901 501 2230 547 msrrrm'ts
2273 501 2358 547 SS.
2393 501 2655 547 PATRUM.
2702 520 2782 529 —
2821 502 2998 549 LIBER
3037 503 3126 547 ΧΠ

898 669 1008 732 illa
1036 669 1380 751 prodierit3
1417 670 1759 733 doceamur
1790 669 1890 732 vel
1923 669 2155 733 Christi
2188 688 2396 731 exem·
2425 668 2476 733 A
2507 670 2624 733 sti?
2655 670 2719 733 Si
2749 681 2962 734 autem
2990 672 3318 755 accepisti,
3351 672 3505 754 quid
3533 671 3824 754 gloriaris
3856 690 4014 753 qua-

898 767 1028 849 plo,
1070 768 1171 831 vel
1221 786 1372 830 casu
1422 767 1680 841 diaboli,
1728 767 2003 849 qualiter
2051 767 2396 828 debeamus

896 863 1098 926 vitare
1129 865 1529 947 tyrannidem
1568 864 1885 948 superbiae
1922 872 2051 926 tam
2090 871 2391 926 atrocem.

1298 1156 1801 1220 CAPITULUM
1865 1158 1991 1223 IX.

1027 1330 1307 1399 Qualiter
1341 1335 1399 1386 et
1434 1346 1543 1386 nos
1580 1329 1933 1402 superbiam
1970 1346 2264 1402 superare

1483 1434 1806 1491 possemus.

1038 1650 1499 1725 EQUISSIMUM
1553 1651 1765 1730 itaque
1826 1650 2017 1711 istum
2078 1648 2394 1731 superbiae

1057 1750 1356 1830 laqueum
1393 1747 1657 1809 evadere
1698 1748 1785 1809 ita
1823 1748 2198 1829 poterimuS,
2233 1748 2283 1808 si
2329 1747 2393 1808 in

2506 769 2559 830 si
2605 788 2730 832 non
2773 769 3141 852 acceperis?

2905 1026 3410 1090 CAPITULUM
3471 1026 3593 1089 XI.

2503 1175 2863 1247 Exemplum
2899 1176 3162 1233 latronis
3194 1176 3290 1233 vel
3316 1177 3515 1233 saneti
3540 1176 3744 1231 David
3775 1177 3872 1233 vel
3899 1193 4008 1233 no-

2574 1272 2720 1322 stroe
2765 1266 3124 1329 vocationis,
3164 1266 3248 1322 ad
3291 1267 3406 1321 Dei
3441 1266 3712 1337 qratiam
3764 1265 4008 1322 demon-

2576 1355 2907 1412 strandum.

2627 1559 2855 1621 Ienim
2886 1560 3294 1621 recordemur
3334 1559 3516 1621 illum
3558 1560 3863 1623 latronem
3905 1561 4005 1622 in·
4066 1582 4274 1625 Luam.

2637 1657 2999 1717 troductum
3023 1656 3088 1717 in
3111 1656 3475 1738 paradisum
3497 1656 3580 1719 ob
3603 1676 3792 1718 unam
3816 1675 4002 1718 suam
4036 1648 4102 1694 ⁴²·
4123 1650 4184 1687 ⁴³·

2506 1754 2994 1828 confessionem,
3057 1754 3474 1835 intelligimus
3542 1774 3691 1817 eum
3757 1762 4004 1817 tantam

896 1846 1164 1927 singulis
1206 1844 1551 1907 virtutibus
1597 1844 1663 1905 in
1708 1844 1944 1927 quibus
1988 1862 2103 1907 nos
2147 1862 2397 1925 proces·
2429 1848 2476 1911 B
2507 1852 2964 1914 beatitudinem
3005 1861 3417 1915 consecutum
3458 1871 3584 1915 non
3631 1854 3856 1915 merito
3899 1852 4002 1914 sui

896 1945 1053 2007 sisse
1091 1941 1501 2015 senserimus,
1536 1961 1683 2004 cum
1719 1950 1937 2004 sancto
1967 1941 2267 2023 Apostolo
2302 1941 2394 2003 di-

632 2062 775 2109 teor.
796 2076 868 2113 xv,
896 2041 1177 2104 xer-imus
1203 2060 1216 2104 :
1246 2041 1382 2104 Non
1414 2057 1551 2121 eg0,
1587 2040 1698 2102 sed
1727 2040 1929 2120 gratia
1959 2040 2071 2102 Dei
2106 2057 2390 2117 mecum3

606 2130 829 2233 “aidem-
896 2148 979 2215 et,
1016 2139 1226 2202 Gratia
1255 2139 1366 2201 Dei
1407 2158 1551 2201 sum
1590 2139 1654 2200 id
1695 2139 1864 2219 quod
1904 2150 2089 2217 sum'3
2122 2146 2187 2201 et
2224 2138 2394 2219 quod

600 2252 803 2308 Philipp·
824 2266 869 2303 ιι,
898 2240 1131 2301 iterum
1158 2238 1285 2300 ait:
1321 2238 1487 2299 Deus
1514 2245 1611 2298 est
1639 2236 1749 2318 qui
1781 2244 2079 2317 operatur
2110 2237 2176 2299 in
2207 2235 2394 2298 nobis

606 2318 671 2357 ¹³·
898 2344 961 2399 et
1008 2336 1171 2399 velle
1221 2344 1284 2397 et
1333 2334 1643 2417 perficere
1696 2352 1809 2415 pro
1859 2334 2024 2397 bona
2070 2334 2394 2397 voluntate

618 2447 872 2498 Joanmv,
896 2435 1073 2513 (nam
1103 2442 1165 2496 et
1195 2441 1413 2496 auctor
1433 2440 1664 2496 nostrae
1694 2431 1916 2494 salutis
1947 2438 2250 2495 testatur:
2275 2430 2392 2504 Qui

604 2514 645 2554 ⁵·
900 2540 1114 2594 manet
1153 2532 1222 2594 in
1262 2550 1385 2605 me,
1418 2539 1478 2593 et
1519 2548 1635 2612 ego
1678 2530 1745 2591 in
1790 2529 1922 2603 illo,
1956 2530 2063 2591 hic
2101 2530 2226 2592 fert
2265 2528 2393 2590 fru-

898 2638 1071 2693 ctum
1108 2629 1414 2707 multum;
1448 2629 1599 2710 quia
1626 2629 1765 2690 sine
1796 2646 1898 2689 me
1931 2627 2093 2689 nihil
2125 2627 2391 2709 potestis

895 2730 1155 2809 facere);
1188 2747 1335 2790 cum
1366 2727 1695 2789 Psalmista
1727 2744 1982 2808 quoque
2013 2726 2388 2787 dixerimus:

624 2841 705 2883 1³⁸.
726 2853 867 2891 cxxvn.
896 2828 1029 2891 Nisi
1072 2827 1377 2889 Dominus
1417 2824 1831 2889 aedificaverit
1869 2825 2153 2898 domum,
2191 2824 2254 2886 in
2288 2843 2391 2886 va-

607 2906 707 2953 ¹’²'
896 2945 1052 2988 num
1086 2924 1525 2987 laboraverunt
1557 2922 1667 3005 qui
1699 2922 2020 2985 aedificant
2060 2939 2233 3001 eam3
2266 2921 2390 2984 nisi

2505 1968 2751 2024 cursus,
2784 1951 2894 2012 sed
2935 1951 3100 2012 dono
3139 1958 3198 2012 et
3239 1951 3440 2032 gratia
3471 1952 3581 2013 Dei
3615 1951 3999 2013 mise-remia.

2503 2048 2616 2110 Vel
2647 2049 2698 2111 si
2731 2048 3218 2111 reminiscamur
3257 2049 3384 2112 duo
3422 2058 3552 2111 tam
3589 2050 3806 2130 gravia
3843 2057 4007 2111 tam-

2503 2166 2628 2229 que
2687 2148 2992 2210 immania
3057 2147 3330 2209 crimina
3388 2148 3587 2209 David
3646 2147 3812 2229 regis
3870 2168 4006 2211 una

2503 2245 2901 2328 poenitudine
2941 2263 3078 2307 esse
3123 2244 3348 2319 deleta,
3383 2263 3508 2308 non
3552 2246 3846 2308 videmus
3890 2247 4002 2308 hic

2505 2343 2730 2405 merita
2771 2342 3104 2406 suffecisse
3152 2350 3257 2404 aut
3301 2343 3724 2425 aequiparasse
3767 2345 3844 2405 ad
3887 2344 4007 2407 ob-

2503 2442 2829 2503 tinendam
2887 2448 3206 2504 tantorum
3266 2442 3727 2523 indulgentiam
3786 2442 4003 2504 crimi-

2503 2558 2681 2614 num,
2704 2540 2814 2601 sed
2845 2538 3392 2621 superabundasse
3421 2539 3688 2620 gratiam
3720 2539 3853 2614 Dei,
3883 2541 4002 2622 qui
4296 2596 4297 2599 ,

2505 2644 2802 2718 percepta
2839 2637 3170 2699 occasione
3211 2636 3601 2718 poenitentiae
3629 2656 3816 2712 verae,
3855 2655 4007 2699 con·
4047 2658 4297 2713 namma

2502 2734 2776 2816 sumpsit
2835 2743 3073 2797 tantam
3122 2734 3422 2797 vitiorum
3484 2736 3816 2797 materiam
3874 2735 4002 2797 sub
4039 2724 4105 2764 ¹³·
4296 2738 4297 2741 ’

2502 2832 2691 2913 plena
2749 2833 2940 2895 unius
2998 2832 3180 2895 verbi
3248 2832 3664 2895 confessione.
3729 2835 4004 2916 Insuper

2502 2931 2973 2993 considerantes
3005 2931 3394 3014 principium
3427 2932 3774 2995 vocationis
3803 2950 3876 2995 ac
3909 2952 4006 2995 sa·

898 3024 1203 3086 Dominus
1242 3020 1614 3084 custodierit
1654 3019 1999 3091 civitatem,
2034 3020 2271 3082 frustra
2299 3020 2392 3081 vi·
2427 3027 2471 3090 G
2503 3028 2654 3090 lutis
2701 3030 3018 3103 humanae,
3062 3048 3188 3112 qua
3229 3030 3410 3109 juxta
3457 3030 3853 3111 Apostolum,
3895 3050 4005 3093 su-
4071 3042 4297 3125 epheta}

895 3121 1050 3202 gilat
1088 3120 1200 3202 qui
1233 3120 1508 3182 custodit
1546 3136 1687 3179 eam
1715 3134 1731 3194 ;
1766 3124 1848 3191 et,
1880 3118 2125 3179 Vanum
2158 3126 2256 3181 est
2284 3136 2390 3181 vo-

899 3218 997 3280 bis
1036 3229 1181 3281 ante
1222 3217 1431 3279 lucem
1475 3234 1751 3298 surgere.
1787 3216 1961 3279 Unde
1998 3216 2338 3297 Apostolus
2375 3235 2388 3278 :

602 3338 869 3389 nomano.
896 3317 1033 3379 Non
1072 3323 1189 3389 est,
1234 3314 1462 3396 inquit,
1499 3314 1768 3377 volentis
1804 3332 2013 3396 neque
2052 3314 2389 3388 currentis,

899 3413 1010 3476 sed
1054 3410 1415 3475 miserentis
1458 3411 1589 3473 Dei.

1320 3674 1824 3739 CAPITULUM
1889 3675 1976 3737 X.

899 3834 1069 3904 Quod
1095 3848 1262 3889 nemo
1293 3832 1493 3904 possit
1530 3830 1770 3887 viribus
1798 3832 2084 3903 propriis
2121 3831 2394 3887 obtinere

962 3923 1395 3996 perfectionem
1420 3922 1735 3984 virtutum,
1754 3926 1860 3976 aut
1881 3919 2240 3991 felicitatem
2253 3936 2398 3991 pro·-

968 4028 1230 4069 missam.

2504 3145 2647 3188 mus
2676 3126 2898 3189 salvati
2929 3144 3058 3189 non
3085 3146 3164 3189 ex
3194 3125 3379 3189 nobis
3408 3145 3616 3209 neque
3647 3147 3724 3190 ex
3763 3129 4005 3191 nostris
4039 3120 4140 3168 ⁸⁹⁹·

2501 3224 2825 3306 operibus,
2860 3225 2969 3287 sed
3001 3225 3167 3287 dono
3195 3243 3269 3287 ac
3297 3225 3498 3305 gratia
3529 3226 3861 3300 creatoris,
3897 3245 4009 3308 po-

2503 3322 2768 3384 terimus
2827 3321 2993 3383 clare
3061 3322 3388 3384 advertere
3456 3323 4006 3404 quemadmodum

2503 3417 2913 3501 perfectionis
2956 3426 3186 3482 nostrae
3234 3438 3485 3481 summa
3533 3438 3644 3482 seu
3692 3421 4009 3483 exsisten-
4296 3474 4297 3507 ἶ

2504 3517 2590 3578 tia
2637 3534 2763 3580 non
2813 3515 2896 3579 sit
2935 3516 3206 3579 volentis
3253 3535 3460 3598 neque
3508 3518 3846 3591 currentiS,
3889 3519 4006 3581 sed
4041 3538 4297 3595 iim-1³⁶4

2504 3614 2756 3678 Domini
2789 3613 3148 3676 miserentis
3178 3634 3191 3677 ε
3227 3615 3337 3695 qui
3371 3632 3484 3677 nos
3515 3613 3668 3676 facit
3697 3616 4009 3678 vitiorum
4296 3602 4297 3607 ἵ

2504 3720 2864 3775 nostrorum
2907 3730 3044 3774 esse
3086 3712 3382 3785 victoreS,
3430 3713 3659 3776 merito
3701 3712 4006 3775 laborum

2504 3818 2864 3873 nostrorum
2928 3809 3292 3872 nullatenus
3361 3819 3812 3893 compensante
3888 3820 4012 3872 aut

2503 3910 2833 3991 exigente3
2877 3918 3068 3991 atque
3120 3918 3244 3971 tam
3294 3910 3563 3971 arduum
3622 3910 4012 3991 integritatis

2505 4009 2761 4071 culmen
2792 4026 2906 4071 nos
2935 4007 3088 4069 facit
3117 4009 3479 4082 ascendere,
3510 4027 3697 4070 carne
3729 4027 3856 4090 qua
3887 4010 4017 4073 uti-

2505 4126 2651 4170 mur
2688 4106 3024 4187 subjugata
3062 4106 3340 4187 spiritui,
3375 4124 3776 4187 nequaquam
3817 4107 4018 4187 aequi-

1037 4206 1384 4271 OLUNTAS
1431 4208 1605 4268 enim
1654 4224 1767 4269 seu
1816 4206 2212 4269 conversatio
2256 4206 2396 4268 nul·
2427 4208 2476 4269 D
2507 4211 2766 4287 parante
2812 4212 2921 4266 aut
2967 4203 3157 4284 digne
3206 4209 3608 4284 promerente
3659 4203 3722 4264 id
3771 4211 4014 4268 nostrai

1057 4307 1201 4379 lius,
1245 4304 1537 4387 quamvis
1585 4304 1840 4367 fervens
1879 4311 1943 4367 et
1983 4304 2251 4385 cupiens
2289 4304 2394 4378 sit,

901 4412 1108 4488 potest
1137 4422 1277 4465 esse
1309 4404 1395 4464 ita
1425 4402 1669 4475 idonea,
1698 4410 1767 4463 ut
1798 4402 1933 4483 ipse
1965 4402 2398 4464 circumdatus

902 4521 1089 4565 carne
1120 4500 1374 4584 spiritui
1406 4507 1819 4581 repugnante,
1858 4499 2054 4581 possit
2086 4499 2396 4580 attingere

900 4608 1147 4663 tantum
1197 4599 1452 4661 culmen
1502 4605 1611 4659 aut
1670 4597 2003 4678 praemium
2063 4597 2398 4679 perfectio-

902 4698 1025 4771 niS,
1058 4705 1167 4759 aut
1197 4695 1474 4777 palmam
1506 4694 1887 4775 integritatis
1918 4713 2031 4757 seu
2065 4694 2395 4775 puritatis3

902 4795 1027 4859 nisi
1059 4794 1252 4857 fuerit
1280 4791 1497 4855 divina
1528 4792 1931 4854 miseratione
1962 4799 2306 4873 protectuS‚
2332 4798 2400 4853 ut

905 4894 1237 4977 pervenire
1270 4898 1587 4953 mereatur
1613 4891 1692 4952 ad
1722 4890 1787 4951 id
1817 4890 1987 4972 quod
2019 4908 2398 4971 magnopere

607 5013 759 5059 Jacob.
776 5016 876 5065 1,17.
903 4992 1063 5066 vult,
1087 5000 1275 5075 atque
1306 4990 1385 5053 ad
1416 4991 1586 5071 quod
1617 4990 1835 5051 currit.
1861 4989 2059 5052 Omne
2089 4990 2266 5051 enim
2298 4990 2401 5051 da-

908 5097 1042 5152 tum
1072 5090 1411 5172 optimum,
1444 5097 1505 5150 et
1536 5106 1725 5151 omne
1765 5088 2003 5150 donum
2044 5086 2400 5169 perfectum

907 5188 1243 5250 desursum
1290 5195 1407 5261 est,
1460 5187 1852 5249 descendens
1899 5205 1936 5248 a
1981 5187 2157 5248 Patre
2217 5184 2402 5247 lumi-

609 5307 879 5359 lconwa.
908 5305 1084 5349 num.
1118 5286 1279 5361 Quid
1316 5285 1493 5348 enim
1535 5285 1729 5347 habes
1773 5283 1943 5366 quod
1987 5301 2113 5347 non
2154 5283 2402 5366 accepi-

2509 4303 2849 4365 voluntatis
2909 4301 3236 4363 industria.
3290 4301 3475 4363 Nulla
3521 4300 3838 4381 siquidem
3889 4301 4016 4363 hu-

2505 4400 2610 4481 jus
2648 4400 2932 4481 corporis
2973 4397 3264 4471 afflictio,
3301 4398 3475 4460 nulla
3518 4399 3726 4460 cordis
3776 4400 4016 4461 contri-

2509 4499 2598 4562 tio
2647 4507 2852 4581 potest
2901 4518 3039 4561 esse
3092 4499 3404 4580 condigna
3460 4498 3539 4560 ad
3590 4497 4010 4561 obtinendam

2508 4616 2724 4661 veram
2757 4598 2929 4659 illam
2962 4596 3281 4659 interioris
3310 4596 3590 4659 hominis
3621 4598 4007 4673 castitatem,

2511 4704 2581 4757 ut
2622 4695 2822 4758 valeat
2870 4696 3060 4757 homo
3101 4696 3272 4757 nudo
3315 4693 3528 4757 labore
3571 4695 3874 4769 humano,
3919 4696 4012 4757 si-

2510 4812 2590 4856 ne
2631 4793 2743 4856 Dei
2782 4794 3119 4873 adjutorio,
3151 4793 3439 4855 obtinere
3477 4800 3668 4856 tantae
3709 4793 4011 4875 puritatis

2509 4892 2813 4954 virtutem
2856 4892 3098 4972 angelis
3141 4891 3293 4953 solis
3336 4890 3706 4972 ingenitam,
3740 4910 3814 4953 ac
3857 4892 4010 4954 coeli

2511 4990 2916 5053 vernaculam
2974 5008 3087 5051 seu
3144 4988 3585 5051 habitatricem
3639 5006 3652 5051 ε
3705 4989 3856 5070 quia
3911 4998 4010 5052 to-

2514 5089 2640 5151 tius
2683 5088 2834 5150 boni
2877 5087 3148 5149 effectus
3190 5085 3272 5148 ab
3314 5086 3455 5167 ejus
3500 5086 3768 5168 profluit
3803 5088 4012 5167 gratia

2513 5186 2625 5268 qui
2659 5192 2897 5248 tantam
2935 5185 3306 5248 aeternitatis
3345 5184 3828 5258 beatitudinem,
3871 5186 4010 5266 glo-

2515 5284 2802 5366 riamque
2850 5283 3228 5346 immensam
3273 5282 3566 5366 promisit
3609 5300 3683 5345 ac
3729 5283 4010 5346 contulit
