4359 6267
661 3549 833 3592 Habac.
855 3561 899 3597 n,

639 3616 705 3664 ¹5,
729 3615 794 3655 ¹6.

676 4041 772 4084 lor.
790 4053 846 4092 ix,
859 4043 899 4090 4,

637 4108 678 4156 5,
700 4109 737 4147 3.

642 5029 724 5072 Pe.
747 5042 826 5081 ιιν,
841 5031 909 5073 22.

658 5207 912 5258 Protuxxvi,

645 5271 714 5320 22,
738 5271 864 5325 juxta

649 5331 766 5375 Lxx.

905 489 1025 554 326
1592 505 2008 553 coLLA‘rtoni
2051 505 2135 550 ss.
2170 504 2413 548 rammi
2454 502 2628 548 mnan
2670 503 2731 548 n.
2778 521 2859 530 -—
2898 503 3185 548 conta-rio
3226 503 3331 547 xvi

907 677 1106 740 nostri
1145 681 1408 739 examen
1449 674 1744 737 discutiet
1784 691 1911 736 non
1951 672 2156 735 solum
2199 671 2401 753 quali·
2432 671 2483 733 A
2514 671 2779 733 neti-alia
2828 672 3087 734 ventris.
3143 671 3386 745 Quibus
3434 677 3738 732 consonat
3786 668 3945 731 illud
3988 685 4002 730 :

906 783 1002 837 ter
1046 775 1332 856 jurgium
1391 773 1585 837 fuerit
1640 771 2006 845 excitatum,
2059 771 2168 833 sed
2218 771 2403 850 cujus
2513 770 2580 830 In
2617 788 2725 832 ore
2760 789 2981 852 pacem
3023 790 3167 832 cum
3209 771 3418 832 amico
3457 787 3571 832 suo
3614 769 3913 850 loquitur,
3946 775 4005 828 et
4044 782 4229 830 zeum.
4264 783 4266 848 3

905 874 1214 956 pravitate
1253 873 1602 935 exarserit:
1636 871 1907 933 affectus
1947 870 2117 932 enim
2159 869 2401 950 peccati
2513 868 2759 930 occulte
2801 870 2983 951 ponit·
3029 871 3087 932 ei
3132 870 3415 932 insidias,
3459 869 3572 930 Per
3607 887 3749 950 quae
3796 875 4003 928 tamen
4264 855 4266 874 '

906 973 1270 1054 pensandus
1318 979 1435 1042 est,
1484 989 1609 1033 non
1657 969 1866 1032 solum
1915 968 2069 1030 ordo
2117 967 2399 1030 admissi.
2517 967 2653 1049 ipse
2683 967 2795 1050 qui
2826 969 3063 1050 decipit
3098 968 3297 1049 magis
3338 967 3862 1048 decipiturznam
3896 965 4003 1046 qui
4042 982 4243 1052 Prqmn.

905 1071 1066 1143 Quid
1115 1070 1352 1132 etenim
1404 1068 1623 1131 differt
1671 1087 1750 1129 an
1799 1066 1946 1148 quis
1997 1066 2257 1128 fratrem
2307 1083 2408 1126 oc-
2518 1074 2822 1148 praeparat
2862 1075 3009 1129 ante
3048 1066 3278 1128 faciem
3322 1065 3509 1128 amici
3556 1065 3653 1126 sui
3700 1072 3852 1135 rete,
3894 1047 4197 1148 cir-{331³}¹¹²²

907 1169 1134 1230 ciderit
1171 1168 1402 1248 gladio,
1439 1186 1519 1228 an
1561 1167 1774 1247 aliqua
1813 1165 2034 1226 fraude
2078 1162 2408 1245 impulerit
2516 1165 2773 1228 cumdat
2817 1165 2974 1227 illud
3020 1165 3290 1247 pedibus
3342 1165 3475 1227 suis
3510 1182 3526 1239 3
3570 1171 3633 1226 et
3686 1163 3794 1245 qui
3852 1161 4001 1225 fodit
4053 1186 4245 1230 msam„

906 1285 1054 1329 eum
1085 1267 1160 1328 ad
1196 1275 1486 1338 mortem,
1523 1283 1721 1346 quum
1760 1271 2005 1326 constet
2043 1263 2227 1323 illum
2268 1279 2405 1322 esse
2519 1265 2809 1346 proximo
2839 1283 2954 1326 suo
2984 1263 3257 1334 foveam,
3292 1264 3527 1325 incidet
3563 1263 3627 1324 in
3658 1281 3817 1325 eam.
3852 1254 4223 1356 Prae·{⁷,i·x.1¹²¹²¹

908 1365 1294 1428 exstinctum
1327 1363 1548 1426 fraude
1579 1381 1653 1424 ae
1683 1361 1952 1423 erimine
1984 1360 2223 1441 hujus?
2254 1359 2409 1432 Qua·
2518 1371 2689 1424 terea
2713 1381 2913 1443 quum
2942 1381 3167 1442 magna
3198 1361 3540 1423 multitudo
3562 1359 3837 1422 venisset
3862 1379 4004 1420 eum
4062 1347 4217 1419 'aaut

909 1465 963 1526 si
995 1481 1121 1527 non
1159 1463 1442 1525 sufficiat
1481 1461 1824 1544 impegisse
1866 1479 2105 1522 eaecum
2146 1459 2211 1520 in
2258 1477 2409 1539 prae-
2518 1458 2743 1540 gladiis
2769 1467 2828 1521 et
2855 1459 3132 1521 fustibus
3158 1460 3234 1521 ad
3266 1458 3646 1541 capiendum
3674 1457 4004 1529 Christum,
4032 1455 4131 1484 ω’·
4156 1445 4207 1482 ⁵⁵·
4267 1520 4268 1532 ¹

911 1581 1061 1644 ceps
1109 1561 1363 1643 propria
1409 1579 1623 1633 manu,
1672 1577 1871 1640 quum
1917 1558 2214 1620 similiter
2262 1575 2407 1618 reus
2522 1575 2710 1620 nemo
2752 1556 2872 1619 fuit
2914 1557 3237 1619 cruentior
3277 1555 3591 1638 parricida
3628 1555 3693 1617 in
3727 1557 3873 1618 vitae
3906 1573 4008 1616 no-

911 1660 994 1723 sit
1042 1660 1153 1741 qui
1213 1677 1339 1722 non
1399 1657 1718 1720 revocavit
1778 1656 1960 1717 illum
2015 1655 2147 1736 jam
2210 1653 2409 1716 foveae
2521 1663 2665 1718 strae
2708 1665 3056 1730 auctorem,
3096 1656 3204 1718 illo
3247 1655 3359 1737 qui
3405 1663 3669 1718 cunctos
3712 1653 4009 1736 praeveni-

913 1757 1377 1829 imminentem,
1411 1775 1610 1838 quum
1653 1755 1892 1837 potuit3
1934 1763 2042 1815 aut
2083 1753 2191 1815 ille
2236 1752 2409 1814 solus
2520 1774 2657 1828 ens,
2691 1755 2846 1817 ficto
2876 1755 3273 1818 salutationis
3312 1755 3549 1817 honore
3590 1753 3882 1816 exhibuit
3919 1771 4009 1814 os-

913 1858 978 1919 in
1029 1856 1296 1918 crimine
1341 1855 1424 1916 sit
1467 1856 1574 1936 qui
1627 1873 1815 1914 manu
1863 1872 1975 1914 sua
2022 1851 2410 1932 laqueaverit
2449 1856 2494 1918 B
2526 1855 2740 1916 culum
2786 1854 3068 1915 simulati
3110 1853 3365 1915 amoriS.
3416 1852 3525 1914 Cui
3576 1859 3729 1913 tune
3771 1852 4007 1913 dixerat

910 1955 1301 2037 quempiam,
1343 1963 1404 2014 et
1445 1971 1570 2015 non
1611 1953 1803 2013 etiam
1845 1951 1899 2012 is
1943 1951 2052 2032 qui
2095 1949 2412 2032 paraverit
2524 1953 2829 2015 Dominus
2872 1971 2885 2013 ε
2926 1953 3105 2024 Iuda,
3165 1951 3386 2014 osculo
3446 1951 3678 2013 Filium
3736 1949 4008 2012 hominis
4068 1965 4143 2006 Luc
4172 1979 4247 2007 m,

912 2055 1323 2135 ingesseritve
1356 2052 1677 2134 laqueum,
1711 2058 1819 2112 aut
1850 2050 2099 2112 auferre
2130 2057 2411 2111 contem-
2525 2051 2763 2114 tradis?
2794 2051 2857 2113 id
2892 2059 3011 2124 est,
3048 2050 3403 2112 amaritudo
3443 2049 3901 2131 persecutionis
3938 2066 4006 2108 ac
4033 2031 4091 2069 ⁴⁸·

912 2153 1131 2233 pserit‚
1178 2169 1378 2234 quum
1426 2150 1724 2231 potuerit.
2522 2150 2651 2212 odii
2692 2150 2780 2212 tui
2824 2151 2943 2212 hoe
2985 2149 3333 2230 assumpsit
3370 2149 3660 2211 velamen
3705 2165 3833 2229 quo
3878 2147 4009 2208 dul-

994 2251 1095 2312 Sic
1141 2267 1291 2330 ergo
1341 2249 1430 2311 nil
1482 2247 1738 2330 prodest
1788 2255 2016 2320 tacere,
2064 2247 2114 2308 si
2169 2246 2411 2308 idcireo
2524 2249 2678 2310 cedo
2708 2267 2871 2310 verae
2901 2247 3261 2309 dilectionis
3291 2247 3691 2309 ostenditur?
3721 2245 4008 2328 Apertius

913 2357 1190 2411 tacemus
1225 2355 1290 2408 ut
1322 2345 1749 2407 taciturnitate
1780 2363 2034 2426 agamus
2067 2345 2231 2425 quod
2265 2362 2411 2406 con·
2523 2363 2778 2428 quoque
2808 2355 2869 2408 et
2898 2345 3341 2408 vehementius
3372 2352 3707 2425 exaggerat
3736 2344 3867 2406 vim
3898 2344 4007 2404 hu-

915 2446 1071 2509 vitio
1110 2444 1253 2507 fieri
1290 2444 1518 2527 quivit,
1561 2443 1921 2504 simulando
1959 2443 2268 2524 quosdam
2309 2460 2411 2521 ge·
2518 2443 2625 2524 jus
2656 2445 2911 2517 doloriS‚
2944 2463 3231 2507 asserens
3263 2462 3377 2525 per
3406 2443 3801 2505 Psalmistam
3826 2462 3841 2505 ε
3864 2442 4011 2514 Quo-
4050 2453 4247 2497 Pam-¹³-

916 2553 1051 2606 stus
1113 2543 1348 2625 quibus
1397 2541 1870 2603 vehementiore
1933 2539 2264 2602 iracundia
2318 2539 2413 2600 in·
2523 2543 2694 2605 niam
2725 2543 2776 2605 si
2812 2543 3110 2605 inimicus
3153 2563 3331 2605 meus
3370 2543 3794 2604 maledixisset
3832 2540 4004 2604 mihi.
4038 2519 4091 2557 '⁵'

915 2642 1221 2715 ardescat,
1253 2659 1444 2723 quem
1485 2638 1816 2722 oportebat
1855 2639 2095 2716 curari3
2127 2645 2191 2699 et
2222 2656 2415 2718 super
2524 2642 2971 2703 sustinuissem
3024 2642 3265 2723 utique,
3317 2650 3379 2703 et
3426 2642 3476 2702 si
3532 2641 3584 2702 is
3636 2641 3749 2722 qui
3800 2641 4005 2702 oderat

915 2741 1131 2803 omnia
1175 2741 1308 2802 haee
1352 2757 1466 2800 nos
1517 2738 1842 2799 laudemur
1885 2738 2117 2798 damno
2164 2744 2228 2797 et.
2279 2753 2417 2816 per·
2526 2759 2649 2812 me,
2684 2759 2875 2822 super
2909 2759 3011 2802 me
3053 2759 3279 2822 magna
3314 2741 3561 2802 locutus
3600 2738 3845 2808 fuisset,
3876 2739 4009 2801 abs-

915 2841 1156 2902 ditione
1208 2837 1379 2899 illius
1420 2855 1433 2898 :
1471 2835 1651 2919 quasi
1704 2836 1849 2917 quis
1898 2854 2024 2897 non
2074 2835 2156 2896 sit
2207 2833 2417 2896 crimi-
2524 2839 2882 2901 condissem
2922 2858 3023 2900 me
3066 2839 3286 2920 utique
3324 2838 3404 2900 ab
3448 2856 3559 2916 eo;
3594 2846 3661 2899 tu
3706 2856 3875 2911 vero,
3910 2837 4010 2898 ho-

917 2938 1130 3001 nosior
1168 2956 1246 2998 ex
1287 2938 1406 2998 hoc
1449 2935 1588 3017 ipso
1627 2934 1796 3016 quod
1837 2933 2110 2996 voluerit
2151 2932 2273 2995 sibi
2315 2951 2415 2994 ac·
2530 2956 2632 3000 mo
2679 2937 3021 3010 unanimis,
3062 2937 3189 2998 dux
3242 2955 3421 2998 meus
3464 2944 3527 2998 et
3576 2945 3764 2999 notus
3818 2955 4007 3006 mem,

918 3037 1172 3119 quiret-e
1203 3035 1467 3116 gloriam
1501 3034 1579 3095 de
1617 3032 1829 3094 fratris
1873 3031 2247 3113 perditione.
2284 3031 2418 3095 Imo
2452 3041 2495 3104 C
2526 3037 2633 3118 qui
2678 3034 2865 3097 simul
2915 3053 3165 3097 mecum
3211 3035 3431 3097 dulces
3474 3033 3770 3116 capiebas
3820 3033 4012 3106 cibos,

919 3136 1042 3198 tale
1083 3133 1410 3197 silentium
1450 3132 1571 3194 erit
1609 3129 1922 3192 ambobus
1951 3130 2279 3211 aequaliter
2310 3147 2417 3192 no·
2531 3135 2594 3196 in
2626 3135 2815 3196 domo
2846 3133 2953 3196 Dei
2989 3133 3461 3196 ambulavimus
3500 3151 3647 3194 cum
3685 3150 4013 3195 consensu,

921 3234 1097 3296 xium
1141 3250 1155 3293 :
1199 3230 1501 3313 quoniam
1547 3229 1708 3291 sicut
1755 3236 1939 3309 auget
1984 3227 2307 3288 tristitiam
2352 3227 2417 3288 in

924 3332 1110 3394 eorde
1153 3329 1436 3401 alteriuS‚
1481 3328 1566 3389 ita
1609 3346 1734 3389 non
1781 3325 2093 3408 permittit
2133 3345 2275 3388 eam
2318 3345 2422 3388 ex·

925 3429 1163 3512 stingui
1195 3429 1262 3490 in
1293 3445 1426 3489 su0.
1463 3426 1690 3489 Contra
1720 3444 1879 3507 quos
1913 3424 2278 3486 maledictio
2316 3425 2419 3486 illa
2901 3386 3405 3451 CAPITULUM
3466 3389 3656 3451 XIX·

927 3528 1252 3610 Prophetae
1300 3525 1452 3586 satis
1500 3523 1755 3606 proprie
1813 3531 1904 3584 est
1960 3522 2202 3584 directa
2252 3543 2265 3585 ε
2320 3523 2422 3585 Vae
2656 3528 2741 3582 De
2770 3527 2853 3580 iis
2882 3527 2993 3598 qui
3020 3543 3100 3582 ea:
3129 3527 3560 3598 indiqnatione
3578 3527 3897 3599 jejunant.

928 3627 1038 3709 qui
1072 3631 1240 3708 potat
1273 3624 1554 3686 amicum
1585 3641 1772 3684 suum
1805 3620 2062 3683 mittens
2095 3620 2178 3682 fel
2212 3641 2419 3694 suum,

929 3734 991 3788 et
1033 3724 1354 3786 inebrians
1393 3730 1463 3783 ut
1505 3720 1814 3803 adspiciat
1860 3719 2213 3781 nuditatem
2257 3719 2419 3799 ejus,
2674 3722 2852 3785 LlUD
2892 3743 3110 3785 rursus
3148 3733 3240 3786 est
3282 3742 3483 3806 genus
3524 3725 3797 3788 tristitiae
3837 3724 4023 3808 pessi-

930 3825 1209 3907 repletus
1256 3829 1352 3884 est
1399 3819 1750 3901 ignominia
1797 3837 1912 3900 pro
1960 3818 2212 3899 gloria3
2265 3818 2423 3880 illud
2700 3840 2877 3883 inum
2920 3829 2982 3884 et
3033 3821 3394 3903 profanum,
3438 3823 3606 3905 quod
3659 3824 4019 3887 recitatione

929 3942 1184 4006 quoque
1242 3921 1412 4002 quod
1472 3919 1627 3981 alibi
1686 3919 1763 3980 de
1823 3917 2055 3979 talibus
2115 3917 2353 3978 dicitur
2407 3934 2420 3979 :
2537 3919 2870 4000 indignum
2926 3921 3319 3995 consisteret,
3374 3921 3497 3983 nisi
3556 3941 3593 3984 a
3644 3922 4021 4004 quibusdam

931 4021 1148 4085 Omnis
1188 4021 1382 4082 frater
1413 4018 1829 4100 supplantans
1871 4015 2328 4097 supplantabit,
2362 4023 2425 4078 et
2535 4018 2858 4080 Fratribus
2901 4019 3343 4081 admitteretur
3382 4036 3396 4081 :
3444 4021 3553 4102 qui
3597 4022 3750 4082 dum
3802 4021 4025 4083 contri-

929 4121 1138 4184 omnis
1171 4119 1417 4181 amicus
1450 4116 1888 4178 fraudulenter
1923 4114 2194 4189 incedet,
2234 4123 2295 4176 et
2329 4115 2428 4176 vir
2536 4117 2679 4178 stati
2717 4116 2955 4179 fuerint
2995 4125 3101 4179 aut
3149 4117 3313 4190 irati,
3356 4137 3393 4180 a
3432 4118 3580 4182 cibo
3624 4120 4024 4202 pertinaciter

927 4219 1190 4282 fratrem
1235 4236 1424 4280 suum
1466 4214 1802 4286 deridebit,
1849 4221 1910 4274 et
1956 4232 2080 4275 non
2128 4214 2426 4294 loquetur
2458 4223 2506 4284 D
2536 4214 2878 4288 abstinent,
2934 4215 3017 4277 ita
3067 4224 3135 4277 ut
3183 4215 3381 4297 (quod
3431 4217 3641 4279 dicere
3692 4236 3817 4281 non
3867 4219 4025 4279 vale-

930 4320 1298 4393 veritatem3
1331 4315 1750 4377 extenderunt
1787 4313 1959 4373 enim
2001 4312 2283 4393 linguam
2324 4332 2426 4373 su-
2541 4333 2681 4375 mus
2715 4313 2955 4395 absque
2993 4314 3259 4396 pudore)
3293 4315 3358 4376 hi
3394 4316 3503 4396 qui
3539 4315 3761 4377 dicunt
3800 4335 3867 4378 se
3906 4333 4023 4379 non

930 4437 1034 4481 am
1072 4415 1252 4498 quasi
1297 4433 1516 4476 arcum
1563 4411 1877 4473 mendacii
1922 4417 1984 4471 et
2029 4430 2155 4473 non
2200 4411 2427 4473 verita·
2540 4431 2724 4493 posse
2775 4411 3186 4475 refectionem
3238 4412 3501 4475 differre
3549 4433 3753 4495 usque
3800 4414 3878 4476 ad
3930 4415 4027 4475 ho-

931 4517 1031 4578 tis,
1088 4514 1370 4594 Denique
1426 4511 1580 4572 ficta
1639 4509 1944 4592 patientia
2005 4529 2170 4591 saepe
2228 4509 2427 4590 magis
2540 4528 2673 4570 ram
2714 4517 2957 4572 sextam
2996 4519 3106 4572 aut
3143 4529 3399 4583 nonam,
3423 4512 3678 4592 quando
3710 4511 4025 4595 tranquilli

930 4613 1222 4676 accendit
1257 4628 1448 4692 quam
1489 4626 1720 4680 sermo,
1753 4615 1816 4670 et
1859 4607 2134 4688 maligna
2177 4606 2431 4668 tacitur-
2541 4615 2709 4681 sunt,
2740 4607 2988 4688 jejunia
3032 4607 3309 4671 biduana
3350 4628 3475 4672 non
3518 4610 3793 4673 sentiant
3832 4629 4025 4692 quum

934 4714 1098 4775 nitas
1139 4716 1390 4791 superat
1433 4706 1860 4769 atrocissimas
1893 4705 2233 4767 verborum
2266 4705 2430 4786 inju-
2542 4706 2779 4768 fuerint
2818 4705 3043 4788 repleti
3083 4707 3339 4769 tristitia
3376 4716 3485 4769 aut
3524 4706 3761 4780 furore,
3800 4717 3864 4771 et
3901 4717 4026 4772 tan-

936 4813 1103 4888 rias;
1145 4808 1473 4889 leviusque
1515 4805 1806 4866 feruntur
1847 4803 2123 4866 hostium
2167 4804 2431 4866 vulnera
2542 4813 2670 4867 tam
2734 4805 2957 4868 inediae
3016 4805 3438 4868 defectionem
3499 4815 3857 4871 sustentent
3917 4809 4029 4870 ira-

936 4928 1128 4993 quam
1187 4907 1452 4972 subdola
1508 4903 1911 4966 irridentium
1973 4901 2425 4964 blandimenta.
2543 4903 2790 4966 cundiae
2833 4903 3137 4967 satietate.
3180 4905 3245 4966 ln
3290 4923 3417 4986 quo
3459 4905 3789 4968 evidenter
3831 4907 4031 4968 incur-

937 5011 1027 5073 De
1074 5007 1309 5091 quibus
1360 5005 1594 5066 dicitur
1644 5021 1756 5085 per
1803 5002 2179 5083 Prophetam
2225 5019 2237 5061 :
2284 5001 2431 5064 Mol·
2544 5009 2693 5062 runt
2721 5001 3032 5080 sacrilegii
3067 5001 3331 5075 crimen,
3366 5001 3692 5065 tolerando
3724 5003 4028 5066 diabolica

941 5110 1036 5171 liti
1086 5115 1234 5170 sunt
1282 5121 1606 5166 sermones
1653 5100 1793 5181 ejus
1843 5118 2034 5180 super
2083 5099 2319 5172 oleum,
2370 5107 2433 5161 et
2544 5099 2815 5160 elatione
2872 5097 3121 5178 jejunia
3180 5099 3294 5161 soli
3350 5099 3477 5162 Deo
3534 5098 3865 5162 offerenda
3922 5119 4029 5183 pro

942 5208 1061 5291 ipsi
1097 5213 1246 5268 sunt
1273 5203 1520 5285 jacula3
1553 5199 1706 5262 alibi
1750 5217 2006 5280 quoque
2037 5197 2283 5260 :Verba
2315 5198 2435 5260 cal·
2546 5197 2755 5258 cordis
2814 5197 3255 5258 humiliatione
3306 5198 3810 5280 purgationeque
3856 5199 4031 5262 vitio-

943 5307 1219 5369 lidorum
1260 5301 1498 5376 mollia,
1529 5308 1590 5361 et
1631 5298 1769 5380 ipsa
1807 5297 2191 5379 perveniunt
2227 5297 2290 5359 in
2332 5315 2436 5379 pe-
2549 5314 2711 5358 rum.
2755 5296 2930 5369 Quod
2970 5295 3092 5358 tale
3130 5305 3224 5358 est
3265 5297 3445 5377 quasi
3486 5298 3805 5362 orationes
3842 5307 3903 5362 et
3938 5318 4026 5360 sa-
