4359 6267
1297 491 1376 537 DE
1417 492 1746 539 INSTITUTIS
1790 491 1877 536 SS·
1911 488 2174 537 PATRUM.
2220 508 2301 519 -
2340 491 2515 537 LIBER
2554 492 2593 536 V
3410 474 3493 538 55

788 709 1296 774 CAPITULUM
1363 711 1484 774 111.

423 916 430 923 ,
510 854 682 922 Quod
703 856 909 926 primo
938 856 1022 909 sit
1049 855 1226 912 nobis
1247 872 1462 927 pugna
1491 856 1778 911 adversus

767 946 1316 1017 concupiscentiam
1345 944 1524 1015 μαῖα».

467 1140 718 1213 TAQUE
764 1140 976 1222 primo
1024 1158 1138 1203 nos
1187 1148 1436 1222 oportet
1484 1140 1650 1201 inire
1699 1144 1894 1200 certa-

491 1255 638 1299 men
680 1246 899 1300 contra
940 1238 1104 1318 gulae
1148 1237 1755 1321 concupiscentiam.
1790 1234 1894 1296 At-

379 1353 522 1416 que
553 1334 615 1397 in
647 1335 873 1417 primis
903 1336 1136 1398 dicturi
1168 1336 1245 1398 de
1277 1336 1465 1399 modo
1492 1334 1890 1416 jejuniorum

381 1440 458 1493 et
504 1432 808 1514 qualitate
856 1452 1167 1508 escarum,
1216 1453 1434 1496 rursus
1485 1451 1888 1495 recurremus

381 1530 474 1591 ad
525 1529 893 1593 traditiones
936 1540 1000 1594 et
1043 1539 1275 1594 statuta
1318 1531 1779 1613 AEgyptiorum,
1826 1530 1892 1590 in

383 1627 632 1707 quibus
662 1647 800 1691 esse
839 1629 1280 1692 sublimiorem
1321 1628 1730 1691 continentiae
1770 1628 1893 1689 dis-

385 1724 702 1806 ciplinam
750 1726 1224 1807 perfectamque
1266 1725 1669 1789 discretionis
1710 1725 1893 1786 ratio-

385 1840 546 1883 nem
589 1824 804 1887 nullus
848 1826 1110 1907 ignorat.

804 2087 1310 2151 CAPITULUM
1375 2087 1488 2150 IV.

388 2246 830 2301 Testimonium
895 2244 1140 2300 abbatis
1201 2245 1481 2307 Antonii,
1544 2222 1661 2317 qno
1725 2243 1892 2300 docet

463 2351 947 2407 unamquamque
984 2336 1268 2389 virtutem
1303 2349 1427 2389 esse
1464 2335 1896 2390 addiscendam

469 2424 548 2479 ab
578 2424 688 2479 illo
717 2425 828 2496 qui
864 2440 996 2479 eam
1028 2424 1360 2496 specialius
1393 2440 1464 2479 ac
1499 2424 1894 2480 excellentius

460 2513 752 2585 possidet.

533 2711 728 2773 ETUS
747 2727 1024 2792 namque
1043 2707 1560 2789 admirabilisque
1583 2707 1896 2769 sententia

549 2815 646 2869 est
693 2808 943 2870 abbatis
992 2806 1272 2881 Antonii,
1324 2806 1494 2888 quod
1545 2804 1892 2867 monachus

387 2905 508 2986 qui
568 2912 712 2987 post
770 2905 1253 2968 conversionem
1310 2912 1374 2967 et
1431 2902 1890 2987 perfectionem

1922 659 1976 723 A
2005 659 2154 722 licet
2210 660 2495 723 nondum
2544 660 2874 724 videamus
2921 662 3268 745 ipsummet
3316 662 3491 725 Chri-

2003 765 2172 819 stum
2216 757 2280 819 in
2322 758 2643 833 omnibuS,
2689 760 2798 840 qui
2840 759 3189 821 secundum
3230 759 3491 841 Aposto-

2005 855 2159 929 lum,
2207 856 2421 918 omnia
2466 856 2670 919 factus
2714 865 2809 919 est
2850 856 3069 937 nobis;
3112 866 3322 920 tamen
3372 858 3491 921 hoc
3542 882 3783 935 Colman„

2004 954 2213 1029 modo,
2249 955 2312 1015 id
2341 963 2435 1017 est
2468 974 2581 1037 per
2611 964 2842 1038 parteS,
2877 974 3217 1037 possumus
3245 974 3394 1018 eum
3425 957 3492 1019 in
3526 948 3589 988 ¹¹·

2003 1052 2303 1115 omnibus
2351 1053 2658 1116 invenire.
2704 1055 2792 1115 De
2832 1053 3081 1117 Christo
3128 1055 3365 1117 etenim
3405 1054 3497 1115 di-

2004 1151 2169 1212 citur
2204 1172 2216 1215 :
2251 1152 2367 1225 Qui
2406 1151 2610 1214 faetus
2651 1159 2747 1215 est
2785 1153 2969 1215 nobis
3008 1172 3044 1216 a
3081 1154 3210 1216 Deo
3247 1153 3494 1235 sapien·
3524 1176 3667 1221 100r.
3686 1179 3787 1221 nso.

2004 1248 2112 1322 tia,
2157 1249 2425 1329 justitia,
2474 1250 2771 1312 sanctitas
2815 1258 2878 1312 et
2918 1251 3288 1333 redemptio.
3330 1252 3495 1314 Dum

2004 1364 2153 1427 ergo
2185 1348 2251 1408 in
2286 1346 2410 1409 alio
2440 1349 2753 1429 reperitur
2783 1349 3113 1430 sapientia,
3148 1349 3212 1410 in
3243 1349 3369 1412 alio
3396 1349 3497 1430 ju-

2005 1444 2199 1517 stitia,
2236 1444 2301 1506 in
2331 1446 2455 1507 alio
2495 1447 2819 1519 sanctitaS,
2857 1446 2923 1506 in
2961 1446 3085 1508 alio
3126 1454 3497 1508 mansuetu-

2005 1544 2106 1615 do,
2133 1544 2197 1603 in
2229 1543 2354 1605 alio
2387 1545 2662 1618 castitas,
2690 1546 2754 1606 in
2784 1545 2910 1606 alio
2938 1544 3285 1619 humilitaS,
3321 1543 3499 1608 Chri-

2005 1649 2136 1703 stus
2198 1660 2310 1723 per
2356 1662 2868 1725 unumquemque.
2916 1651 3277 1705 sanctorum
3326 1662 3497 1705 nunc

2009 1739 2413 1802 membratim
2471 1740 2714 1802 divisus
2772 1748 2918 1819 est3
2970 1740 3497 1803 concurrentibus

1929 1831 1976 1893 B
2007 1851 2156 1895 vero
2202 1834 2518 1895 universis
2549 1834 2613 1897 in
2646 1836 2954 1896 unitatem
2995 1833 3148 1896 fidei
3185 1854 3260 1895 ac
3301 1834 3518 1897 virtu-.

2006 1932 2109 2005 tis,
2162 1932 2392 1993 erescit
2441 1931 2507 1993 in
2556 1932 2768 1994 virum
2823 1932 3201 2014 perfectum,
3246 1932 3498 2015 perfici·
3549 1957 3789 2013 Eph0‚,2v,

2003 2047 2117 2092 ens
2149 2029 2393 2091 scilicet
2424 2029 2887 2112 plenitudinem
2920 2030 3173 2113 mystici
3214 2030 3497 2112 corporis
3530 2024 3593 2063 ¹³·

2005 2128 2105 2189 sui
2151 2128 2217 2189 in
2267 2145 2571 2210 compage
2614 2146 2727 2189 seu
2771 2128 3005 2191 unione
3048 2136 3110 2191 et
3153 2130 3499 2212 proprieta-

2006 2234 2068 2287 te
2125 2226 2523 2305 singulorum
2578 2225 3032 2289 membrorum.
3080 2228 3150 2289 In
3203 2227 3496 2309 praesenti

2007 2325 2203 2405 igitur
2232 2324 2361 2385 vita
2400 2331 2605 2406 potest
2645 2324 2813 2387 Deus
2850 2343 2989 2387 esse
3028 2326 3244 2387 omnia
3272 2326 3335 2387 in
3368 2344 3501 2388 om-

2007 2422 2197 2484 nibus
2240 2422 2426 2484 modo
2464 2440 2591 2504 quo
2631 2422 2933 2497 diximuS,
2969 2423 3031 2485 id
3070 2430 3166 2485 est
3204 2442 3319 2505 per
3362 2441 3504 2506 par-

2006 2527 2099 2581 tes
2129 2520 2441 2581 virtutum
2482 2520 2631 2601 (hoc
2671 2528 2765 2583 est
2805 2540 2919 2603 per
2950 2520 3232 2584 diversos
3271 2522 3501 2602 gradus

2005 2625 2068 2679 et
2119 2618 2637 2699 participationes
2688 2620 2957 2699 earum),
3012 2619 3161 2681 licet
3217 2620 3501 2682 nondum

2006 2716 2088 2778 sit
2135 2716 2349 2777 omnia
2400 2716 2466 2777 in
2518 2716 2817 2779 omnibus
2872 2735 2986 2799 per
3036 2717 3502 2798 plenitudinem

2005 2814 2397 2886 earumdem,
2431 2831 2764 2895 quousque
2796 2814 3009 2876 veniat
3048 2822 3302 2897 tempus
3342 2815 3501 2876 illud

2007 2928 2132 2992 quo
2167 2912 2329 2972 Deus
2369 2911 2486 2972 erit
2530 2910 2807 2992 perfecte
2837 2912 3049 2973 omnia
3080 2912 3147 2973 in
3176 2912 3495 2975 omnibus,
3561 2940 3789 2989 tconxv,

387 3001 802 3064 claustralem
823 3003 1049 3064 nititur
1068 3001 1321 3083 fastigia
1339 3000 1732 3064 sublimioris
1754 3018 1892 3082 per·
1932 3008 1974 3072 C
2007 3008 2313 3081 Quoniam
2365 3010 2658 3090 quamvis
2717 3010 2799 3072 sit
2848 3030 3012 3072 unus
3072 3010 3223 3072 finis
3272 3018 3501 3073 nostrae
3530 3006 3597 3046 ²⁸·

385 3099 694 3162 sectionis
738 3100 1069 3181 attingere,
1119 3108 1310 3181 atque
1359 3100 1437 3162 ad
1485 3118 1697 3161 arcem
1746 3099 1892 3162 vitae

385 3197 858 3261 anachoretica>
889 3198 1243 3279 pervenire,
1271 3216 1674 3279 nequaquam
1705 3196 1894 3258 debet

391 3297 731 3358 universas
769 3296 1038 3358 virtutes
1074 3296 1154 3357 ab
1194 3313 1321 3359 uno
1359 3296 1640 3369 homine,
1674 3314 1895 3376 quam-

393 3394 498 3455 vis
557 3394 880 3475 perfectus
939 3393 1043 3467 sit,
1099 3394 1261 3455 velle
1320 3393 1664 3456 addiscere.
1716 3392 1895 3454 Alius

393 3511 679 3574 namque
719 3492 1005 3555 scientiae
1034 3492 1305 3555 floribus
1341 3493 1703 3565 adornatur,
1737 3491 1896 3553 alter

391 3590 636 3653 virtute
684 3590 1087 3653 discretionis
1135 3589 1364 3653 fortius
1415 3590 1892 3667 communitur3

389 3688 564 3750 alius
611 3688 921 3769 gravitate
971 3688 1292 3769 patientiae
1341 3688 1686 3761 stabilitur,
1739 3688 1898 3749 alter

389 3785 762 3847 humilitate
802 3803 820 3865 3
869 3786 1028 3848 alter
1077 3785 1470 3848 continentia
1519 3784 1720 3865 magis
1770 3783 1897 3845 ful-

392 3884 618 3963 citur;
671 3885 830 3946 alter
879 3882 1210 3965 praefulget
1259 3882 1691 3966 simplicitate,
1734 3878 1896 3943 alius

391 3982 979 4063 magnanimitate3
1027 3980 1134 4043 ille
1186 3981 1574 4044 transcendit
1623 3979 1780 4043 alios
1833 3979 1899 4042 in

391 4080 745 4161 vigilando,
789 4079 896 4141 hic
943 4078 1272 4141 silentium
1321 4078 1737 4152 observando,
1783 4079 1902 4141 iste

2008 3106 2356 3188 religionis,
2400 3106 2664 3169 diversae
2714 3114 2923 3169 tamen
2973 3115 3121 3170 sunt
3169 3108 3505 3189 professio-

2009 3223 2120 3267 nes
2168 3212 2233 3266 et
2275 3205 2637 3267 vocationes
2689 3205 2925 3286 quibus
2975 3206 3102 3267 itur
3148 3206 3225 3267 ad
3274 3207 3499 3279 Deum,

2009 3303 2175 3365 sicut
2220 3302 2470 3384 plenius
2518 3302 2887 3364 ostendetur
2930 3303 2996 3364 in
3046 3304 3502 3366 Collationibus

2010 3401 2352 3463 seniorum.
2408 3400 2681 3481 Ideoque
2733 3399 2937 3462 forma
2988 3402 3389 3464 discretionis
3442 3410 3506 3465 et-

2011 3499 2417 3561 eontinentiae
2467 3498 2847 3580 requirenda
2906 3507 3001 3561 est
3059 3500 3243 3562 nobis
3291 3501 3508 3581 singu-

2013 3596 2208 3658 larius
2250 3595 2330 3657 ab
2380 3595 2479 3658 his
2530 3616 2567 3658 a
2615 3596 2853 3677 quibus
2900 3596 3192 3659 videmus
3238 3598 3507 3660 virtutes

2011 3695 2123 3757 has
2175 3713 2291 3777 per
2334 3695 2601 3775 gratiam
2653 3696 2931 3777 Spiritus
2986 3697 3195 3759 Sancti
3246 3697 3507 3760 uberius

2013 3811 2307 3855 emanare
2368 3812 2381 3856 :
2437 3811 2564 3855 non
2616 3794 2787 3875 quod
2838 3795 3110 3875 quisque
3165 3795 3365 3877 possit
3414 3812 3510 3857 so-

2017 3890 2113 3951 lus
2154 3891 2485 3971 acquirere
2528 3891 2745 3953 omnia
2785 3892 2950 3953 dona
2992 3911 3133 3973 quae
3177 3893 3243 3954 in
3287 3892 3507 3954 multis

2015 3987 2220 4049 divisa
2259 3996 2444 4067 sunt3
2486 3989 2596 4051 sed
2642 3996 2713 4050 ut
2757 3990 2823 4051 in
2864 3989 2962 4051 his
3006 3989 3190 4051 donis
3233 4007 3507 4071 quorum

2015 4102 2354 4167 possumus
2386 4105 2523 4149 esse
2563 4105 2847 4169 capaces,
2883 4087 3216 4149 tendamus
3252 4088 3331 4149 ad
3370 4087 3510 4148 imi-

396 4178 468 4240 in
529 4177 892 4240 laborando.
937 4177 1085 4239 Ideo
1141 4176 1490 4239 monachus
1548 4175 1903 4257 spiritualia
1933 4187 1983 4248 D
2016 4184 2320 4246 tationem
2366 4201 2586 4247 eorum
2636 4186 2745 4266 qui
2794 4205 2869 4247 ea
2918 4185 3304 4267 peculiarius
3351 4184 3510 4247 obst-

396 4275 596 4337 mella
654 4275 952 4356 colligere
1012 4275 1300 4356 cupiens,
1354 4274 1542 4337 debet
1599 4282 1901 4356 tanquam

397 4374 902 4456 prudentissima
947 4372 1086 4455 apis
1132 4390 1648 4454 unamquamque
1696 4374 1902 4433 virtu-

397 4480 534 4533 tem
571 4471 748 4533 velut
787 4470 979 4533 flores
1018 4471 1308 4551 accipere
1342 4469 1422 4531 ab
1459 4470 1558 4531 his
1603 4469 1712 4551 qui
1759 4489 1900 4531 eam

397 4569 784 4632 familiarius
835 4587 949 4631 seu
996 4568 1384 4631 eminentius
1435 4568 1690 4643 habent,
1734 4586 1904 4629 eam-

396 4688 526 4751 que
569 4668 634 4730 in
679 4674 932 4749 pectore
983 4684 1100 4729 suo
1148 4666 1488 4747 diligenter
1537 4666 1898 4728 recondere.

393 4768 528 4831 Nec
558 4766 749 4829 debet
786 4766 1105 4828 discutere
1152 4766 1217 4827 in
1257 4781 1385 4846 quo
1425 4765 1584 4827 alter
1623 4764 1901 4837 deficiat,

397 4867 513 4929 sed
545 4873 794 4927 tantum
825 4864 1226 4927 considerare
1262 4883 1334 4925 ac
1375 4864 1656 4925 studiose
1697 4864 1904 4925 imita-

399 4965 458 5027 ri
489 4964 760 5026 virtutes
791 4983 948 5045 quas
979 4962 1188 5025 habet.
1215 4962 1277 5024 Si
1311 4962 1484 5024 enim
1513 4962 1903 5024 voluerimus

401 5082 628 5126 omnes
660 5063 928 5124 virtutes
958 5062 1040 5124 ab
1072 5079 1204 5124 uno
1234 5060 1530 5140 colligere
1549 5068 1624 5142 ¹et
1653 5061 1903 5135 sectari,

405 5161 765 5225 difficulter
803 5167 912 5222 aut
965 5177 1295 5241 nunquam
1340 5158 1624 5220 invenire
1677 5160 1907 5241 poteri-

410 5279 557 5323 mus
598 5260 826 5322 idonea
862 5256 1155 5339 exempla
1197 5256 1275 5318 ad
1317 5255 1716 5319 imitandum.
1751 5258 1908 5321 Nam

2017 4290 2316 4343 nuerunt.

2442 4533 2943 4598 GAPITULUM
3006 4536 3089 4599 v.
3153 4521 3160 4527 “

2115 4682 2285 4747 Quod
2311 4698 2434 4737 non
2454 4683 2651 4753 possit
2680 4682 2756 4736 ab
2786 4683 3059 4739 omnibus
3086 4684 3415 4757 uniformis

2269 4769 2660 4841 jejuniorum
2686 4771 2901 4842 requla
2927 4774 3244 4829 custodiri.

2096 4966 2384 5039 TAQ'UE
2434 4983 2560 5029 non
2610 4966 2885 5029 faciliter
2932 4968 3254 5032 observari
3305 4978 3511 5053 potest

2116 5063 2456 5126 uniformis
2507 5066 2725 5145 regula
2776 5066 3107 5146 jejunandi
3168 5067 3247 5128 ab
3306 5070 3511 5132 omni-

2021 5162 2163 5236 buS‚
2200 5162 2351 5243 quia
2380 5182 2497 5225 nec
2528 5164 2719 5226 etiam
2752 5182 3015 5246 corpora
3044 5182 3222 5244 aeque
3254 5165 3511 5230 robusta

2023 5266 2194 5334 sunt,
2243 5278 2361 5322 nec
2400 5260 2648 5342 jejunia
2696 5268 3073 5325 exercentur
3118 5264 3254 5325 solo
3296 5264 3511 5346 vigore
