4359 6267
1317 501 1398 547 nn
1437 498 1768 546 insu-runs
1809 498 1894 543 ss.
1929 497 2191 543 runnu.
2237 511 2319 525 —-
2358 496 2533 543 mann
2574 498 2635 542 ιν
3448 474 3527 539 43

418 672 504 734 rit
545 670 896 754 superflue,
931 679 1040 734 aut
1078 672 1324 745 duriuS,
1358 670 1493 733 sive
1536 667 1916 751 superbius3
1949 666 2001 727 A
2033 666 2153 728 niS.
2189 666 2285 729 Ab
2315 666 2624 747 AEgyptiis
2664 673 2876 729 autem
2913 674 2976 729 et
3004 664 3524 729 Tabennensiotis

414 770 471 833 si
514 770 909 851 negligenter
948 770 1256 851 obsequia
1309 768 1599 848 injuncta
1641 764 1917 848 comple-

413 868 628 947 verit3
687 868 743 930 si
803 869 904 930 vel
963 867 1210 930 modice
1269 863 1811 941 murmuraverit3
1862 862 1916 924 si

414 973 653 1027 statuta
682 965 904 1028 officia
933 965 1190 1047 segnius
1222 963 1417 1026 fuerit
1445 969 1804 1035 exsecutuS‚
1840 961 1918 1022 le-

415 1064 694 1127 ctionem
727 1065 908 1146 operi
937 1064 1039 1127 vel
1069 1062 1448 1126 obedientiae
1480 1060 1914 1143 praeferend03

414 1162 470 1223 si
533 1164 1019 1244 congregatione
1077 1162 1284 1224 soluta
1335 1178 1463 1223 non
1523 1158 1915 1221 festinaverit

416 1260 632 1322 statim
662 1261 743 1322 ad
774 1262 1002 1323 cellam
1033 1279 1213 1322 suam
1244 1258 1511 1337 reverti;
1540 1258 1594 1319 si
1626 1275 1772 1319 cum
1803 1256 1914 1317 ali-

415 1376 546 1439 quo
580 1359 683 1421 vel
724 1359 803 1420 ad
852 1358 1174 1421 modicum
1221 1365 1474 1437 tempus
1517 1354 1914 1432 substiterit3

416 1455 475 1519 si
503 1458 606 1519 vel
637 1457 716 1519 ad
753 1463 1062 1539 punctum
1097 1456 1404 1538 temporis
1443 1455 1914 1536 aliquoversum

416 1556 793 1633 secesserit3
854 1556 906 1617 si
970 1554 1243 1617 tenuerit
1300 1571 1562 1614 manum
1617 1550 1914 1627 alterius;

417 1653 474 1715 si
503 1653 779 1715 fabulari
811 1652 1288 1734 praesumpserit
1326 1658 1916 1733 quantumcumque

2032 764 2359 828 monachis
2398 763 2699 827 omnibus
2738 772 2987 827 tantum
3030 765 3095 826 in
3143 782 3361 826 mensa
3398 781 3524 825 ser-

2029 871 2215 925 vatur
2256 861 2605 937 silentium,
2656 872 2722 923 ut
2769 869 2939 923 tanta
2982 862 3268 924 Fratrum
3318 860 3528 923 multi-

2030 962 2253 1023 tudine
2282 960 2632 1033 reficiente,
2650 978 2838 1023 nemo
2866 961 3095 1022 audeat
3123 960 3321 1022 semel
3352 959 3532 1021 muti-

2030 1067 2365 1141 re,praeter
2394 1078 2543 1121 eum
2574 1058 2684 1141 qui
2715 1059 3042 1121 decaniam
3071 1077 3249 1120 suam
3279 1064 3529 1120 exercet

2027 1177 2102 1220 ac
2132 1163 2361 1240 praeest
2396 1174 2411 1217 ε
2444 1158 2554 1238 qui
2586 1164 2798 1219 tamen
2842 1157 3051 1219 sonitu
3093 1156 3294 1237 magis
3335 1174 3526 1237 quam

2026 1274 2182 1319 voce
2243 1254 2587 1336 significat,
2640 1255 2695 1316 si
2743 1255 2898 1336 quid
2946 1254 3180 1317 viderit
3238 1262 3528 1335 oportere

2025 1354 2263 1436 apponi
2296 1352 2619 1415 Fratribus
2659 1360 2768 1413 aut
2808 1353 3060 1434 deponi.
3096 1352 3173 1413 Et
3202 1359 3374 1413 tanta
3411 1351 3526 1412 hu—

2023 1452 2130 1532 jus
2179 1450 2520 1532 disciplina
2566 1450 2803 1512 silentii
2850 1449 3383 1512 manducantibus
3431 1450 3525 1512 eis

2028 1557 2337 1624 servatur,
2372 1556 2442 1609 ut
2491 1548 2761 1610 cucullis
2807 1549 2973 1610 ultra
3020 1548 3349 1611 oculorum
3396 1548 3526 1629 pal-

2027 1647 2258 1729 pebras
2307 1648 2524 1709 tractis
2578 1666 2657 1709 ne
2707 1647 2909 1710 oculis
2958 1654 3323 1727 evagentur,
3358 1645 3522 1707 nihil

419 1752 670 1813 modice
711 1770 861 1813 cum
899 1750 1026 1813 alio
1054 1769 1249 1832 quam
1288 1767 1404 1812 suo
1444 1747 1912 1825 cohabitatore3
2028 1746 2152 1807 nisi
2196 1763 2482 1807 mensam
2522 1752 2585 1807 et
2624 1744 2801 1807 cibos
2844 1752 2989 1806 ante
3032 1764 3099 1806 se
3144 1744 3383 1826 positos
3429 1743 3520 1806 in-

419 1848 474 1911 si
523 1866 674 1910 cum
724 1849 836 1911 illo
876 1850 1150 1912 oraverit
1199 1847 1311 1929 qui
1361 1855 1456 1909 est
1502 1846 1583 1908 ab
1633 1845 1914 1908 oratione
1953 1846 1999 1908 B
2031 1851 2347 1917 tueantur,
2383 1844 2469 1905 ita
2496 1850 2567 1904 ut
2608 1843 2820 1905 nullus
2862 1850 3035 1905 notet
3074 1851 3384 1924 quantum
3413 1849 3522 1903 aut

419 1964 808 2028 suspensus3
839 1948 894 2009 si
925 1947 1205 2029 aliquem
1245 1953 1581 2027 parentum
1621 1951 1732 2006 aut
1760 1942 1916 2005 ami-
2029 1941 2304 2023 qualiter
2343 1941 2594 2003 reficiat
2634 1941 2809 2002 alter.

421 2061 646 2107 corum
677 2062 940 2107 suorum
977 2044 1210 2107 viderit
1240 2063 1352 2106 seu
1382 2044 1695 2105 allocutus
1726 2042 1921 2104 fuerit

424 2142 564 2204 sine
607 2144 877 2206 senioris
918 2142 1017 2204 sui
1106 2141 1398 2205 raesentia
1439 2141 1572 2203 sive
1623 2140 1916 2202 licentia·

425 2240 480 2301 si
515 2239 596 2301 ab
635 2240 853 2322 aliquo
890 2161 1226 2322 epistiilam
1264 2239 1554 2320 accipere
1585 2238 1686 2300 vel
1726 2187 1918 2299 alicui
2370 2193 2872 2257 CAPITULUM
2932 2193 3183 2256 XVIII·

424 2337 706 2400 scribere
763 2338 1243 2420 praesumpserit
1305 2338 1443 2399 sine
1503 2336 1758 2399 licentia
1820 2335 1918 2397 sui
2032 2341 2222 2408 Quam
2246 2340 2535 2395 illicitum
2564 2340 2646 2393 sit
2670 2345 2853 2395 extra
2878 2355 3139 2395 mensam
3166 2355 3524 2396 communem

424 2436 694 2499 abbatis.
729 2436 1070 2518 Hucusque
1108 2445 1170 2499 et
1213 2436 1280 2497 in
1323 2436 1422 2497 his
1467 2434 1788 2497 similibus
1830 2433 1919 2494 fa·
2264 2428 2510 2502 aliquid
2538 2428 2663 2483 cibi
2692 2434 2800 2483 aut
2818 2434 3000 2500 potus
3027 2433 3291 2500 qustare.

423 2535 566 2609 etis,
599 2534 919 2615 infligitur
954 2534 1205 2614 punitio
1244 2532 1614 2614 spiritualis,
1649 2532 1922 2595 Residua

421 2650 576 2695 vero
625 2652 766 2715 quae
812 2632 984 2713 apud
1039 2650 1152 2694 nos
1203 2630 1648 2693 indifferenter
1692 2631 1918 2693 admit·
2171 2624 2638 2698 ENIQUE‚ante
2669 2640 3077 2686 communem
3108 2624 3518 2687 refectionem

425 2734 669 2806 tuntur,
689 2738 752 2793 et
781 2750 820 2793 a
847 2730 1032 2793 nobis
1061 2729 1627 2812 reprehensibilius
1658 2729 1923 2792 toleran-
2193 2722 2540 2803 legitimam
2586 2729 2649 2783 et
2691 2729 2835 2802 post
2882 2739 3044 2796 eam,
3078 2742 3329 2784 summa
3376 2741 3519 2785 cau-

423 2836 552 2903 tur,
587 2847 714 2892 non
745 2828 1006 2911 praefata
1037 2828 1469 2910 increpatione
1500 2827 1816 2909 spirituali
1846 2846 1918 2888 ac
2030 2820 2202 2882 tione
2236 2819 2573 2881 observant
2604 2838 2684 2880 ne
2713 2820 2859 2900 quis
2890 2826 3066 2881 extra
3098 2838 3381 2882 mensam
3412 2821 3523 2882 ali-

425 2926 576 3001 levi,
613 2927 725 2990 sed
773 2926 1147 2989 verberibus
1197 2926 1616 2988 emendantur
1662 2932 1772 2987 aut
1820 2944 1920 2987 ex·
2030 2918 2185 2998 quid
2228 2916 2356 2979 cibi
2395 2916 2666 2998 accipiat
2699 2934 2713 2979 :
2748 2916 2815 2977 in
2856 2924 3100 2978 tantum
3142 2918 3332 2999 quod,
3366 2918 3521 2980 dum

423 3025 720 3105 pulsione
764 3032 1136 3107 purgantur,
1171 3032 1240 3085 ut
1283 3031 1432 3087 sunt
1465 3042 1478 3085 ε
1513 3032 1730 3105 aperta
1779 3041 1922 3085 con·
1957 3018 2000 3082 G
2031 3016 2277 3077 Fratres
2316 3022 2471 3077 eunt
2501 3033 2616 3095 per
2644 3015 2857 3077 hortos
2894 3022 3083 3097 atque
3124 3016 3427 3096 pomaria,
3461 3023 3525 3078 et

423 3122 600 3195 vitia,
663 3122 984 3184 manifesti
1042 3128 1468 3203 contemptuS‚
1522 3121 1920 3184 contradicti-
2030 3114 2251 3175 vident
2280 3131 2407 3175 non
2439 3113 2645 3175 solum
2675 3130 2865 3194 poma
2897 3112 2961 3175 in
2991 3113 3324 3175 arboribus
3355 3114 3529 3176 blan-

423 3236 579 3281 ones
609 3220 892 3293 tumidae,
917 3219 1118 3281 libera
1145 3226 1209 3281 et
1235 3218 1545 3281 effrenata
1575 3219 1916 3300 processio,
2031 3212 2108 3273 de
2151 3230 2225 3273 ac
2266 3212 2503 3292 passim
2549 3211 2912 3292 pendentia,
2946 3212 3055 3273 sed
3098 3212 3293 3273 etiam
3336 3232 3528 3293 super

421 3316 821 3381 familiaritas
851 3318 1259 3392 feminarum,
1294 3302 1406 3391 ira,
1441 3318 1595 3391 rixa,
1629 3318 1918 3379 simultas
2031 3317 2263 3370 terram
2292 3309 2571 3389 ,iacentia
2608 3316 2671 3370 et
2700 3308 2779 3370 ad
2819 3309 3245 3389 colligendum
3286 3318 3523 3391 parata,

421 3421 490 3476 et
533 3414 840 3497 jurgium,
891 3416 1266 3496 proprietaS,
1311 3414 1596 3489 avaritia,
1648 3414 1917 3476 affectus
2029 3425 2269 3488 suaque
2308 3407 2781 3487 opportunitate
2820 3414 2883 3467 et
2923 3408 3105 3488 copia
3142 3408 3219 3469 ad
3263 3425 3525 3470 consen-

419 3519 613 3594 atque
642 3514 961 3595 possessio
1000 3513 1474 3595 superfluorum
1515 3532 1656 3595 quae
1686 3533 1723 3575 a
1755 3520 1918 3575 cete-

419 3610 512 3671 ris
545 3610 866 3673 Fratribus
897 3629 1023 3673 non
1055 3610 1391 3685 habentur,
1424 3611 1918 3674 extraordinaria

419 3716 486 3770 et
529 3707 768 3771 furtiva
807 3707 1092 3781 refectio,
1126 3715 1191 3770 et
1231 3708 1370 3769 istis
1415 3708 1669 3770 similia.

776 3968 1280 4033 CAPITULUM
1345 3970 1561 4033 XVII.

421 4114 654 4181 Quibus
684 4116 1036 4172 auctor-ibus
1063 4117 1146 4171 sit
1173 4117 1482 4173 inventum
1509 4122 1576 4172 ut
1599 4119 1772 4175 lectio
1803 4120 1918 4189 fiat

496 4204 578 4259 ad
599 4204 1022 4277 refectionmm
1055 4210 1114 4261 et
1139 4206 1212 4261 de
1247 4221 1462 4277 maqno
1491 4208 1918 4278 AE'qyptiorum
1945 4198 1996 4259 D

494 4291 762 4350 silentio.

549 4480 774 4555 ORRO,
802 4483 971 4564 quod
1004 4482 1443 4546 reficientibus
1475 4483 1797 4547 Fratribus
1831 4505 1920 4549 sa-

569 4598 692 4642 crae
753 4580 1054 4644 lectiones
1113 4582 1178 4643 in
1239 4581 1550 4645 coenobiis
1606 4582 1685 4644 ad
1743 4602 1918 4645 men-

419 4694 557 4739 sam
619 4678 927 4759 legantur,
988 4697 1117 4743 non
1174 4679 1252 4742 de
1309 4680 1744 4762 AEgyptiorum
1807 4683 1917 4744 sed

419 4774 866 4857 Cappadocum
913 4777 1317 4841 observantia
1365 4778 1684 4840 emanavit
1738 4797 1752 4840 ε
1807 4780 1918 4862 qui

419 4873 542 4935 hoc
569 4882 922 4937 statuerunt
952 4875 1154 4957 magis
1182 4876 1262 4937 ad
1294 4875 1762 4957 reprimendum
1789 4896 1921 4940 ver·

420 4971 505 5033 ba
531 4972 754 5044 otiosa,
773 4972 1122 5054 superflua,
1143 4974 1495 5055 praesertim
1527 4975 1921 5038 contentiosa

421 5086 567 5151 quae
615 5068 983 5151 frequenter
1030 5069 1396 5134 refectionis
1446 5078 1731 5153 tempore
1782 5091 1922 5154 pro-

423 5166 722 5229 feruntur
761 5167 1078 5247 (videntes
1121 5188 1194 5231 ea
1235 5169 1419 5232 aliter
1463 5169 1746 5232 cohiberi
1793 5188 1920 5234 non

413 5264 662 5347 posse),
697 5285 888 5347 quam
927 5284 1116 5329 causa
1153 5268 1504 5349 spiritualis
1539 5269 1920 5331 exhortatio-

2029 3524 2172 3567 sum
2205 3506 2740 3586 concupiscentiae
2778 3504 3034 3567 allicere
3064 3505 3361 3579 valentia,
3396 3523 3522 3568 non

2026 3610 2275 3665 tantum
2304 3622 2382 3664 ex
2412 3598 2505 3664 eis
2537 3603 2699 3664 nihil
2730 3611 3005 3683 gustant,
3040 3604 3149 3665 sed
3179 3622 3296 3665 nec
3328 3622 3520 3665 manu

2025 3702 2366 3782 attingunt,
2401 3708 2629 3782 praeter
2674 3700 2736 3762 id
2779 3701 2946 3782 quod
2991 3701 3066 3762 ad
3112 3718 3518 3763 communem

2027 3818 2313 3862 mensam
2361 3800 2455 3861 eis
2499 3798 2838 3881 praebetur,
2871 3817 2944 3860 ac
2988 3799 3348 3879 erogatione
3392 3799 3518 3861 dis-

2025 3898 2379 3979 pensatoris
2421 3916 2535 3978 per
2574 3898 2859 3959 Fratrum
2903 3896 3207 3977 obsequia
3253 3896 3517 3960 manife-

2025 4004 2118 4059 ste
2159 3995 2555 4077 proponitur.

2392 4247 2896 4312 CAPITULUM
2957 4248 3143 4311 XIX.

2026 4394 2305 4465 Qualiter
2345 4411 2461 4467 per
2515 4394 2911 4451 Palaestinam
2967 4410 3038 4451 ac
3097 4396 3517 4467 Mesopotami-

2097 4500 2195 4541 am
2234 4484 2603 4557 quotidiana
2648 4485 2940 4559 obsequia
2978 4485 3304 4542 Fratribus
3350 4487 3521 4542 exhi-

2097 4573 2368 4629 beantur.

2167 4779 2216 4841 E
2263 4778 2417 4861 quid
2464 4786 2677 4841 autem
2720 4778 2797 4841 de
2850 4779 3156 4842 institutis
3204 4781 3519 4845 coenobio-

2187 4895 2330 4938 rum
2386 4875 2679 4938 omisisse
2735 4876 3086 4953 videamur,
3139 4896 3521 4941 commemo-

2027 4975 2298 5037 randum
2337 4973 2618 5035 breviter
2654 4980 2809 5054 puto
2849 4974 3121 5055 qualiter
3151 4975 3520 5056 quotidiana

2025 5072 2336 5154 obsequia
2365 5069 2687 5132 Fratribus
2716 5069 3157 5145 exhibeantur,
3183 5072 3376 5133 etiam
3405 5090 3519 5152 per

2027 5170 2182 5232 alias
2212 5168 2519 5249 regiones.
2554 5169 2670 5230 Per
2696 5175 2893 5230 totam
2933 5186 3209 5250 namque
3242 5169 3520 5250 Mesopo-

2029 5268 2313 5341 tamiam,
2346 5265 2739 5329 Palaestinam
2768 5273 2832 5328 et
2862 5264 3343 5347 Cappadociam,
3378 5266 3517 5327 uni-
