4359 6267
859 488 979 552 484

931 675 1189 743 sistatur,
1231 694 1364 734 cum
1415 676 1735 751 adjectione
1775 676 1966 750 operis
2007 693 2228 753 manu-v

934 766 1042 823 alis
1067 809 2211 825 .............

861 854 1192 927 Capitulum
1227 857 1317 912 III.
1359 858 1523 921 Quod
1560 872 1665 929 per
1699 860 1885 913 totum
1931 856 2213 914 orientem

931 945 1137 1011 Tertia,
1182 946 1371 1010 Sexta,
1421 950 1480 1002 et
1523 946 1689 1002 Nona
1739 946 1926 1003 tribus
1974 946 2217 1017 psalmis

933 1032 1270 1105 expleatur;
1301 1038 1357 1091 et
1389 1051 1492 1092 cur
1529 1034 1858 1106 specialiter
1894 1034 2020 1091 istae
2049 1037 2217 1092 Horae

933 1126 1236 1180 serventur
1251 1167 2210 1182 ...........

863 1210 1190 1283 Capitulum
1229 1214 1314 1267 IV.
1361 1214 1526 1278 Quod
1567 1214 1857 1270 matutIna
1899 1214 2217 1271 solennitas

936 1317 1052 1356 non
1093 1302 1334 1374 antiqua
1381 1302 1691 1359 traditione
1731 1306 1946 1360 statuta
1983 1304 2074 1364 sit,
2115 1305 2215 1360 sed

935 1392 1132 1445 nostro
1159 1393 1420 1463 tempore
1451 1408 1554 1462 pro
1583 1408 1759 1448 causa
1782 1392 1856 1447 sit
1880 1391 2210 1449 adinventa.

862 1477 1193 1549 Capitulum
1233 1480 1298 1533 V.
1333 1480 1496 1545 Quod
1539 1482 1666 1552 post
1703 1480 2043 1537 matutinale
2083 1481 2217 1537 offi-

934 1565 1093 1623 cium
1123 1569 1198 1623 ad
1227 1585 1504 1626 somnum
1539 1569 1744 1625 reverti
1777 1585 1894 1626 non
1934 1573 2212 1641 oporteat.

861 1655 1191 1728 Capitulum
1223 1658 1312 1713 VI.
1349 1659 1515 1723 Quod
1547 1657 1696 1715 nihil
1727 1658 1800 1714 sit
1829 1676 1862 1714 a
1891 1659 2217 1715 senioribus

933 1744 1314 1804 immutatum
1346 1747 1416 1803 de
1445 1747 1687 1819 antiquo
1726 1747 1928 1804 ordine
1964 1747 2218 1819 psalmo-

933 1851 1090 1901 rum,
1123 1852 1307 1907 quum
1340 1836 1552 1893 Primae
1578 1836 1900 1893 observatio
1931 1840 2216 1893 statuere-

931 1926 1028 1979 tur
1059 1966 2209 1983 .............

862 2011 1190 2084 Capitulum
1227 2014 1343 2070 VII.
1386 2016 1550 2079 Quod
1592 2014 1644 2071 ei
1691 2014 1789 2086 qui
1830 2016 1904 2071 ad
1940 2014 2214 2072 diurnam

933 2102 1256 2160 orationem
1289 2120 1390 2161 seu
1421 2105 1634 2160 Horam
1661 2120 1775 2159 non
1808 2104 2030 2161 venerit
2057 2108 2217 2162 ante-

934 2209 1112 2264 quam
1158 2192 1386 2265 primus
1433 2194 1697 2265 psalmus
1734 2194 1990 2260 finiatur,
2033 2198 2219 2251 orato-

930 2280 1088 2338 rium
1129 2281 1368 2339 intrOIre
1407 2299 1524 2339 non
1564 2282 1769 2349 liceat;
1813 2283 1870 2339 in
1912 2284 2217 2341 nocturnis

933 2374 1130 2428 autem
1162 2370 1378 2428 Officiis
1405 2388 1568 2428 mora
1598 2372 1672 2427 sit
1698 2372 2005 2430 veniabilis
2033 2390 2217 2445 usque

934 2462 1007 2516 ad
1039 2460 1216 2517 finem
1251 2460 1489 2517 secundi
1527 2461 1739 2533 psalmi
1818 2508 1830 2520 .
1914 2507 1925 2518 .
2008 2508 2019 2519 .
2102 2508 2112 2519 .

862 2549 1189 2622 Capitulum
1236 2550 1372 2605 VIII.
1415 2551 1597 2615 Quem
1647 2551 1927 2623 temporis
1973 2554 2216 2609 modum

933 2641 1169 2695 teneant
1213 2638 1429 2711 vigiliae
1475 2656 1605 2712 quae
1652 2657 1686 2696 a
1729 2657 1968 2713 vespera
2011 2641 2216 2699 illuce-

933 2731 1127 2785 scente
1157 2729 1396 2785 sabbato
1433 2729 1819 2794 celebrantur,
1849 2730 1933 2787 vel
1978 2747 2092 2802 quo
2131 2747 2220 2787 or-

935 2817 1070 2873 dine
1103 2818 1245 2875 fiant
1251 2861 2211 2876 ...........

863 2906 1193 2979 Capitulum
1227 2908 1314 2962 IX.
1348 2908 1535 2973 Quare
1565 2907 1934 2964 illucescente
1972 2924 2074 2966 seu
2114 2908 2220 2964 im-

935 2994 1193 3052 minente
1247 2996 1340 3052 die
1398 2996 1622 3053 sabbati
1668 2996 1882 3069 vigiliae
1937 2997 2221 3055 institutae

934 3084 1065 3151 sint,
1097 3087 1154 3141 et
1191 3102 1370 3157 quare
1408 3103 1510 3157 per
1547 3103 1784 3143 omnem
1824 3086 2107 3145 orientem
2129 3088 2218 3161 je-

922 3174 1163 3247 junium
1195 3190 1310 3229 non
1343 3178 1602 3232 servetur
1631 3176 1688 3231 in
1722 3177 1960 3233 sabbato
2012 3223 2023 3234 .
2107 3222 2118 3234 .

861 3263 1191 3335 Capitulum
1224 3265 1289 3318 X.
1325 3265 1482 3321 Unde
1513 3263 1731 3321 factum
1763 3265 1854 3331 sit,
1886 3269 1953 3321 ut
1977 3266 2035 3322 In
2066 3267 2216 3323 Urbe

934 3352 1027 3409 die
1052 3352 1276 3409 sabbati
1297 3352 1598 3425 Jejunetur
1631 3398 2212 3412 .......

863 3440 1194 3513 Capitulum
1225 3442 1315 3497 XI.
1350 3441 1412 3497 ln
1453 3458 1570 3514 quo
1607 3442 1924 3499 solennitas
1963 3444 2076 3501 diei
2115 3447 2216 3500 do-

936 3530 1170 3587 minicoe
1198 3530 1427 3587 differat
1454 3532 1527 3587 ab
1555 3531 1806 3589 aliorum
1835 3533 2061 3590 dierum
2087 3551 2220 3591 con·

933 3620 1237 3677 suetudine
1247 3664 2213 3680 ...........

863 3709 1192 3781 Capitulum
1224 3710 1340 3765 XII.
1374 3710 1598 3776 Quibus
1634 3710 1856 3777 diebus,
1888 3728 2070 3784 quum
2111 3729 2219 3770 coe-

933 3815 1012 3855 na
1038 3798 1336 3855 Fratribus
1373 3800 1694 3865 exhibetur,
1731 3802 1804 3857 ad
1844 3801 2215 3859 resectionem

932 3888 1343 3945 accedentibus
1385 3889 1648 3961 psalmus
1688 3906 1806 3947 non
1838 3890 2083 3956 dicatur,
2113 3890 2219 3947 sic-

933 3982 998 4035 ut
1026 3978 1084 4034 in
1116 3977 1381 4051 prandiis
1412 3978 1533 4035 fieri
1575 3979 1721 4035 solet
1727 4022 2212 4040 ......

862 4155 1052 4220 Lmen
1111 4174 1409 4229 Quantus.
1477 4160 1562 4221 De
1623 4158 1931 4221 institutis
1991 4178 2221 4222 renun-

941 4246 1238 4309 tiantium
1247 4299 2210 4315 ...........

863 4417 1194 4489 Capitulum
1226 4420 1266 4473 I.
1298 4418 1680 4491 (Prooemium
1715 4420 1764 4491 z)
1799 4420 1874 4476 De
1906 4419 2216 4476 institutio-

932 4523 1004 4564 ne
1040 4523 1243 4564 eorum
1282 4507 1383 4579 qui
1422 4507 1759 4564 renuntiant
1799 4508 1935 4565 huic
1964 4510 2213 4575 saeculo;

933 4598 991 4651 et
1019 4596 1519 4667 quemadmodum
1551 4596 1704 4666 apud
1726 4596 2218 4653 Tabennensiotas

932 4688 990 4740 et
1016 4683 1310 4756 AEgyptios
1349 4683 1690 4741 imbuantur
1721 4684 1758 4739 ii
1791 4685 1889 4757 qui
1921 4686 1980 4741 in
2013 4703 2217 4742 mona-

933 4772 1125 4829 steriis
1161 4771 1548 4844 suscipiuntur

865 4861 1192 4934 Capitulum
1242 4862 1307 4916 II.
1360 4862 1546 4927 Quare
1595 4878 1778 4934 usque
1825 4864 1900 4920 ad
1942 4863 2213 4920 ultimam

935 4954 1286 5009 senectutem
1339 4952 1495 5022 apud
1559 4968 1658 5008 eos
1723 4951 1781 5007 in
1845 4952 2216 5010 monasteriis

935 5044 1300 5113 perseverent
1342 5085 2212 5099 ..........

865 5129 1194 5202 Capitulum
1227 5131 1319 5185 [ΙΙ.
1359 5132 1483 5196 Quo
1513 5132 1782 5188 examine
1813 5133 2088 5203 probetur
2117 5134 2217 5205 qui

937 5220 997 5274 in
1029 5218 1383 5276 monasterio
1413 5219 1818 5292 suscipiendus
1845 5223 1931 5276 est
2008 5266 2019 5277 .
2105 5264 2117 5277 .
2200 5265 2213 5277 .

868 5308 1199 5382 Capitulum
1231 5310 1321 5365 IV.
1352 5311 1542 5375 Quare
1581 5308 1729 5365 nihil
1769 5326 1966 5367 secum
2006 5311 2219 5368 inferre

2289 769 2361 824 32

2290 1126 2359 1182 32

2289 1393 2360 1448 34

2290 1571 2361 1626 35

2290 1928 2361 1983 35

2200 2464 2362 2519 ‚33

2292 2822 2361 2876 36

2202 3178 2362 3234 ,36

2292 3358 2362 3413 37

2289 3625 2358 3680 37

2289 3982 2360 4037 37

2289 4775 2360 4830 38

2290 5044 2360 5099 38

2133 508 2319 554 INDEX
2361 508 2697 555 GnNnnAms

2540 676 2969 749 permittantur,
3012 676 3110 750 qui
3150 676 3210 733 in
3250 677 3602 736 monasterio
3640 678 3823 735 susci-

2540 767 2782 839 piuntur

2468 854 2798 927 Capitulum
2832 856 2893 909 V.
2926 856 3091 921 Quod
3131 855 3188 911 hi
3228 856 3329 928 qui
3366 856 3725 921 renuntiant,
3759 856 3820 912 in

2539 943 2909 1000 monasteriis
2946 945 3216 1017 suscepti,
3249 943 3485 1017 propria
3520 946 3823 1003 vestimen·

2536 1038 2596 1091 ta
2639 1036 2952 1107 deponant,
3002 1037 3059 1091 et
3104 1037 3176 1091 ab
3222 1037 3427 1093 abbate
3476 1036 3605 1092 aliis
3650 1036 3822 1094 indu-

2537 1126 2713 1181 antur
2756 1167 3817 1183 ............

2467 1211 2795 1285 Capitulum
2827 1214 2916 1268 VI.
2940 1216 3053 1271 Cur
3072 1214 3419 1271 vestImenta
3444 1231 3577 1272 cum
3610 1215 3823 1287 quibus

2536 1301 2940 1359 renuntiantes
2972 1304 3218 1376 ingressi
3250 1307 3388 1360 sunt
3417 1304 3757 1371 claustrum,
3790 1322 3825 1361 a

2538 1390 2937 1463 dispensatore
2968 1397 3272 1449 serventur
3329 1438 3817 1451 ......

2468 1478 2793 1551 Capitulum
2836 1483 2950 1536 VII.
2994 1483 3107 1538 Cur
3145 1481 3203 1537 in
3244 1482 3599 1540 monasterio
3636 1500 3825 1540 susce-

2538 1568 2640 1641 pti,
2674 1586 2789 1625 non
2829 1570 3247 1643 permittantur
3284 1572 3481 1628 statim
3526 1572 3824 1629 Fratribus

2540 1658 2872 1725 admisceri,
2895 1660 2995 1715 sed
3027 1660 3383 1723 xenodocho,
3408 1659 3467 1715 id
3496 1663 3581 1717 est
3610 1659 3822 1717 seniori

2540 1763 2742 1803 curam
2788 1748 3231 1821 peregrinorum
3270 1748 3823 1823 advenientiumque

2540 1836 2799 1901 habenti,
2833 1838 3138 1911 tradantur
3144 1882 3819 1897 ........

2469 1925 2801 1998 Capitulum
2833 1928 2973 1982 VIII.
3006 1928 3228 1993 Quibus
3258 1926 3539 1984 institutis
3558 1928 3825 2002 ¹juniores

2540 2015 2733 2087 primo
2780 2020 3175 2081 exerceantur,
3226 2020 3291 2073 ut
3335 2018 3408 2073 ad
3465 2020 3825 2091 superandas

2541 2105 3041 2178 concupiscentias
3079 2122 3284 2163 omnes
3322 2106 3627 2178 proficiant
3713 2151 3725 2163 .

2468 2194 2799 2266 Capitulum
2841 2196 2928 2250 IX.
2972 2197 3159 2260 Quare
3192 2195 3529 2268 junioribus
3571 2197 3824 2269 impere-

2539 2288 2635 2341 tur
2666 2288 2730 2342 ut
2758 2284 2973 2342 seniori
3004 2302 3110 2341 suo
3149 2285 3230 2341 nil
3270 2285 3459 2343 celent
3498 2288 3569 2344 de
3608 2287 3823 2360 cogita—

2540 2373 2797 2430 tionibus
2826 2373 2948 2430 suis
2956 2420 3820 2433 ..........

2470 2463 2800 2536 Capitulum
2841 2465 2905 2519 Χ.
2948 2464 3177 2529 Quanta
3217 2464 3547 2522 obedientia
3584 2464 3825 2523 seniori-

2541 2554 2650 2608 bus
2678 2552 2857 2609 etiam
2897 2552 2957 2609 i‘n
2998 2553 3251 2609 naturali
3290 2554 3629 2611 necessitate
3666 2572 3701 2611 a
3730 2555 3827 2628 ju-

2541 2641 2805 2698 nioribus
2832 2642 3179 2700 exhibeatur
3237 2686 3819 2703 .......

2470 2730 2798 2802 Capitulum
2831 2731 2920 2786 Xl.
2954 2730 3153 2797 Qualis
3177 2730 3343 2789 cibus
3371 2731 3825 2790 delicatissimus

2540 2819 2616 2875 sit
2640 2821 2791 2891 apud
2820 2835 2918 2876 eos
2948 2865 3719 2879 .........

2470 2909 2802 2980 Capitulum
2834 2910 2951 2964 XII.
2985 2911 3153 2975 Quod
3187 2910 3262 2966 ad
3298 2909 3557 2967 sonitum
3589 2911 3825 2982 pulsan-

2538 2998 2615 3053 tIs
2644 2998 2879 3063 ostium,
2912 3015 3055 3070 opus
3093 3014 3266 3055 omne
3306 2999 3599 3065 omittant,
3630 3001 3825 3057 studio

2542 3088 2883 3144 occurrendi
2914 3086 3185 3145 velociter
3235 3132 3822 3148 .......

2468 3177 2799 3249 Capitulum
2831 3177 2972 3233 XIII.
3007 3177 3193 3242 Quam
3227 3177 3611 3235 criminosum
3651 3180 3824 3238 habe-

2538 3270 2689 3329 atur,
2710 3267 2757 3322 si
2788 3267 3000 3339 aliquis
3029 3266 3329 3324 modicum
3361 3268 3503 3340 quid
3532 3286 3707 3326 suum
3734 3286 3821 3327 es-

2539 3373 2599 3412 se
2630 3356 2785 3412 dicat

2468 3443 2798 3516 Capitulum
2831 3446 2969 3500 XIV.
3002 3446 3164 3510 Quod
3196 3445 3331 3501 licet
3360 3446 3546 3502 multa
3575 3448 3825 3519 pecunia

2540 3537 2609 3592 de
2641 3535 3101 3609 uniuscnjusque
3122 3552 3291 3608 opere
3314 3540 3680 3610 congeratur,
3699 3539 3827 3595 nul·

2539 3625 2631 3681 lus
2675 3628 2873 3681 tamen
2920 3629 3239 3697 praesumat
3278 3628 3555 3683 excedere
3594 3630 3825 3685 statutae

2538 3712 2900 3769 sufficientiae
2938 3713 3278 3786 parcItatem
3332 3759 3819 3775 ......

2466 3802 2799 3875 Capitulum
2840 3803 2952 3857 XV.
2994 3804 3073 3860 De
3120 3803 3438 3860 immodico
3484 3804 3677 3862 studio
3723 3806 3824 3862 ha-

2538 3890 2711 3947 bendi
2744 3891 2901 3962 apud
2932 3907 3039 3946 nos
3054 3932 3819 3952 .........

2466 3980 2798 4053 Capitulum
2849 3982 2987 4035 XVI.
3051 3981 3129 4037 De
3184 3982 3404 4054 regulis
3460 3982 3821 4040 diversarum

2540 4068 2973 4140 correptionum

2469 4155 2799 4228 Capitulum
2831 4157 2996 4212 XVII.
3022 4156 3243 4222 Quibus
3272 4158 3607 4216 auctoribus
3634 4160 3709 4217 sit
3741 4161 3827 4217 in-

2536 4248 2776 4305 ventum
2809 4248 2874 4301 ut
2903 4244 3073 4301 lectio
3103 4246 3204 4302 fiat
3230 4249 3305 4304 ad
3330 4247 3705 4306 refectionem
3721 4268 3736 4316 ;
3768 4255 3825 4307 et

2542 4334 2612 4390 de
2644 4350 2861 4405 magno
2886 4334 3293 4406 AEgyptiorum
3326 4336 3557 4393 silentio
3618 4382 3629 4393 .
3659 4374 3671 4382 -
3711 4381 3723 4392 .
3805 4382 3819 4395 .

2470 4422 2801 4495 Capitulum
2844 4424 3030 4478 XVIII.
3075 4426 3261 4489 Quam
3304 4424 3573 4481 illicitum
3609 4426 3685 4482 sit
3720 4444 3823 4484 ex-

2538 4516 2943 4567 tra·mensam
3002 4528 3379 4569 communem
3442 4514 3664 4585 aliquid
3710 4514 3823 4571 cibi

2538 4604 2640 4656 aut
2668 4602 2837 4672 potus
2864 4603 3098 4672 gustare
3152 4642 3820 4659 ........

2467 4688 2799 4760 Capitulum
2829 4688 2966 4743 XIX.
3009 4688 3269 4754 Qualiter
3313 4708 3415 4761 per
3449 4691 3819 4749 Palaestinam

2538 4794 2606 4833 ac
2648 4776 3123 4849 Mesopotamiam
3163 4778 3505 4850 quotidiana
3547 4779 3824 4853 obsequia

2539 4865 2839 4922 Fratribus
2871 4866 3257 4924 exhibeantur

2468 4954 2799 5028 Capitulum
2830 4956 2941 5010 XX.
2973 4957 3051 5013 De
3079 4955 3267 5013 tribus
3304 4958 3505 5030 granis
3532 4959 3825 5017 lenticulae

2537 5061 2571 5100 a
2601 5044 2997 5115 dispensatore
3027 5045 3269 5117 repertis
3338 5089 3820 5105 ......

2468 5133 2800 5205 CapItqum
2858 5134 2998 5189 XXI.
3049 5136 3127 5191 De
3174 5138 3494 5206 spontaneo
3545 5154 3823 5209 quorum-

2542 5224 2680 5279 dam
2714 5222 2983 5278 Fratrum
3024 5223 3298 5296 obsequio
3331 5265 3821 5285 ......

2470 5310 2801 5383 Capitulum
2854 5312 3018 5367 XXII.
3069 5313 3146 5369 De
3191 5313 3591 5386 AEgyptiorum
3648 5318 3823 5373 modo

3894 1127 3965 1183 39

3894 1395 3966 1451 39

3897 1840 3970 1895 40

3807 2110 3971 2166 ,40

3896 2613 3965 2702 '41

3804 2825 3961 2880 .⁴1

3897 3093 3969 3148 ⁴1

3893 3361 3965 3416 ⁴1

3895 3718 3972 3774 42

3895 3897 3971 3952 ⁴2
