4359 6267
889 497 1011 563 272

1594 515 2010 563 COLLATIONUM
2051 517 2135 562 SS.
2171 517 2414 563 PA'rntm
2454 517 2631 564 mimi
2668 517 2732 563 11.
2778 535 2859 544 —
2898 515 3185 562 coLLATlo
3222 514 3289 560 xl

893 685 1269 768 descriptaS,
1312 705 1427 769 per
1469 707 1626 769 quas
1672 687 2091 770 suppleantur
2131 707 2209 750 ea
2251 707 2392 770 quae
2436 688 2514 750 de
2565 685 2955 769 perfectione
3002 685 3238 749 omissa
3283 693 3453 760 sunt,
3491 692 3605 748 aut
3651 684 3983 749 obscurius

895 794 1254 858 introducta
1287 795 1352 856 in
1385 795 1664 877 praefatis
1693 796 1928 859 nostris
1958 796 2305 878 opusculis
2340 796 2626 878 Denique
2658 795 2710 858 si
2743 796 2862 857 ista
2896 795 3301 876 nequiverint
3330 795 3557 857 satiare
3587 795 3758 857 sitim
3788 794 3984 857 studii

894 901 1112 976 vestri,
1144 901 1284 965 aliae
1313 910 1558 984 septem
1590 903 1968 966 Collationes
2000 903 2324 966 mittendae
2354 903 2589 966 sanctis
2622 902 2944 964 Fratribus
2982 901 3415 964 habitantibus
3445 901 3512 962 in
3545 901 3983 966 Stoechadibus

893 1008 1145 1085 insuliS‚
1191 1008 1636 1093 adimplebunt
1675 1011 1776 1092 (ut
1815 1011 2116 1092 arbitror)
2158 1010 2545 1074 desiderium
2588 1010 2783 1074 vestri
2826 1009 3086 1072 ardoris·

1933 1416 2690 1533 COLLATIO
2780 1421 2939 1531 XI

1766 1651 2151 1748 (Abbatis
2212 1652 2758 1732 Chaeremonis
2802 1658 3119 1757 prima)

1475 1891 1588 1942 DE
1658 1888 2333 1961 PERFECTIONE,
2402 1891 2612 1943 SIVE
2682 1892 2795 1944 DE
2866 1893 3398 1948 PERFECTIS.

1168 2213 1674 2280 CAPITULUM
1730 2211 2102 2275 PRIMUM.

1289 2363 1376 2418 De
1403 2361 1629 2434 oppido
1661 2360 1980 2416 Thenneso.

1029 2561 1289 2627 UANDO
1331 2579 1584 2624 eramus
1627 2558 1692 2620 in
1733 2557 2023 2621 coenobio
2067 2555 2283 2639 Syriae,
2322 2561 2385 2616 et

891 2561 1022 2764 Q
1045 2661 1460 2744 coepissemus
1485 2657 1792 2740 maiorem
1818 2655 2228 2738 perfectionis
2252 2671 2386 2734 gra-

888 2763 1042 2825 tiam
1082 2760 1462 2832 desiderare,
1495 2754 1984 2820 succedentibus
2025 2753 2385 2835 aliqualiter

890 2860 1301 2924 incrementis
1355 2865 1496 2941 post
1542 2857 1750 2940 prima
1797 2854 1952 2917 fidei
2001 2853 2380 2922 rudimenta,

890 2959 1341 3044 proposuimus
1371 2957 1584 3020 statim
1615 2957 1954 3038 AEgyptum
1982 2953 2283 3015 accedere
2312 2969 2385 3013 ac

889 3057 1376 3122 remotissimam
1409 3074 1695 3118 eremum
1727 3051 2064 3115 Thebaidis
2096 3056 2384 3133 penetra-

891 3177 980 3233 re,
1033 3164 1096 3221 et
1143 3156 1403 3219 visitare
1463 3154 1703 3216 ibidem
1763 3152 2074 3234 plurimos
2133 3157 2384 3212 sanctos

887 3257 1099 3319 Patres
1155 3272 1428 3337 quorum
1488 3251 1944 3335 perfectionem
2002 3256 2064 3312 et
2114 3248 2381 3331 gloriam

2408 2162 2461 2225 A
2494 2163 2892 2227 choretarum
2943 2175 3311 2250 assumptus
3358 2177 3422 2231 et
3472 2178 3689 2253 raptus
3736 2171 3861 2234 fuit
3906 2174 3982 2235 ad

2492 2263 2930 2345 episcopatum
2960 2266 3181 2348 oppidi
3218 2267 3351 2348 jam
3393 2269 3701 2351 praedicti,
3734 2279 3796 2334 et
3836 2291 3983 2334 cum

2492 2368 2665 2423 tanta
2691 2362 3086 2426 districtione
3118 2365 3458 2428 custodivit
3488 2368 3885 2450 propositum
3912 2389 3983 2432 ac

2494 2466 2723 2520 statuta
2771 2461 3230 2526 anachoretica²
3278 2463 3427 2526 vitae
3476 2465 3649 2527 omni
3700 2475 3983 2549 tempore

2496 2559 2594 2619 sui
2643 2557 3070 2640 episcopa'tuS,
3123 2562 3291 2642 quod
3342 2562 3506 2624 nihil
3556 2562 3861 2627 laxaverit
3907 2567 3984 2628 de

2495 2656 2781 2738 pristinae
2810 2677 2940 2720 suae
2970 2658 3350 2722 humilitatis
3381 2660 3783 2726 observantia
3812 2673 3877 2726 et
3906 2665 3983 2726 ri-

2492 2773 2663 2836 gore,
2707 2775 2822 2817 nec
2863 2757 2940 2818 de
2984 2757 3222 2820 honore
3265 2760 3585 2840 pontificii
3629 2762 3687 2823 ei
3738 2763 3987 2845 adjecto

2493 2853 2814 2917 blanditus
2844 2865 2940 2919 est
2968 2857 3114 2932 sibi,
3140 2878 3257 2921 nec
3288 2860 3515 2922 extulit
3544 2880 3629 2924 se.
3653 2862 3783 2924 Nec
3812 2861 3984 2924 enim

2495 2956 2811 3036 reputavit
2858 2975 2926 3018 se
2972 2966 3374 3040 assumptum
3421 2959 3502 3021 ad
3552 2968 3799 3022 tantum
3847 2959 3987 3023 offi-

2496 3053 2667 3114 cium
2716 3055 2897 3135 quasi
2947 3055 3268 3131 idoneum,
3320 3058 3432 3120 sed
3480 3059 3986 3141 conque-rebatur

2494 3171 2562 3214 se
2608 3171 2646 3214 a
2686 3152 3024 3234 disciplina
3062 3164 3126 3217 et
3166 3154 3608 3221 observatione
3650 3159 3987 3221 anachore-

2494 3250 2637 3314 ticae
2676 3251 3091 3316 institutionis
3141 3255 3501 3337 expulsum,
3542 3275 3618 3319 eo
3664 3259 3837 3339 quod
3884 3259 3987 3320 tri-

887 3354 1234 3418 diffuderat
1274 3352 1444 3414 fama
1479 3353 1543 3413 in
1577 3349 1752 3414 omni
1793 3357 1981 3422 terra,
2015 3365 2173 3430 quos
2213 3346 2383 3409 vole-
2415 3351 2461 3414 B
2492 3349 2667 3431 ginta
2708 3358 2952 3433 septem
2996 3354 3181 3415 annis
3225 3355 3289 3416 in
3334 3355 3675 3420 solitudine
3724 3375 3987 3420 conver-

888 3453 1114 3516 bamus
1164 3450 1439 3514 invisere
1495 3448 1549 3511 si
1607 3465 1734 3510 non
1795 3446 2006 3510 studio
2063 3444 2379 3518 imitandi,

887 3551 1112 3614 saltem
1163 3547 1478 3612 desiderio
1529 3545 1968 3627 cognoscendi.
2012 3545 2230 3627 Itaque
2279 3562 2385 3604 na·

888 3648 1207 3731 vigatione
1252 3654 1527 3729 peracta,
1576 3645 1983 3728 pervenimus
2027 3643 2106 3704 ad
2156 3641 2383 3704 urbem

887 3748 1139 3830 AEgypti
1168 3746 1572 3808 Thennesum
1607 3743 1887 3814 nomine,
1923 3742 2106 3822 cujus
2148 3740 2388 3803 habita-

889 3857 1058 3911 tores
1108 3845 1391 3926 undique
1441 3842 1857 3905 includuntur
1904 3841 2063 3902 mari
2111 3847 2222 3902 aut
2268 3847 2387 3901 sta-

891 3964 1015 4028 gno
1045 3945 1216 4018 salis,
1242 3944 1330 4006 ita
1357 3950 1426 4005 ut
1456 3941 1653 4005 dediti
1681 3959 1754 4003 ac
1786 3940 2012 4002 intenti
2043 3938 2387 4019 navigatio-

892 4045 1084 4108 nibus
1112 4050 1381 4117 tantum,
1406 4060 1482 4105 eo
1510 4040 1676 4124 quod
1709 4047 1872 4102 terra
1901 4038 1995 4100 eis
2025 4037 2209 4111 desit,
2233 4055 2385 4118 opes

893 4141 1441 4223 substantiamque
1472 4145 1816 4222 procurent
1844 4135 2053 4199 navali
2086 4153 2389 4198 commer-

894 4243 1016 4316 cio,
1048 4241 1200 4324 quia
1230 4247 1396 4303 terra
1421 4257 1550 4302 non
1592 4235 1877 4319 suppetit
1905 4234 2199 4298 aedificiis
2240 4251 2386 4296 con-

893 4340 1235 4414 struendis,
1277 4357 1478 4422 quum
1517 4337 1835 4401 aedificare
1876 4333 2217 4407 voluerint,
2262 4332 2385 4394 nisi

891 4446 1262 4522 apportetur
1309 4437 1580 4518 navigiis
1629 4437 1707 4498 de
1756 4433 2121 4516 longinquo.

1316 4691 1821 4756 CAPITULUM
1867 4691 1954 4754 ΙΙ.

1253 4841 1340 4896 De
1385 4840 1672 4896 Arthebio
1719 4839 2017 4913 episcopo.

1034 5036 1518 5100 DVENIENTES
1570 5045 1784 5100 autem
1832 5037 1910 5100 ad
1954 5036 2179 5100 urbem
2231 5056 2386 5119 prae-

1061 5135 1278 5211 fatam,
1335 5136 1699 5199 invenimus
1759 5136 1870 5210 ibi,
1923 5137 2051 5198 Deo
2108 5136 2383 5208 favente,

600 5251 668 5305 cf.
685 5264 727 5306 p.
743 5253 793 5294 67
806 5251 865 5296 c·.
894 5233 1335 5297 beatissimum
1373 5241 1565 5317 atque
1607 5235 2003 5318 praecipuum
2033 5234 2245 5297 virum
2275 5235 2385 5296 Ar-

893 5331 1184 5395 thebium
1243 5333 1603 5415 praesulem,
1650 5334 1762 5416 qui
1817 5333 1900 5396 ab
1957 5333 2179 5398 ordine
2238 5353 2383 5396 ana-

2495 3456 2689 3524 satuS‚
2748 3451 3031 3512 nondum
3090 3450 3468 3516 obtinuisset
3528 3454 3985 3536 perfectionem

2492 3567 2566 3610 ac
2596 3550 2939 3630 puritatem
2969 3559 3158 3614 tantae
3189 3552 3619 3633 professionis.
3654 3555 3865 3628 Quum
3894 3575 3986 3619 er-

2492 3664 2573 3728 go
2613 3656 2869 3711 sanctus
2900 3651 2999 3711 vir
3039 3651 3156 3714 iste
3198 3668 3311 3713 nos
3352 3652 3815 3716 humanissime
3854 3675 3987 3716 sus-

2496 3748 2770 3828 cepisset
2799 3749 2861 3810 in
2901 3749 3155 3812 civitate
3190 3752 3663 3832 praenominata‚
3698 3754 3773 3815 ad
3808 3773 3989 3836 quam

2495 3853 2751 3908 venerat
2796 3866 2985 3910 causa
3026 3837 3309 3932 episcopi
3354 3850 3653 3932 eligendi,
3694 3862 3759 3914 et
3800 3872 3988 3934 agno-

2495 3945 2693 4008 visset
2740 3946 3126 4009 desiderium
3176 3956 3463 4010 nostrum
3512 3968 3641 4031 quo
3688 3953 3989 4034 cupieba-

2498 4063 2639 4106 mus
2673 4045 2995 4126 inquirere
3035 4054 3285 4110 sanctos
3323 4048 3535 4111 Patres
3572 4051 3764 4113 etiam
3801 4052 3867 4114 in
3899 4071 3991 4114 re-

2497 4142 2875 4205 motioribus
2904 4144 3153 4226 AEgypti
3186 4145 3495 4226 partibuS‚
3520 4147 3681 4210 dixit
3704 4165 3719 4211 ε
3740 4149 3987 4225 Venite,

2499 4239 2882 4324 interimque
2914 4240 3124 4304 videte
3154 4262 3335 4306 senes
3368 4255 3836 4310 commorantes
3866 4266 3991 4311 non

2498 4339 2682 4420 longe
2728 4359 2766 4402 a
2824 4342 3208 4404 monasterio
3264 4349 3501 4416 nostro,
3552 4361 3827 4425 quorum
3887 4364 3993 4408 an-

2497 4439 2756 4521 tiquitas
2805 4439 2893 4500 ita
2949 4448 3211 4522 apparet
3254 4439 3321 4502 in
3369 4441 3717 4505 incurvatis
3776 4461 3993 4507 eorum

2418 4536 2461 4601 C
2499 4536 2894 4620 corporibuS,
2948 4556 3220 4620 quorum
3270 4546 3334 4601 et
3390 4541 3691 4602 sanctitas
3748 4542 3847 4605 sic
3904 4562 3996 4604 re-

2496 4636 2789 4719 splendet
2828 4636 2895 4697 in
2935 4637 3117 4699 vult-u
3156 4655 3401 4710 eorum,
3443 4645 3513 4699 ut
3552 4639 3726 4702 solus
3768 4659 3991 4704 eorum

2495 4736 2833 4818 adspectus
2873 4735 3071 4818 possit
3104 4754 3395 4817 magnam
3438 4736 3728 4801 conferre
3760 4739 3995 4801 utilita-

2495 4843 2623 4898 tem
2660 4842 2850 4916 atque
2889 4834 3243 4897 doctrinam
3283 4836 3533 4898 cunctis
3572 4853 3680 4898 eos
3721 4837 3993 4900 videnti-

2495 4932 2657 5012 bus3
2690 4952 2727 4994 a
2756 4932 2991 5015 quibus
3032 4934 3295 5014 potestis
3332 4932 3660 4997 addiscere
3699 4937 3996 5019 exemplo

2497 5032 2709 5114 potius
2742 5040 2975 5096 sanctae
3010 5032 3157 5096 vitae
3196 5051 3387 5115 quam
3424 5033 3661 5108 verbis,
3700 5034 3997 5116 perfecti-

2497 5151 2685 5194 onem
2725 5151 2916 5213 quam
2958 5151 3059 5194 me
3100 5132 3282 5195 doleo
3324 5131 3700 5214 perdidisse,
3734 5153 3857 5195 nec
3896 5153 3997 5196 va-

2499 5230 2595 5294 leo
2638 5231 2949 5312 perditam
2996 5229 3177 5294 vobis
3216 5231 3349 5312 jam
3394 5231 3660 5293 tradere.
3704 5231 3993 5314 Denique

2497 5331 2684 5394 credo
2734 5329 3264 5395 insufficientiam
3317 5339 3381 5394 et
3429 5331 3715 5414 inopiam
3786 5349 3993 5394 meam
