4359 6267
877 496 998 562 309.

1561 519 1976 569 COLLATtoNUM
2017 523 2102 568 SS.
2137 522 2381 568 PATRUM
2421 522 2596 569 Lmen
2636 524 2699 568 11.
2744 542 2825 552 --··
2866 523 3152 571 COLLATlo
3192 526 3296 572 xlv

1923 902 2614 1016 COLLATIO
2695 907 2945 1017 XIV

1789 1142 2172 1238 (Abbatis
2238 1145 2693 1223 Nesterotis
2746 1151 3067 1249 prima)

1892 1391 1996 1442 DE
2047 1392 2421 1444 SCIENTIA
2472 1393 2959 1447 SPIRITUALI.

1157 1705 1660 1770 CAPITULUM
1716 1705 2086 1768 PRIMUM.

1036 1828 1121 1883 De
1160 1826 1496 1898 multiplici
1534 1842 1750 1897 yenerc
1791 1827 2207 1882 scientiarum.

1015 1978 1166 2042 RDO
1197 1978 1556 2061 sponsionis
1585 1985 1816 2040 nostrae
1846 1977 2106 2059 requirit
2135 1986 2205 2039 ut.
2235 1979 2372 2041 sub-

1047 2085 1348 2160 sequatur
1392 2077 1646 2140 collatio
1687 2084 1750 2138 et
1790 2076 2078 2138 doctrina
2121 2076 2369 2140 abbatis

872 2176 1240 2250 NesterotiS,
1275 2175 1560 2258 praeclari
1594 2175 1660 2236 in
1689 2174 1989 2237 omnibus
2020 2175 2164 2248 viri,
2199 2195 2369 2238 sum-

877 2293 980 2337 ma
1020 2275 1287 2337 scientia
1325 2273 1621 2336 decorati.
1658 2273 1772 2346 Qui
1823 2293 2022 2356 quum
2067 2275 2371 2337 sensisset

876 2391 992 2436 nos
1045 2373 1522 2435 commendasse
1573 2372 1895 2434 memoriae
1942 2371 2156 2454 aliqua
2204 2373 2367 2435 Scri-

877 2479 1208 2553 pturarum
1239 2478 1623 2544 sanctarum,
1658 2478 1720 2532 et
1747 2470 2104 2532 desiderare
2137 2471 2371 2533 intelli-

874 2569 1154 2652 gentiam
1205 2568 1594 2643 earumdem,
1637 2569 1878 2650 incepit
1921 2587 2036 2632 nos
2081 2570 2168 2632 ita
2214 2569 2366 2632 afsa-

876 2670 928 2732 ri
965 2719 979 2733 .
1015 2669 1208 2732 Multa
1238 2668 1649 2731 scientiarum
1691 2675 1840 2730 sunt
1878 2687 2108 2749 genera
2151 2669 2217 2731 in
2248 2669 2368 2732 hoc

878 2768 1116 2831 mundo
1141 2786 1158 2848 ;
1193 2775 1362 2830 tanta
1391 2786 1668 2849 namque
1699 2767 1967 2828 varietas
1998 2774 2094 2828 est
2124 2787 2365 2842 earum,

876 2875 1110 2950 quanta
1157 2876 1221 2930 et
1277 2867 1512 2928 artium
1568 2875 1632 2929 et
1689 2865 2193 2948 disciplinarum.
2250 2866 2368 2929 Sed
2405 2861 2452 2923 B
2481 2877 2607 2921 non
2657 2860 2893 2924 devitat
2942 2883 2955 2925 :
3008 2863 3281 2945 Spiritus
3329 2866 3502 2928 enim
3552 2867 3663 2929 Dei
3712 2866 4233 2950 effugiet.0.,5..

874 2985 1074 3049 quum
1104 2985 1326 3029 omnes
1356 2973 1465 3027 aut
1495 2965 1757 3028 omnino
1787 2965 1914 3027 sint
1947 2965 2229 3040 inutiles,
2263 2973 2371 3028 aut

873 3065 1080 3128 solum
1132 3065 1378 3148 prosint
1421 3064 1773 3128 commodis
1823 3064 1968 3127 vitae
2015 3065 2368 3146 praesentiS,

873 3163 1048 3226 nulla
1080 3172 1292 3226 tamen
1323 3170 1419 3226 est
1449 3183 1591 3245 quae
1622 3180 1750 3224 non
1780 3162 2006 3225 habeat
2038 3162 2369 3245 proprium

872 3263 1163 3327 ordinem
1211 3282 1286 3324 ac
1335 3262 1643 3324 rationem
1695 3281 1824 3324 suae
1884 3262 2206 3336 doctrinae‚
2260 3281 2372 3343 per

875 3380 1034 3444 quos
1087 3360 1287 3442 possit
1343 3360 1422 3422 ab
1471 3359 1915 3442 expetentibus
1968 3359 2262 3422 obtineri.
2308 3359 2371 3422 Si

877 3459 1073 3540 igitur
1097 3458 1220 3520 illae
1250 3465 1416 3519 artes
1446 3458 1521 3518 ad
1554 3457 1654 3519 sui
1686 3456 2263 3520 manifestationem
2289 3458 2375 3519 di-

878 3559 1174 3640 riguntur
1203 3556 1393 3619 certis
1422 3575 1494 3618 ac
1527 3555 1802 3638 propriis
1836 3556 2020 3619 lineis
2052 3576 2162 3619 seu
2196 3575 2375 3638 regu-

882 3657 980 3730 lis,
998 3663 1234 3738 quanto
1261 3655 1460 3735 magis
1486 3654 1824 3735 disciplina
1847 3662 2036 3737 atque
2063 3655 2375 3736 professio

882 3763 1112 3819 nostrae
1154 3752 1502 3835 religioniS,
1546 3773 1687 3834 quae
1734 3753 1932 3816 tendit
1971 3755 2047 3816 ad
2093 3762 2374 3816 contem-

883 3855 1112 3937 planda
1175 3872 1403 3915 arcana
1465 3851 1888 3914 invisibilium
1952 3859 2372 3915 sacramento-

881 3973 1046 4028 rum,
1101 3972 1217 4014 nec
1277 3950 1503 4034 quaerit
1560 3951 2044 4013 retributionem
2096 3957 2374 4032 quaestus

2400 1676 2451 1737 A
2482 1677 2769 1758 acquirat
2805 1681 2979 1742 omni
3025 1681 3235 1744 studio
3276 1701 3349 1744 ac
3391 1683 3625 1746 virtute
3666 1686 3981 1749 actualem

2482 1775 2833 1839 scientiam.
2887 1780 3169 1842 Actualis
3216 1800 3492 1863 namque
3540 1801 3654 1844 seu
3705 1785 3985 1865 practica

2484 1875 2793 1956 possideri
2829 1885 3037 1960 potest
3068 1878 3309 1961 absque
3343 1880 3665 1960 theorica3
3701 1883 3983 1946 theorica

2483 1991 2633 2036 vero
2686 1993 3087 2058 nequaquam
3138 1979 3530 2060 apprehendi
3584 1989 3793 2062 potest
3838 1983 3980 2045 abs-

2482 2091 2607 2153 que
2664 2075 2896 2136 actuali
2956 2075 3240 2138 scientia.
3294 2077 3536 2140 Gradus
3590 2080 3833 2164 quippe
3888 2083 3981 2144 sic

2480 2169 2753 2230 ordinati
2802 2179 2950 2232 sunt
2997 2166 3186 2253 atqu'e
3237 2173 3541 2248 distincti,
3586 2184 3653 2238 ut
3700 2176 3983 2239 humana

2481 2266 2811 2330 humilitas
2850 2269 3049 2351 possit
3088 2271 3165 2332 ad
3204 2272 3430 2335 altiora
3464 2275 3827 2337 ascendere.
3864 2276 3979 2348 Qui

2480 2367 2711 2446 gradus
2765 2367 2817 2428 si
2880 2368 3152 2432 invicem
3214 2370 3337 2432 sibi
3398 2374 3742 2435 succedant
3792 2376 3981 2438 modo

2482 2473 2801 2546 praetacto,
2855 2475 3062 2549 potest
3109 2469 3300 2532 homo
3346 2471 3423 2533 ad
3483 2472 3788 2534 sublimia
3845 2493 3983 2556 per-

2482 2563 2721 2638 venire,
2756 2567 2832 2627 ad
2873 2586 3013 2647 quae
3054 2568 3440 2631 transvolare
3481 2588 3607 2633 non
3648 2571 3818 2634 valet
3858 2573 3984 2653 pri-

2484 2680 2588 2725 mo
2635 2665 2832 2744 gradu
2892 2665 3160 2729 sublato.
3216 2668 3469 2730 Frustra
3528 2669 3721 2751 igitur
3778 2673 3983 2733 tendit

2480 2761 2557 2822 ad
2599 2762 2709 2824 Dei
2745 2772 3180 2846 conspectum,
3216 2766 3327 2848 qui
3358 2767 3659 2829 vitiorum
3698 2769 3982 2832 maculas

2483 2967 2837 3038 peccatum,
2880 2979 2997 3023 nec
3047 2962 3358 3025 habitabit
3407 2963 3471 3026 in
3522 2983 3787 3048 corpore
3836 2967 3983 3029 sub-

2482 3056 2613 3118 dito
2658 3058 2953 3138 peccatis.

2883 3291 3387 3355 CAPITULUM
3452 3292 3573 3356 III.

2662 3413 2833 3480 Quod
2868 3414 3132 3469 actualis
3167 3415 3429 3470 scientia
3465 3418 3535 3471 in
3569 3417 3803 3474 duobus

3078 3507 3389 3560 consistat.

2634 3657 2753 3719 AEC
2811 3663 3021 3718 autem
3082 3658 3349 3720 actualis
3412 3659 3679 3722 scientia
3736 3663 3859 3724 sita
3916 3663 3979 3724 in

2663 3754 2914 3817 duobus
2956 3762 3069 3817 est.
3110 3756 3264 3818 Nam
3308 3757 3554 3839 primus
3600 3761 3826 3822 modus
3868 3781 3982 3823 seu

2483 3855 2714 3934 gradus
2754 3855 2895 3935 ejus
2940 3863 3055 3928 est,
3093 3863 3161 3916 ut
3206 3864 3429 3918 natura
3471 3858 3759 3921 omnium
3803 3861 3985 3923 vitio-

2485 3973 2627 4016 rum
2677 3960 2740 4016 et
2788 3954 2946 4016 ratio
2994 3955 3339 4016 curationis
3396 3975 3616 4018 eorum
3676 3959 3978 4021 sciantur.

880 4052 1230 4135 praesentiS,
1301 4052 1408 4113 sed
1477 4050 1871 4113 aeternalium
1941 4051 2371 4131 praemiorum,
2406 4048 2449 4111 C
2486 4052 2813 4114 Secundus
2854 4059 2971 4125 est,
3006 4060 3072 4113 ut
3117 4053 3201 4114 ita
3241 4053 3636 4117 discernatur
3674 4057 3827 4119 ordo
3859 4059 3983 4119 vir-

880 4150 1171 4213 subsistit
1200 4149 1420 4212 ordine
1452 4156 1624 4211 certo
1654 4168 1726 4211 ac
1759 4149 2036 4213 ratione?
2059 4148 2255 4231 Cujus
2287 4169 2376 4212 re-

881 4249 1134 4330 ligionis
1167 4247 1434 4310 scientia
1463 4247 1700 4328 duplex
1731 4255 1858 4312 est:
1882 4249 2082 4329 prima
2111 4256 2208 4310 est
2239 4267 2374 4329 pra-

880 4347 1044 4408 ctica
1082 4365 1191 4408 seu
1222 4345 1511 4418 actualiS‚
1547 4345 1614 4406 in
1643 4345 2083 4408 emendatione
2125 4354 2189 4408 et
2226 4366 2373 4428 pur-

879 4445 1132 4526 gatione
1162 4443 1464 4506 vitiorum
1498 4444 1883 4523 consistens3
1915 4445 2037 4506 alia
2069 4446 2370 4520 theorica,

881 4563 1019 4624 quae
1046 4542 1334 4604 consistit
1359 4542 1424 4604 in
1451 4542 1986 4625 contemplatione
2012 4545 2372 4607 divinorum

883 4651 944 4705 et
984 4640 1343 4722 cognitione
1383 4660 1687 4704 sensuum
1727 4643 2321 4706 sacratissimorum.

1308 4869 1811 4933 CAPITULUM
1875 4871 1964 4933 II.

975 4993 1061 5048 De
1089 4991 1598 5064 apprehendenda
1625 4990 2053 5061 spiritualium
2080 5007 2284 5048 rerum

1451 5082 1814 5151 coynitione.

2486 4156 2715 4221 tutum,
2758 4155 2821 4210 et
2866 4167 3045 4210 mens
3096 4156 3309 4212 nostra
3360 4151 3447 4213 ita
3493 4150 3804 4215 formetur
3846 4173 3984 4236 per-

2486 4247 2759 4310 fectione
2790 4265 3032 4320 earum,
3059 4254 3127 4308 ut
3160 4247 3289 4310 illis
3320 4248 3666 4311 famuletur
3694 4270 3819 4314 non
3848 4252 3981 4334 jam

2486 4346 2665 4429 quasi
2700 4354 2913 4409 coacta
2950 4355 3058 4407 aut
3090 4344 3368 4409 violento
3402 4348 3674 4431 imperio
3704 4349 3981 4424 subdita,

2486 4444 2597 4506 sed
2655 4442 3002 4504 delectetur
3058 4451 3121 4505 et
3178 4452 3473 4525 pascatur
3530 4445 3625 4508 eis
3682 4454 3983 4528 tanquam

2487 4541 2754 4604 naturali
2814 4540 2983 4604 bono
3038 4550 3103 4603 et
3152 4542 3755 4607 convenientissimo
3814 4545 3983 4617 cibo.

2486 4642 2875 4722 arduumque
2906 4641 3073 4703 viam
3116 4641 3339 4703 salutis
3378 4661 3525 4704 cum
3567 4643 3983 4707 delectatione

2489 4739 2905 4822 perambulet.
2960 4739 3238 4814 Qualiter
3283 4741 3455 4802 enim
3505 4741 3743 4804 valebit
3796 4743 3985 4804 attin-

2486 4858 2633 4921 gere
2693 4838 3000 4901 rationem
3061 4838 3481 4920 habitumque
3530 4840 3862 4915 virtutum,
3918 4841 3984 4903 in

2489 4956 2616 5019 quo
2679 4937 2966 5000 consistit
3024 4938 3256 5019 gradus
3317 4940 3635 5002 secundus
3701 4940 3985 5002 scientiae.

2488 5036 2776 5110 actualiS‚
2824 5043 2933 5098 aut
2978 5045 3371 5099 sacramenta
3417 5038 3847 5119 spiritualium
3898 5047 3986 5100 at-

2489 5155 2613 5218 que
2646 5135 3002 5198 coelestium
3041 5154 3255 5197 rerum
3288 5135 3353 5198 in
3383 5137 3583 5217 gradu
3623 5137 3983 5200 sublimiori

1029 5233 1459 5307 UICUMQUE
1500 5250 1650 5313 ergo
1688 5232 1765 5293 ad
1810 5232 2156 5295 theoricam
2203 5234 2378 5296 volu-
2410 5238 2459 5299 D
2490 5234 2808 5308 theoricae,
2861 5233 2970 5316 qui
3024 5239 3311 5296 naturam
3361 5234 3665 5298 vitiorum
3720 5253 3981 5298 suorum

891 5231 1022 5433 Q
1056 5332 1179 5395 erit
1218 5331 1576 5415 pervenire,
1620 5349 1878 5394 necesse
1920 5339 2016 5393 est
2059 5338 2127 5393 ut
2167 5332 2378 5414 primo
2489 5333 2779 5416 nequivit
2827 5350 3227 5416 cognoscere,
3281 5353 3397 5396 nec
3448 5352 3523 5396 ea
3570 5342 3831 5397 conatus
3885 5343 3982 5398 est
