4359 6267
820 467 943 534 436

895 658 1072 805 ἓξὲξ
1118 661 1259 731 tibi;
1312 664 1566 739 majores
1619 670 1768 731 tuos,
1827 669 1884 723 et
1937 667 2132 724 dicent
2188 666 2312 734 tibi,

1412 932 1723 989 JUDICUM.

825 1100 916 1166 111,
960 1101 1008 1167 1,
1049 1103 1102 1167 2,
1147 1102 1200 1158 4.
1250 1103 1350 1159 Hae
1394 1106 1533 1160 sunt
1587 1108 1786 1177 gentes
1841 1121 1988 1177 quas
2033 1105 2319 1163 Dominus

896 1190 1223 1263 dereliquit,
1264 1194 1329 1248 ut
1364 1192 1622 1250 erudiret
1653 1194 1714 1249 in
1748 1194 1831 1251 eis
1875 1194 2211 1252 Israelem...
2259 1200 2323 1253 ut

895 1282 1094 1351 postea
1149 1280 1438 1338 discerent
1493 1281 1597 1337 filii
1651 1299 1855 1340 eorum
1906 1286 2123 1341 certare
2179 1302 2321 1341 cum

896 1368 1176 1435 hostibus,
1209 1373 1265 1427 et
1294 1370 1505 1428 habere
1533 1372 2015 1429 consuetudinem
2050 1374 2320 1446 praelian-

896 1457 1018 1513 di...
1051 1458 1399 1532 Dimisitque
1428 1476 1543 1525 eos,
1577 1463 1641 1516 ut
1677 1459 1738 1516 in
1779 1461 1920 1534 ipsis
1958 1462 2320 1534 experiretur

897 1547 1186 1614 Israelem,
1221 1552 1418 1605 utrum
1453 1549 1680 1607 audiret
1709 1553 1988 1608 mandata
2015 1552 2313 1608 Domini...

895 1652 971 1693 an
1001 1653 1139 1704 non,
1174 1639 1277 1693 178
1291 1638 1351 1694 C.

827 1758 896 1767 -
927 1727 1012 1782 15.
1041 1728 1228 1784 Aod...
1272 1731 1516 1802 utraque
1555 1746 1738 1786 manu
1775 1746 1879 1802 pro
1921 1731 2158 1788 dextera
2196 1733 2317 1788 ute-

897 1816 1086 1881 batur,
1116 1817 1224 1872 205
1237 1817 1318 1873 Α’.
1925 1828 1934 1835 ”

1392 1994 1465 2050 111
1505 1956 1765 2053 ascum.

823 2163 967 2228 XIII,
1005 2164 1093 2219 26.
1127 2162 1226 2219 Vir
1261 2163 1361 2221 Dei
1404 2166 1509 2229 est,
1541 2164 1643 2237 qui
1687 2165 2026 2224 inobediens
2075 2166 2187 2224 suit
2234 2168 2320 2225 ori

896 2252 1149 2319 Domini,
1188 2256 1247 2310 et
1282 2253 1524 2310 tradidit
1560 2271 1696 2311 eum
1736 2256 2020 2313 Dominus
2058 2256 2232 2324 leoni,
2265 2262 2323 2314 et

895 2341 1407 2415 confregit-eum...
1430 2344 1605 2416 juxta
1628 2346 1872 2401 verbum
1899 2346 2132 2402 Domini
2163 2349 2320 2419 quod

894 2431 1124 2513 locutus
1149 2434 1238 2489 est
1261 2431 1333 2499 ei,
1365 2434 1470 2489 223
1486 2434 1542 2489 C.

823 2520 1015 2587 XVIII,
1045 2521 1135 2576 37.
1164 2521 1387 2578 Exaudi
1418 2538 1531 2589 me,
1563 2522 1893 2589 Domine....
1917 2527 1984 2580 ut
2008 2523 2194 2581 discat
2220 2543 2321 2598 po·-

895 2609 1070 2683 pulus
1106 2610 1211 2666 iste
1248 2610 1386 2682 quia
1422 2614 1487 2667 tu
1523 2627 1584 2668 es
1624 2613 1908 2669 Dominus
1936 2614 2104 2679 Deus,
2137 2615 2317 2670 31613.

823 2700 936 2763 XX,
987 2698 1076 2766 31,
1123 2700 1212 2754 32.
1263 2699 1659 2773 Dixeruntque
1706 2700 1756 2758 ei
1802 2703 2126 2773 (Benadad)
2171 2704 2319 2760 servi

896 2788 986 2845 sui
1038 2804 1051 2844 ε
1099 2790 1242 2844 Ecce
1290 2788 1626 2846 audivimus
1674 2792 1830 2862 quod
1886 2807 2052 2863 reges
2108 2793 2321 2850 domus

896 2877 1070 2935 lsrael
1106 2877 1420 2935 clementes
1449 2878 1566 2935 sint
1585 2897 1601 2945 ;
1634 2896 1924 2952 ponamus
1963 2880 2156 2953 itaque
2195 2898 2320 2938 sac-

896 2984 994 3023 cos
1037 2966 1097 3023 in
1141 2966 1361 3023 lumbis
1398 2967 1611 3023 nostris
1645 2970 1702 3025 et
1738 2967 2028 3025 funiculos
2066 2969 2126 3025 in
2162 2970 2321 3043 capi-

892 3056 1050 3114 tibus
1094 3055 1326 3121 nostrIS,
1365 3059 1423 3112 et
1468 3056 1841 3128 egrediamur
1877 3060 1951 3113 ad
1997 3076 2196 3131 regem
2242 3061 2319 3114 ls-

891 3145 1102 3202 rael...
1163 3146 1574 3217 veneruntque
1630 3148 1705 3202 ad
1755 3162 1955 3218 regem
2014 3147 2209 3215 Israel,
2264 3152 2322 3206 et

897 3235 1168 3291 dixerunt
1213 3234 1264 3291 ei
1307 3252 1320 3291 :
1361 3236 1569 3292 Servus
1615 3239 1752 3292 tuus
1799 3237 2072 3293 Benadad
2119 3237 2262 3293 dicit
2303 3256 2315 3293 :

897 3324 1079 3389 Vivat,
1125 3340 1227 3380 oro
1273 3327 1348 3390 te,
1391 3324 1592 3381 anima
1635 3342 1784 3382 mea.
1826 3328 1896 3381 Et
1941 3326 2036 3383 ille
2084 3327 2164 3383 ait
2205 3344 2217 3383 :
2260 3328 2317 3383 Si

901 3413 1094 3471 adhuc
1120 3413 1274 3478 vivit,
1305 3412 1482 3470 frater
1510 3430 1676 3471 meus
1705 3419 1808 3479 est,
1837 3416 2038 3471 -123Β’.

823 3503 988 3567 XXII,
1019 3504 1108 3557 22.
1139 3503 1435 3575 Egrediar,
1467 3507 1523 3560 et
1559 3520 1658 3560 ero
1692 3504 1935 3576 spiritus
1974 3507 2224 3562 mendax
2255 3505 2315 3561 in

843 3640 848 3645 .
896 3608 993 3650 ore
1024 3592 1290 3649 omnium
1322 3593 1736 3665 prophetarum
1765 3596 1910 3668 ejus,
1943 3596 2120 3651 146Α.

1379 3781 1450 3836 IV
1488 3781 1744 3837 REGUM.

823 3954 864 4019 1,
894 3954 948 4008 8.
982 3951 1083 4008 Vir
1108 3952 1348 4024 pilosuS,
1378 3954 1436 4008 et
1462 3967 1606 4008 zona
1635 3951 1874 4024 pellicea
1903 3952 2201 4009 accinctus
2229 3970 2316 4010 re-

891 4041 1128 4099 nibus...
1159 4041 1316 4097 Elias
1342 4028 1652 4098 Thesbites‘
1665 4043 1768 4107 est,
1800 4041 1954 4097 1913’.

821 4133 909 4199 IV,
939 4134 1028 4189 29.
1071 4131 1225 4188 Tolle
1269 4130 1545 4187 baculum
1595 4148 1861 4187 meum...
1903 4134 1960 4188 et
2001 4133 2207 4188 vade...
2248 4134 2316 4187 Et

891 4238 1071 4294 pones
1109 4221 1385 4277 baculum
1429 4236 1630 4277 meum
1667 4236 1843 4292 super
1880 4219 2089 4277 faciem
2130 4220 2313 4293 pueri,

819 4402 883 4467 V,
914 4402 1003 4456 27.
1044 4401 1227 4472 Lepra
1261 4400 1522 4457 Naaman
1562 4398 1885 4455 adhaerebit
1919 4398 2090 4455 tibi...
2132 4415 2315 4471 usque

890 4489 951 4545 in
991 4488 1435 4561 sempiternum.
1474 4488 1542 4543 Et
1578 4503 1846 4560 egressus
1883 4491 1971 4545 est
2005 4487 2207 4561 (Giezi)
2242 4489 2314 4543 ab

892 4566 958 4635 eo
985 4578 1248 4650 leprosus
1277 4576 1443 4648 quasi
1472 4575 1593 4643 nix,
1626 4577 1696 4631 82
1708 4577 1788 4642 B',
1818 4578 1887 4632 87
1899 4576 1978 4633 B'.

817 4668 909 4734 vl,
951 4669 1038 4723 30.
1084 4669 1204 4724 Rex
1250 4665 1422 4721 scidit
1459 4665 1807 4723 vestimenta
1847 4684 2013 4723 sua...
2044 4666 2316 4739 Viditque

889 4756 1082 4813 omnis
1112 4754 1361 4829 populus
1391 4754 1647 4811 ciIIcium
1679 4771 1794 4827 quo
1821 4756 2062 4812 vestitus
2088 4758 2214 4812 erat
2241 4756 2316 4811 ad

891 4863 1128 4903 carnem
1160 4845 1529 4909 intrinsecus,
1561 4844 1725 4900 20D’.

1213 5034 1260 5089 11
1303 5032 1917 5089 PARALIPOMENON.

819 5211 1004 5275 XXIV,
1042 5209 1127 5272 17,
1173 5208 1255 5262 18.
1297 5206 1610 5277 Postquam
1659 5205 1856 5259 autem
1906 5202 2050 5259 obiit
2093 5204 2313 5267 mlada,

892 5297 1140 5373 ingressi
1171 5299 1308 5353 sunt
1336 5293 1629 5367 principes
1657 5292 1822 5359 Juda,
1846 5295 1901 5350 et
1929 5292 2319 5349 adoraverunt

2031 498 2219 543 INDEX
2269 498 2319 543 S.
2366 497 2709 545 SCRIPTUM

2496 685 2691 742 regem
2714 670 2910 743 (Joas)‚
2934 670 3034 743 qui
3068 670 3345 728 delinitus
3373 668 3667 742 obsequiis
3694 684 3921 733 eorum,

2497 759 2785 831 acquievit
2812 760 2913 817 eis.
2943 762 3012 816 Et
3042 760 3477 833 dereliquerunt
3504 758 3793 832 templum
3816 758 3925 813 Do-

2499 847 2666 914 mini,
2718 848 2816 905 Dei
2874 854 3109 922 patrum
3167 866 3430 911 suorum,
3486 848 3926 920 servieruntque

2498 937 2646 994 lucis
2675 940 2732 995 et
2758 938 3162 1011 sculptilibus;
3193 942 3251 995 et
3278 937 3429 995 facta
3464 940 3551 995 est
3591 937 3679 994 ira
3722 940 3927 993 contra

2497 1028 2709 1083 Judam
2740 1032 2797 1084 et
2824 1027 3143 1085 Jerusalem
3176 1031 3413 1101 propter
3449 1028 3558 1083 hoc
3599 1030 3924 1100 peccatum,

2505 1117 2607 1171 122
2622 1116 2698 1173 C’.

2430 1205 2614 1270 XXVI,
2664 1207 2748 1272 15,
2797 1208 2883 1262 16.
2930 1208 3356 1279 Egressumque
3402 1209 3489 1263 est
3535 1221 3753 1262 nomen
3799 1205 3927 1277 ejus

2500 1294 2699 1368 (Oziae)
2736 1296 2957 1368 procul,
2996 1312 3065 1353 eo
3109 1298 3266 1369 quod
3302 1294 3686 1353 auxiliaretur
3724 1294 3777 1352 ei
3816 1295 3927 1349 Do-

2502 1384 2719 1450 minus,
2770 1387 2827 1441 et
2872 1386 3301 1441 corroborasset
3344 1384 3532 1442 illum.
3582 1386 3694 1441 Sed
3741 1399 3925 1455 quum

2501 1474 2809 1531 roboratus
2832 1478 3000 1540 esset,
3027 1474 3313 1531 elevatum
3350 1476 3439 1531 est
3466 1490 3567 1530 cor
3594 1474 3720 1545 ejus
3747 1474 3807 1529 in
3839 1473 3928 1528 in-

2499 1562 2739 1620 teritum
2784 1580 2978 1631 suum,
3010 1566 3067 1621 et
3094 1564 3352 1637 neglexit
3387 1562 3706 1620 Dominum
3741 1563 3927 1619 Deum

2501 1668 2697 1718 suum,
2732 1653 2908 1707 112Β.

2430 1741 2641 1807 XXXII,
2682 1743 2771 1807 25,
2810 1743 2897 1797 26.
2940 1743 3051 1799 Sed
3090 1759 3208 1799 non
3246 1743 3420 1815 juxta
3458 1740 3754 1807 beneficia,
3796 1756 3931 1813 quoe

2505 1833 2808 1902 acceperat
2851 1831 3188 1904 (Ezechias),
3231 1830 3517 1895 retribuit,
3562 1830 3701 1903 quia
3740 1831 3927 1887 eleva·

2501 1922 2628 1975 tum
2666 1924 2756 1977 est
2792 1937 2891 1977 cor
2927 1921 3054 1995 ejus
3074 1939 3089 1988 ;
3131 1924 3189 1978 et
3225 1919 3377 1977 facta
3418 1924 3506 1977 est
3547 1922 3751 1977 contra
3786 1936 3927 1976 eum

2504 2006 2609 2072 ira,
2641 2011 2699 2065 et
2728 2012 2929 2065 contra
2956 2009 3167 2066 Judam
3197 2012 3255 2065 et
3279 2007 3618 2065 Jerusalem.
3641 2005 3927 2063 Humilia-

2502 2099 2711 2169 tusque
2740 2101 2828 2154 est
2855 2101 3070 2170 postea,
3092 2115 3159 2154 eo
3191 2100 3348 2171 quod
3375 2098 3693 2154 exaltatum
3723 2095 3931 2153 fuisset

2504 2202 2603 2242 cor
2632 2188 2776 2260 ejus,
2806 2191 2929 2243 tam
2960 2188 3081 2259 ipse
3112 2204 3292 2260 quam
3321 2186 3673 2243 habitatores
3698 2186 3928 2243 Jerusa-

2506 2276 2621 2333 lem
2646 2295 2661 2343 ;
2692 2279 2751 2333 et
2777 2276 2995 2333 idcirco
3033 2294 3151 2334 non
3179 2277 3337 2334 venit
3374 2293 3549 2349 super
3574 2293 3673 2333 eos
3700 2275 3787 2331 ira
3814 2276 3929 2330 Do-

2507 2365 2654 2421 mini
2686 2366 2745 2421 in
2776 2366 2981 2423 diebus
3008 2366 3279 2433 Ezechiae,
3312 2367 3410 2422 111
3430 2366 3510 2423 C’.

3104 2553 3249 2609 JOB.

2433 2717 2473 2781 1,
2512 2718 2565 2781 9,
2609 2716 2692 2771 10.
2740 2714 3041 2786 Numquid
3081 2715 3184 2770 Job
3228 2712 3443 2771 frustra
3482 2713 3651 2771 timet
3692 2714 3931 2772 Deum?

2503 2806 2706 2861 Nonne
2733 2807 2798 2861 tu
2825 2802 3053 2860 vallasti
3082 2820 3219 2860 eum
3249 2819 3317 2859 ac
3346 2804 3588 2860 domum
3617 2803 3763 2876 ejus,
3794 2803 3931 2860 uni-

2502 2908 2845 2964 versamque
2866 2891 3253 2948 substantiam
3272 2908 3375 2963 per
3388 2890 3698 2948 circuitum
3710 2890 3737 2946 2
3751 2892 3852 2947 178
3866 2894 3928 2947 B.

2432 2983 2498 3047 II,
2530 2984 2583 3038 6.
2617 2981 2835 3037 Dixit...
2868 2980 3153 3037 Dominus
3181 2981 3254 3036 ad
3286 2982 3461 3036 Satan
3495 2996 3508 3035 ε
3540 2982 3681 3038 Ecce
3710 2980 3770 3037 in
3802 2997 3933 3037 ma-

2502 3089 2583 3129 nu
2604 3074 2705 3128 tua
2724 3074 2827 3137 est,
2851 3072 3256 3126 verumtamen
3278 3068 3543 3125 animam
3564 3068 3721 3126 illius
3740 3086 3929 3137 serva,

2500 3161 2606 3216 217
2618 3160 2699 3215 Β’.

2429 3282 2503 3291 -
2530 3251 2580 3306 7.
2614 3251 2856 3306 Satan...
2888 3247 3174 3321 percussit
3210 3248 3314 3304 Job
3353 3247 3544 3305 ulcere
3582 3247 3851 3320 pessimo,
3894 3266 3937 3305 a

2505 3338 2705 3411 planta
2732 3338 2895 3411 pedis
2925 3354 3109 3410 usque
3136 3338 3212 3393 ad
3242 3337 3517 3393 verticem
3546 3336 3691 3410 ejus,
3720 3338 3931 3393 203A’.

2431 3460 2500 3470 -—
2528 3429 2581 3483 8.
2616 3427 2725 3494 Qui
2754 3430 2902 3484 testa
2930 3426 3155 3484 saniem
3184 3427 3443 3493 radebat,
3468 3427 3675 3484 sedens
3704 3426 3761 3481 in
3784 3430 3934 3484 ster-

2503 3515 2767 3588 quilini0,
2798 3516 2998 3571 205D’.

2431 3638 2499 3649 —
2531 3606 2617 3662 10.
2647 3605 2703 3661 Si
2736 3606 2890 3662 bona
2915 3604 3279 3677 suscepimus
3308 3605 3379 3661 de
3410 3620 3591 3661 manu
3619 3604 3738 3669 Dei,
3768 3604 3936 3662 mala

2502 3711 2683 3767 quare
2710 3710 2825 3750 non
2856 3694 3247 3767 suscipiamus
3266 3693 3293 3749 ἵ
3316 3694 3496 3749 2068.

2426 3785 2493 3851 V,
2514 3786 2569 3839 2.
2601 3783 2857 3841 Stultum
2887 3783 3161 3840 interficit
3188 3781 3511 3848 iracundia,
3534 3786 3591 3839 et
3616 3783 3931 3856 parvulum

2500 3874 2712 3930 occidit
2740 3873 2975 3939 invidia,
3006 3874 3075 3928 63
3088 3873 3169 3928 B’.

2425 3994 2497 4005 -—
2526 3964 2613 4018 23.
2656 3962 2863 4020 Bestiae
2899 3966 3069 4018 terrae
3104 3961 3361 4035 pacificae
3396 3965 3570 4019 erunt
3604 3962 3729 4025 tibi,
3758 3963 3829 4018 97
3843 3964 3929 4018 C’.

2430 4052 2667 4118 XXVIII,
2715 4053 2800 4108 18.
2842 4050 3175 4108 Trahitur...
3220 4050 3506 4123 sapientia
3546 4052 3617 4108 de
3662 4050 3929 4119 occultis,

2497 4143 2622 4198 269.

2428 4231 2713 4295 XXXVIII,
2747 4232 2799 4296 7,
2832 4230 3005 4303 juxta
3040 4231 3195 4286 LXX.
3230 4231 3476 4295 Quando
3506 4229 3658 4288 sacta
3684 4234 3821 4287 sunt
3846 4230 3933 4287 si·

2503 4322 2643 4376 dera
2688 4319 2917 4383 mundi,
2958 4318 3344 4376 laudaverunt
3390 4335 3484 4376 me
3529 4336 3667 4377 voce
3709 4336 3936 4393 magna

2502 4408 2694 4481 angeli
2726 4408 2861 4473 mei,
2894 4408 3001 4464 230
3015 4408 3091 4463 C'.

2954 4596 3397 4653 PSALMORUM.

2431 4757 2520 4823 IV,
2550 4758 2603 4812 5.
2637 4754 2963 4812 IrascImini
2994 4757 3050 4812 et
3077 4755 3255 4812 nolite
3294 4772 3550 4828 peccare,
3580 4757 3744 4813 90C’.

2427 4877 2501 4887 —
2530 4878 2594 4886 —
2626 4847 2766 4911 Quoe
2797 4844 2989 4910 dicitIs
3019 4844 3077 4901 in
3110 4844 3383 4902 cordibus
3417 4845 3642 4912 vestris,
3674 4845 3734 4902 in
3763 4847 3937 4904 cubi-

2498 4934 2653 4991 libus
2682 4933 2886 4991 vestris
2912 4933 3399 5007 compungimini,
3429 4936 3495 4991 91
3511 4936 3573 4989 Β.

2429 5024 2518 5089 VI,
2550 5025 2602 5079 6.
2635 5024 2761 5079 Non
2791 5028 2879 5080 est
2907 5022 2967 5079 in
2998 5026 3185 5080 morte
3216 5024 3316 5096 qui
3348 5040 3577 5081 memor
3604 5025 3681 5080 311
3705 5025 3789 5081 tui
3814 5044 3828 5091 ;
3864 5026 3933 5084 in

2500 5112 2726 5170 inferno
2756 5117 2953 5170 autem
2985 5112 3117 5185 quis
3144 5114 3515 5170 confitebitur
3540 5112 3692 5169 tibi?
3724 5115 3935 5171 uzss’.

2432 5236 2497 5245 —
2529 5205 2581 5269 7,
2611 5206 2663 5259 9.
2706 5203 2981 5260 Laboravi
3022 5203 3081 5259 in
3122 5204 3345 5275 gemitu
3388 5220 3536 5269 meo,
3578 5204 3781 5260 lavabo
3820 5222 3935 5277 per

2502 5292 2762 5365 singulas
2792 5296 2989 5349 noctes
3010 5292 3225 5350 lectum
3247 5309 3469 5359 meum,
3492 5292 3752 5349 lacrimis
3772 5296 3933 5353 meis
