4359 6267
912 499 1032 563 266
1635 511 2052 560 cottam-mmm
2095 510 2180 555 ss.
2216 509 2460 555 ramum
2499 508 2675 554 mann
2718 510 2757 554 ι.
2802 527 2884 538 -
2924 508 3213 556 commo
3252 509 3292 554 x

909 695 1082 768 tegre
1131 683 1577 765 contemplata,
1625 680 1852 743 incidit
1899 679 2208 742 memoria
2256 679 2407 741 alte-
2437 678 2487 740 A
2519 697 2700 759 mus3
2742 687 2954 742 tamen
2998 679 3302 761 quoniam
3354 677 3689 759 postulatis
3736 677 3863 739 haec
3902 695 3989 738 ea-

908 786 1042 847 rius
1074 783 1420 846 testimonii
1453 801 1530 844 ex
1562 778 1930 862 Scripturis,
1955 799 2098 860 quae
2129 779 2402 859 primam
2517 778 2662 839 dem
2696 777 2877 840 vobis
2910 796 3080 839 nunc
3112 775 3647 851 iterari,breviter
3677 775 3991 837 insinuabo

907 883 1226 962 excludit3
1271 890 1333 944 et
1375 900 1592 942 rursus
1633 880 1710 941 de
1753 879 1872 940 ista
1911 876 2291 939 transfertur
2328 876 2431 944 ad,
2516 875 2758 957 aliquid
2789 876 2865 937 de
2898 875 3385 938 confirmatione
3424 874 3651 936 cordis.
3687 873 3826 935 Tria
3860 882 3994 935 suut

906 983 1114 1056 aliam,
1137 980 1544 1058 meditatione
1575 979 1698 1040 alia
1729 976 2146 1039 subintrante.
2175 975 2406 1057 Sicque
2518 994 2658 1055 quae
2694 983 2973 1036 mentem
3004 992 3227 1056 vagam
3270 973 3516 1036 faciunt
3550 972 3837 1035 stabilem
3871 991 3885 1035 :
3916 973 3993 1034 vi-

904 1081 1158 1144 animus
1198 1097 1452 1160 semper
1491 1084 1730 1139 rotatus
1761 1095 1834 1138 ac
1865 1083 2103 1138 tractus
2135 1074 2215 1136 de
2246 1073 2408 1156 psal·
2516 1072 2706 1154 giliae,
2740 1072 3090 1146 meditatio,
3125 1080 3189 1135 et
3230 1072 3451 1135 oratic.
3495 1072 3643 1145 Quae
3685 1071 3861 1134 aliter
3900 1090 3993 1133 ue-

905 1197 1011 1241 mo
1041 1180 1118 1241 ad
1151 1177 1481 1260 psalmum,
1498 1177 1575 1238 de
1608 1174 1950 1255 Evangelio
1981 1173 2058 1234 ad
2091 1171 2405 1254 Epistolas
2515 1180 2761 1252 queunt
2805 1172 3224 1254 apprehendi,
3260 1171 3383 1232 nisi
3430 1171 3741 1233 universae
3781 1170 3992 1232 sollici-

905 1278 965 1340 S.
1000 1277 1196 1350 Pauli,
1229 1284 1292 1337 et
1322 1276 1468 1337 inde
1507 1274 1585 1336 ad
1625 1272 2081 1354 Prophetarum
2121 1271 2401 1353 eloquia,
2518 1270 2769 1332 tudines
2818 1271 2965 1333 vitae
3022 1271 3355 1351 praesentis
3414 1269 3653 1331 fuerint
3710 1268 3991 1332 abdicatae

905 1384 1096 1458 atque
1135 1376 1212 1437 de
1256 1374 1381 1436 illis
1425 1373 1503 1435 ad
1548 1372 1910 1454 spirituales
1955 1370 2276 1444 historiaS,
2313 1370 2406 1430 in·
2518 1387 2632 1450 per
2694 1368 3157 1450 infatigabilem
3216 1367 3688 1430 exsecutionem
3748 1384 3989 1449 operum

905 1474 1151 1538 stabilis
1181 1481 1244 1536 et
1265 1491 1462 1554 vagus
1490 1471 1764 1552 jactatur
1796 1489 1908 1552 per
1937 1477 2141 1533 totum
2173 1487 2406 1550 corpus
2516 1467 2873 1530 deditorum
2909 1467 3129 1529 usibus
3160 1466 3356 1529 sacris
3387 1465 3686 1539 coenobii,
3720 1483 3841 1528 non
3868 1485 3991 1527 ava-

907 1572 1270 1655 Scripturae,
1305 1571 1466 1633 nihil
1497 1570 1713 1632 valens
1743 1569 2024 1649 abjicere
2052 1576 2161 1630 aut
2192 1575 2406 1630 tenere
2518 1566 2699 1639 ritiae,
2752 1573 2823 1627 ut
2875 1566 2960 1627 ita
3010 1565 3327 1647 possimus
3384 1565 3799 1646 apostolicum
3848 1563 3985 1625 illud

903 1672 1086 1752 juxta
1132 1670 1468 1732 arbitrium
1519 1688 1729 1740 suum,
1783 1685 1900 1728 nec
1951 1675 2176 1748 potens
2228 1665 2408 1748 quid-
2518 1671 2908 1746 praeceptum
2962 1664 3228 1746 implere
3276 1683 3289 1727 :
3344 1664 3494 1726 Sine
3544 1662 3986 1725 intermissione
4022 1655 4248 1728 {rhenan}

909 1789 1100 1852 quam
1142 1769 1333 1832 finire
1366 1768 1556 1849 pleno
1593 1766 1839 1847 judicio
1868 1773 2058 1847 atque
2089 1764 2404 1839 examine,
2516 1770 2708 1824 orate.
2744 1762 2969 1824 Parum
3016 1762 3188 1825 enim
3232 1769 3389 1834 orat,
3421 1761 3533 1842 qui
3580 1760 3688 1823 illo
3729 1768 3983 1842 tempore
4010 1749 4061 1788 ¹⁷·

908 1868 1114 1930 factus
1161 1865 1601 1930 tantummodo
1663 1865 1951 1946 palpator
1997 1883 2070 1925 ac
2120 1863 2410 1943 degusta·
2442 1865 2487 1927 Β
2520 1869 2765 1922 tantum
2814 1877 2993 1922 orare
3043 1860 3395 1934 consuevit,
3441 1861 3596 1921 dum
3649 1877 3847 1940 genua
3886 1858 3984 1920 fle·

909 1975 1029 2040 tor,
1064 1983 1190 2027 non
1231 1971 1564 2046 generator
1602 1971 1711 2024 aut
1751 1980 2076 2044 possessor
2115 1960 2410 2043 spiritua·
2519 1968 2814 2038 ctuntur3
2858 1979 3186 2042 nunquam
3232 1976 3383 2021 vero
3426 1966 3585 2032 orat,
3626 1957 3985 2040 quicumque

910 2066 1069 2127 lium
1114 2083 1437 2127 sensuum.
1475 2062 1576 2125 Sic
1623 2079 1878 2143 quoque
1925 2080 2104 2122 mens
2149 2079 2309 2141 vaga
2349 2068 2413 2122 et
2518 2057 2711 2120 etiam
2741 2058 3012 2139 genibus
3044 2056 3229 2119 flexis
3261 2056 3637 2120 distrahitur
3665 2055 3986 2139 qualicum-

914 2164 1170 2227 mobilis
1218 2162 1592 2225 distrahitur
1640 2179 1752 2242 per
1803 2160 2053 2222 diversa
2101 2161 2292 2221 etiam
2345 2158 2409 2220 in
2521 2175 2645 2238 que
2678 2156 2885 2218 cordis
2915 2157 3266 2237 vagatione.
3297 2156 3443 2218 Ideo
3472 2155 3692 2237 quales
3720 2155 3985 2218 volumus

912 2262 1155 2346 synaxi,
1192 2261 1277 2323 ita
1317 2268 1385 2322 ut
1416 2259 1668 2321 nullum
1699 2257 2004 2321 Officium
2045 2265 2412 2340 competen-
2524 2255 2797 2316 inveniri
2843 2255 2908 2316 in
2953 2254 3258 2329 oratione,
3303 2253 3457 2316 tales
3502 2271 3618 2316 nos
3660 2271 3793 2315 esse
3830 2269 3990 2334 opor-

911 2369 1009 2424 ter
1050 2360 1385 2443 persolvat.
1421 2357 1608 2420 Verbi
1655 2357 1876 2438 gratia,
1921 2356 2076 2418 dum
2120 2364 2277 2429 orat,
2323 2375 2414 2418 re·
2524 2360 2611 2414 tet
2642 2362 2927 2434 tempore
2964 2352 3363 2434 praecedente
3398 2369 3412 2412 :
3445 2352 3601 2434 quia
3638 2369 3881 2412 necesse
3907 2356 3991 2411 est

915 2459 1067 2522 colit
1125 2458 1442 2540 psalmum
1501 2464 1606 2518 aut
1665 2454 1946 2537 aliquam
2007 2455 2346 2517 lectionem
2394 2473 2410 2532 3
2526 2458 2806 2512 mentem
2853 2451 2917 2512 in
2965 2457 3250 2532 tempore
3294 2448 3601 2513 orationis
3642 2447 3884 2510 formari
3924 2465 3991 2508 ex

915 2558 1070 2620 dum
1121 2555 1355 2639 psallit,
1397 2554 1569 2616 aliud
1621 2554 1963 2616 meditatur
2002 2572 2194 2634 quam
2244 2554 2413 2634 quod
2525 2557 2691 2612 statu
2722 2558 2785 2611 et
2814 2557 2960 2611 actu
3002 2548 3375 2630 praehabito,
3410 2549 3498 2611 ita
3533 2549 3701 2631 quod
3735 2554 3993 2610 orantem

916 2655 1199 2718 continet
1231 2653 1544 2736 psalmus3
1578 2671 1778 2734 quum
1812 2651 1982 2732 legit,
2009 2650 2279 2713 revolvit
2307 2659 2416 2713 aut
2524 2656 2773 2730 oportet
2811 2648 2890 2709 ad
2935 2647 3217 2710 coelestia
3261 2646 3617 2720 sublimari,
3651 2646 3749 2708 vel
3785 2646 3856 2707 ad
3893 2652 3998 2706 ter-

917 2755 1150 2835 cogitat
1190 2752 1431 2834 aliquid
1479 2750 1865 2823 faciendum,
1908 2757 2017 2811 aut
2062 2750 2416 2812 reminisci·
2526 2767 2678 2810 rena
2707 2747 3011 2829 demergi,
3033 2765 3147 2830 per
3176 2747 3586 2828 cogitationes
3617 2745 3845 2828 quibus
3869 2753 3995 2807 ante

918 2860 1022 2914 tur
1058 2852 1298 2914 factum
1334 2869 1348 2913 :
1381 2858 1445 2912 et
1477 2850 1563 2911 ita
1601 2850 1721 2912 hoc
1755 2848 1944 2910 modo
1985 2848 2146 2909 nihil
2188 2848 2416 2930 recipi-
2525 2847 2876 2911 orationem
2922 2865 3101 2908 mens
3145 2845 3340 2908 fuerit
3385 2846 3735 2909 immorata.

915 2958 1020 3011 tur
1063 2957 1172 3012 aut
1220 2949 1566 3011 dimittitur
1615 2946 2020 3029 disciplinate
2070 2965 2143 3008 ac
2190 2962 2417 3027 oppor-
2610 2947 2949 3026 Hucusque
2992 2943 3188 3006 abbas
3231 2946 3401 3006 Isaac
3445 2943 3598 3007 fecit
3641 2943 3819 3006 nobis
3862 2949 3999 3004 atto-

915 3056 1110 3126 tune;
1171 3047 1279 3109 sed
1338 3047 1439 3127 agi
1497 3065 1568 3108 ac
1629 3044 1869 3106 moveri
1930 3044 2186 3106 videtur
2244 3043 2419 3106 velut
2454 3043 2497 3104 C
2528 3044 2679 3106 nitis
2736 3043 3079 3105 secundam
3134 3042 3540 3105 collationem
3598 3043 3676 3104 de
3723 3041 3998 3124 qualitate

918 3145 1196 3209 fortuitis
1246 3144 1633 3219 incursibus,
1678 3161 1803 3205 non
1855 3142 2095 3205 habens
2146 3148 2417 3223 potesta·
2528 3141 2851 3204 orationis
2881 3140 3077 3220 Cujus
3107 3140 3461 3203 doctrinam
3488 3140 3670 3204 valde
3703 3140 3997 3209 miranteS,

917 3253 1048 3307 tem
1109 3243 1424 3306 retinendi
1473 3261 1548 3304 ea
1595 3240 1830 3324 quibus
1892 3240 2264 3314 delectatur,
2318 3239 2418 3301 vel
2532 3259 2722 3322 quam
2767 3239 3025 3301 tradidit
3069 3238 3253 3300 nobis
3296 3239 3670 3302 servandam
3713 3238 3789 3300 de
3830 3236 4003 3298 medi·

921 3341 1298 3405 immorandi
1343 3340 1603 3402 eisdem.
1649 3339 2088 3401 Necessarium
2132 3356 2283 3420 ergo
2325 3346 2421 3400 est
2534 3340 2769 3401 tatione
2818 3337 3060 3420 praefati
3113 3337 3436 3412 versiculi,
3482 3345 3545 3399 et
3593 3337 3869 3400 eamdem
3909 3336 4003 3397 do-

924 3442 1109 3504 nobis
1159 3460 1289 3523 prae
1331 3438 1630 3502 omnibus
1679 3439 1863 3512 scire,
1907 3438 2179 3520 qualiter
2222 3438 2421 3501 valea·
2535 3436 2807 3499 ctrinam
2865 3436 3197 3519 cupientes
3255 3436 3659 3498 tenacissime
3708 3452 4000 3506 exercere,

926 3559 1068 3602 mus
1128 3538 1484 3622 spiritualia
1538 3537 1656 3599 ista
1707 3536 1936 3600 Officia
1988 3544 2423 3619 competenter
2536 3544 2753 3618 utpote
2811 3555 3002 3616 quam
3063 3535 3582 3617 compendiosam
3640 3554 3712 3596 ac
3770 3533 4002 3596 facilem

923 3639 1201 3722 explere,
1236 3636 1752 3717 versiculumque
1788 3637 2161 3717 praedictum
2198 3637 2422 3698 immo·
2533 3634 2970 3707 credebamuS,
3004 3634 3249 3716 experti
3290 3653 3512 3696 sumus
3546 3652 3685 3696 eam
3722 3633 3867 3695 satis
3903 3629 4006 3693 dif-

926 3737 1142 3800 biliter
1192 3735 1532 3808 custodire,
1581 3743 1648 3797 ut
1696 3734 1873 3814 origo
1922 3741 1985 3796 et
2032 3734 2187 3796 finis
2242 3734 2425 3816 spiri·
2532 3733 2873 3795 ficiliorem
2947 3751 3086 3794 esse
3155 3733 3233 3794 ad
3286 3731 3775 3804 observandum,
3834 3747 4003 3813 quam

925 3837 1196 3900 tualium
1227 3854 1530 3898 sensuum
1573 3834 1832 3916 propria
1862 3833 2261 3896 volubilitate
2294 3852 2418 3896 non
2534 3833 2818 3894 studium
2861 3831 3019 3893 illud
3062 3849 3191 3913 quo
3232 3840 3418 3894 antea
3458 3831 3817 3894 solebamus
3856 3828 4007 3892 varia

924 3935 1262 4008 fluctuent,
1314 3934 1424 3996 sed
1475 3933 1540 3995 in
1599 3941 1814 3995 nostra
1859 3932 2098 3995 ditione
2150 3951 2263 3994 seu
2320 3949 2425 4013 po-
2539 3930 2947 3993 meditatione
2992 3930 3229 4012 passim
3273 3931 3629 3993 discurrere
3673 3948 3786 4012 per
3826 3936 4007 3991 totum

923 4042 1149 4098 testate
1192 4033 1558 4096 consistant.
2536 4048 2767 4111 corpus
2818 4028 3182 4110 scripturae,
3226 4029 3467 4110 absque
3516 4028 3773 4091 vinculo
3822 4043 4009 4110 perse-

2535 4129 2837 4192 verantiae
2879 4128 3153 4208 alicujus
3206 4128 3272 4190 in
3314 4145 3462 4190 uno.
3518 4128 3773 4191 Constat
3820 4127 4008 4206 itaque

1304 4257 1810 4325 CAPITULUM
1867 4256 2049 4319 XIV·
2160 4215 2187 4244 x
2446 4229 2506 4290 'D
2537 4227 2861 4289 neminem
2920 4227 3173 4289 excludi
3235 4247 3272 4289 a
3326 4226 3717 4309 perfectione
3776 4231 4009 4306 propter

2538 4324 2928 4406 imperitiam
2990 4324 3369 4398 litterarum,
3431 4343 3549 4385 nec
3616 4323 4007 4385 rusticitatem

2537 4421 2762 4485 obesse
2820 4422 2898 4484 ad
2968 4423 3420 4504 capessendam
3486 4441 3559 4484 ac
3626 4421 4009 4484 obtinendam

2540 4519 2747 4582 cordis
2788 4539 2861 4581 ac
2890 4520 3120 4583 animae
3156 4521 3523 4602 puritatem,
3557 4540 3701 4603 quae
3741 4536 4012 4600 compen-

1013 4623 1206 4686 SAAC
1242 4639 1255 4683 t
1291 4621 1589 4695 Quamvis
1624 4620 1701 4681 ad
1739 4620 1857 4682 ista
1897 4619 2297 4681 sufficienter
2338 4638 2431 4680 re·
2540 4619 2900 4682 diosissime
2959 4619 3208 4699 adjacet
3265 4619 3537 4692 cunctis,
3586 4619 3639 4681 si
3698 4637 3904 4681 sanam
3958 4622 4012 4676 et

1031 4720 1476 4804 sponderimus
1517 4717 1700 4781 vobis
1744 4719 1809 4779 in
1850 4718 2056 4800 prima
2095 4717 2431 4781 collatione
2544 4719 2853 4798 integram
2910 4718 3142 4780 mentis
3192 4718 3611 4781 intentionem
3660 4723 3903 4780 servent
3944 4713 4011 4776 ad

933 4823 1032 4904 (ut
1082 4819 1271 4900 reor),
1315 4817 1426 4879 ubi
1474 4817 1552 4879 de
1596 4825 1762 4878 statu
1810 4817 2110 4880 orationis
2159 4817 2430 4880 contuli·
2542 4818 2743 4880 Deum
2781 4816 2917 4897 jugi
2960 4815 3371 4880 meditatione
3411 4815 3713 4880 versiculi
3748 4815 3949 4896 hujus.

931 4381 1212 4451 Qualiter
1247 4381 1560 4437 stabilitas
1595 4379 1798 4435 cordis
1841 4393 1944 4433 seu
1984 4376 2425 4448 coqitationum

1425 4469 1623 4542 possit
1649 4468 1918 4540 acquiri.
