4359 6267
646 857 661 899 Ι
677 856 833 900 These.
846 869 889 907 n,

629 921 694 962 18.

649 1843 684 1888 ll
697 1844 801 1888 Gor.
817 1857 890 1894 ιιι,

627 1909 669 1960 e,
690 1909 731 1950 ο.

653 2139 782 2183 Rom.
804 2152 889 2189 vni,

627 2204 694 2246 26.

627 3516 642 3558 Ι
663 3514 776 3558 Tim.
794 3527 837 3563 u,
852 3515 893 3556 4.

679 3710 855 3754 Manli.

625 3787 739 3825 xvm,
763 3777 827 3818 ¹4.

627 3907 788 4015 aliea.
805 3919 892 3960 xiv,

677 4301 850 4346 Ezech.

625 4379 767 4418 xxxin,
795 4368 862 4408 11.

663 5191 851 5236 Ibidem.

915 459 1036 524 296

1610 476 2027 524 coLLA'rlonmt
2069 477 2154 522 SS.
2190 475 2434 521 PATRmt
2474 475 2647 521 Lmen
2688 476 2752 520 11.
2794 495 2875 505 —
2914 477 3201 524 counio
3240 479 3355 524 xm

917 646 1041 708 nisi
1091 666 1128 709 a
1177 647 1304 710 Deo
1353 654 1686 729 praestetur
1743 646 1929 710 nobis
1977 645 2419 728 opportunitas
2449 645 2501 708 A
2530 645 2765 708 Israel?
2796 647 3100 729 itemque,
3133 648 3389 722 Quoties
3431 646 3606 710 volui
3650 663 4030 729 congregare
4102 664 4239 708 uati.

918 745 1258 826 peragendi
1290 764 1432 827 quae
1463 744 1648 808 nobis
1680 744 2014 827 possibilia
2042 749 2313 818 exstant,
2340 742 2418 804 de

917 841 1154 924 quibus
1192 843 1281 904 ait
1315 843 1676 924 ApostoluS,
1711 843 2042 905 Voluimus
2079 840 2298 903 venire
2339 840 2418 903 ad

919 957 1031 1003 vos
1071 949 1134 1002 et
1164 940 1362 1003 semel
1401 948 1463 1003 et
1492 941 1747 1014 iterum,
1782 940 1893 1002 sed
1934 938 2273 1022 impedivit
2303 955 2417 1001 nos

919 1038 1211 1118 Satanas;
1255 1039 1342 1100 ita
1382 1046 1452 1100 ut
1491 1039 1842 1101 sentiamus
1883 1055 1998 1100 nos
2037 1037 2419 1119 quandoque

918 1136 1160 1199 utiliter
1203 1137 1484 1199 revocari
1527 1156 1565 1198 a
1607 1136 2048 1218 spiritualibus
2096 1135 2419 1197 exercitiis

919 1235 1078 1310 istis,
1122 1243 1436 1318 quatenus
1479 1236 1633 1297 dum
1685 1234 2049 1297 nolentibus
2099 1232 2284 1296 nobis
2328 1233 2419 1294 in-

917 1335 1337 1416 terrumpitur
1403 1332 1616 1396 fervor
1679 1334 1813 1397 sive
1881 1333 2151 1395 intentio
2218 1331 2416 1394 nostri

920 1452 1165 1507 cursus,
1202 1431 1690 1513 infirmitatique
1733 1431 1942 1493 carnis
1980 1430 2419 1512 aliquid.rela-

920 1550 1166 1604 xamuS,
1200 1532 1279 1594 ad
1322 1530 1662 1593 salutarem
1705 1530 2243 1612 perseverantiam
2281 1529 2418 1591 diu-

919 1629 1272 1692 turniorem
1303 1647 1702 1690 reservemur
1731 1627 1913 1710 quasi
1947 1628 2152 1690 inviti.
2174 1628 2262 1689 De
2292 1645 2419 1708 qua

919 1727 1392 1809 dispensatione
1422 1727 1532 1788 Dei
1563 1726 1806 1808 aliquid
1837 1725 2046 1788 simile
2075 1725 2233 1788 dicit
2259 1725 2419 1806 Apo—

4194 731 4211 743 O

4054 740 4153 776 mil.
4174 733 4225 770 21.

2529 742 2701 808 filios
2732 751 2895 820 tuoS,
2928 746 3470 827 quemadmodum
3505 746 3741 827 gallina
3772 763 4030 827 congre-

2526 849 2631 922 gat
2680 843 2890 924 pullos
2940 861 3087 906 suos
3138 844 3259 907 sub
3308 845 3459 919 alas,
3509 852 3574 907 et
3621 844 3923 922 noluisti;
3966 853 4030 906 et

2528 940 2784 1014 iterum,
2817 941 3019 1014 Quare
3058 961 3320 1005 aversus
3358 952 3454 1006 est
3484 942 3760 1025 populus
3800 942 3923 1004 iste
3962 942 4025 1003 in
4051 959 4259 1005 aemma

2526 1039 2873 1100 Jerusalem
2917 1041 3247 1103 aversione
3290 1041 3731 1104 contentiosa?
3772 1040 4028 1102 Indura-
4066 1057 4256 1108 stum.

2526 1144 2756 1199 verunt
2788 1137 3069 1200 cervices
3100 1157 3267 1213 suaS,
3302 1146 3367 1202 et
3398 1138 3739 1201 noluerunt
3767 1138 4019 1200 reverti.

2526 1234 2756 1298 Praesto
2786 1243 2881 1297 est
2910 1253 3061 1316 ergo
3089 1236 3375 1318 quotidie
3404 1237 3606 1317 gratia
3636 1235 3893 1309 Christi,
3912 1236 4021 1318 qui
4050 1253 4263 1302 trimus.

2526 1334 2679 1396 dum
2725 1334 2862 1397 vult
2907 1352 3131 1398 omnes
3178 1335 3472 1398 homines
3520 1334 3728 1398 salvos
3772 1334 3921 1396 fieri
3961 1342 4023 1396 et

2524 1432 2604 1494 ad
2667 1433 3057 1514 agnitionem
3115 1433 3400 1497 veritatis
3456 1434 3699 1509 venire,
3760 1440 4021 1496 cunctos

2525 1538 2708 1592 vocat
2742 1530 2983 1613 absque
3021 1533 3416 1614 exceptione,
3449 1532 3718 1595 dicendo
3751 1549 3767 1594 ε
3798 1531 4021 1592 Venite
4066 1548 4199 1591 unet·
4222 1562 4265 1596 u.

2525 1629 2603 1691 ad
2646 1648 2768 1703 me,
2802 1647 3025 1692 omnes
3063 1631 3173 1712 qui
3215 1631 3513 1694 laboratis
3552 1638 3619 1693 et
3650 1630 3893 1693 onerati
3932 1649 4023 1692 es·
4050 1614 4110 1654 ²⁸·

2529 1728 2631 1801 tis,
2672 1737 2736 1790 et
2783 1745 2899 1810 ego
2946 1728 3234 1791 reficiam
3283 1748 3415 1792 vos.
3466 1729 3529 1791 Si
3579 1738 3792 1792 autem
3840 1736 4023 1791 vocat

920 1825 1119 1887 stolus
1156 1843 1169 1887 :
1203 1825 1461 1907 Propter
1491 1824 1662 1907 quod
1693 1832 1788 1886 ter
1815 1823 2158 1886 Dominum
2200 1824 2411 1904 rogavi
2452 1828 2500 1892 B
2530 1828 2859 1908 quosdam,
2893 1845 3021 1890 non
3064 1828 3507 1890 universaliter
3535 1845 3780 1902 omneS‚
3814 1827 4021 1909 sequi-

922 1931 991 1985 ut
1029 1924 1383 1986 discederet
1412 1943 1448 1985 a
1484 1942 1608 1996 me,
1641 1930 1704 1984 et
1742 1923 1902 1985 dixit
1943 1922 2124 1996 mihi,
2159 1922 2417 1985 Sufficit

920 2022 1038 2084 tibi
1079 2022 1279 2104 gratia
1318 2040 1478 2094 mea,
1512 2040 1662 2083 nam
1690 2021 1894 2083 virtus
1933 2022 2001 2082 in
2040 2021 2416 2083 infirmitate

923 2121 1296 2204 perficitur;
1342 2129 1405 2183 et
1447 2121 1700 2194 iterum,
1743 2120 1904 2193 Quid
1945 2120 2118 2182 enim
2161 2136 2417 2182 oremus

923 2220 1087 2283 sicut
1129 2226 1396 2302 oportet,
1431 2218 1772 2282 nescimus.

1302 2473 1806 2538 CAPITULUM
1873 2473 2024 2537 VII.

916 2625 1002 2680 De
1031 2621 1385 2695 principali
1417 2622 1734 2693 proposito
1762 2621 1896 2684 Dei,
1926 2627 1986 2676 et
2014 2621 2416 2693 providentia

1469 2711 1858 2784 quotidiana.

1043 2909 1469 2973 ROPOSITUM
1497 2927 1774 2990 namque
1806 2907 1939 2980 Dei,
1973 2924 2100 2989 quo
2131 2906 2417 2969 condidit

2528 1933 2634 1986 tur
2671 1927 2843 2007 quod
2886 1944 3004 1988 nec
3043 1944 3265 1989 omnes
3310 1927 3438 1989 sint
3476 1927 3717 1989 onerati
3763 1933 4021 2008 peccato

2525 2023 2818 2104 originali
2857 2032 2967 2086 aut
3004 2024 3258 2099 actuali,
3292 2043 3411 2087 nec
3452 2043 3600 2088 vera
3636 2025 3719 2087 sit
3755 2023 4023 2087 auctori-

2526 2128 2620 2183 tas
2652 2121 2761 2184 illa
2794 2142 2807 2184 :
2844 2122 3075 2186 Omnes
3107 2130 3550 2204 peccaverunt,
3584 2129 3649 2185 et
3676 2131 3863 2204 egent
3892 2121 4021 2203 glo-
4046 2139 4263 2181 flammas.

2526 2221 2620 2282 ria
2660 2221 2803 2298 Dei3
2844 2240 2963 2283 nec
3005 2239 3174 2284 mors
3215 2222 3506 2283 credatur
3545 2221 3611 2283 in
3650 2238 3875 2283 omnes
3913 2219 4019 2282 ho·
4047 2238 4263 2286 manu.

2525 2318 2731 2380 mines
2763 2320 3197 2401 pertransisse.
3214 2321 3479 2402 Insuper
3508 2320 3619 2402 qui
3650 2326 3941 2402 pereunt,
3954 2319 4019 2380 in

2524 2424 2773 2478 tantum
2813 2425 3084 2499 pereunt
3114 2425 3332 2481 contra
3362 2418 3473 2480 Dei
3504 2417 3919 2492 voluntatem,
3954 2425 4018 2479 ut

2523 2515 2689 2577 Deus
2737 2516 2985 2578 dicatur
3034 2523 3306 2579 mortem
3366 2534 3493 2579 non
3553 2516 3805 2591 fecisse,
3858 2517 4017 2578 Scri-

2526 2621 2711 2694 ptura
2760 2614 3011 2676 dicente
3063 2633 3077 2678 :
3130 2616 3296 2677 Deus
3346 2621 3616 2677 mortem
3668 2632 3794 2677 non
3844 2614 4015 2686 fecit,
4057 2631 4260 2686 34...st

2525 2729 2643 2773 nec
2690 2712 2921 2792 gaudet
2970 2711 3036 2773 in
3088 2713 3445 2794 perditione
3494 2713 3807 2776 vivorum.
3862 2713 4019 2774 Hinc

2524 2816 2621 2872 est
2649 2810 2819 2892 quod
2850 2811 3051 2873 oratio
3083 2817 3297 2872 nostra
3334 2811 3654 2873 interdum
3685 2810 4021 2873 exauditur

2524 2908 2766 2970 tardius
2814 2908 2916 2970 vel
2964 2927 3389 2990 nequaquam,
3441 2909 3596 2971 dum
3644 2909 4021 2990 plerumque

1062 3008 1388 3071 hominem
1429 3025 1553 3070 non
1597 3015 1666 3070 ut
1706 3006 1964 3089 periret,
1998 3006 2107 3067 sed
2148 3012 2219 3066 ut
2249 3004 2419 3066 vive·
2453 3005 2497 3070 C
2530 3006 2925 3088 postulamus
2970 3007 3223 3070 inutilia
3266 3016 3565 3090 tanquam
3610 3008 3925 3086 salubria3
3964 3015 4022 3069 et

921 3114 1016 3169 ret
1046 3106 1111 3169 in
1152 3114 1554 3189 perpetuum,
1591 3113 1802 3167 manet
1835 3103 2184 3167 immobile.
2222 3103 2417 3184 Cujus

921 3205 1279 3285 benignitas
1319 3223 1518 3286 quum
1559 3204 1625 3265 in
1666 3203 1851 3266 nobis
1882 3203 2417 3284 qualemcumque

922 3303 1267 3366 voluntatis
1317 3302 1498 3364 bonae
1548 3300 1893 3363 scintillam
1943 3301 2294 3362 excusserit
2340 3300 2418 3361 de

922 3403 1082 3465 duro
1122 3401 1301 3463 silice
1342 3400 1549 3462 cordis
1593 3399 1816 3472 nostri,
1849 3398 2020 3461 fovet
2057 3407 2121 3461 et
2159 3398 2415 3471 excitat,

922 3519 996 3563 ac
1027 3520 1142 3562 sua
1173 3498 1576 3561 miseratione
1613 3495 1951 3559 confirmat
1980 3515 2120 3558 eam
2149 3513 2164 3558 z
2199 3496 2419 3559 volens

923 3617 1144 3663 omnes
1177 3597 1468 3660 homines
1508 3595 1714 3658 salvos
1748 3595 1916 3669 fieri,
1948 3603 2011 3657 et
2040 3595 2118 3656 ad
2157 3595 2421 3675 agnitio-

922 3714 1069 3758 nem
1110 3694 1392 3757 veritatis
1431 3693 1682 3772 venire3
1715 3693 1867 3774 quia
1905 3710 2029 3755 non
2072 3699 2167 3754 est
2201 3691 2420 3755 volun-

922 3803 1018 3856 tas
1058 3793 1255 3857 Patris
1296 3792 1572 3855 coelestis
1617 3797 1684 3852 ut
1722 3798 1939 3872 pereat
1979 3809 2143 3852 unus
2185 3790 2262 3852 de
2304 3808 2418 3872 pu-

921 3893 1084 3955 sillis
1134 3892 1292 3954 istis.
1336 3891 1414 3953 Et
1457 3891 1689 3952 iterum
1737 3889 1825 3951 ait
1869 3888 2242 3970 Scriptura:
2280 3888 2416 3951 Non

919 3991 1059 4053 vult
1111 3992 1276 4053 Deus
1337 3989 1545 4072 perire
1600 3987 1904 4060 animam,
1955 3987 2064 4048 sed
2123 3992 2419 4048 retractat

920 4091 1202 4172 cogitans
1250 4108 1331 4150 ne
1379 4088 1635 4170 penitus
1694 4093 1909 4168 pereat
1958 4085 2069 4167 qui
2128 4084 2418 4166 abjectus

2528 3125 2747 3168 rursus
2789 3107 3123 3187 dignanter
3162 3106 3347 3168 nobis
3390 3106 3585 3168 infert
3622 3107 3863 3182 invitiS,
3897 3115 4024 3168 tan-

2529 3224 2718 3286 quam
2750 3204 3079 3286 piissimus
3114 3204 3421 3278 medicuS,
3453 3223 3527 3267 ea
3556 3225 3697 3287 quae
3727 3213 4023 3288 putamus

2528 3321 2667 3364 esse
2715 3303 3049 3376 contraria,
3090 3311 3280 3384 atque
3324 3303 3611 3366 vicissim
3659 3302 3739 3365 ab
3786 3301 4021 3366 effectu

2528 3400 2905 3462 retardatae
2945 3408 3198 3463 revocat
3237 3401 3563 3483 proposita
3602 3409 3817 3464 nostra
3862 3418 4021 3463 mor-

2528 3498 2716 3561 tifera
2773 3507 2836 3560 et
2884 3499 3275 3581 perniciosos
3334 3507 3633 3578 conatus3
3681 3509 3743 3562 et
3804 3518 4023 3582 prope-

2531 3605 2741 3659 rantes
2779 3598 2856 3660 ad
2903 3605 3171 3660 mortem
3216 3606 3468 3661 revocat
3508 3599 3584 3660 ad
3628 3598 3919 3672 salutem,
3952 3616 4021 3658 ac

2530 3695 2608 3756 de
2653 3693 2885 3758 inferni
2932 3694 3225 3757 faucibus
3267 3696 3541 3758 extrahit
3583 3696 3960 3779 ignorantes

2897 3951 3401 4016 CAPITULUM
3470 3951 3654 4015 VIII.

2678 4091 2765 4146 De
2791 4090 3003 4160 qratia
3030 4089 3164 4154 Dei,
3194 4094 3253 4145 et
3280 4088 3541 4145 arbitrii
3568 4089 3869 4146 libertate.

919 4197 1034 4251 est.
1083 4189 1286 4250 Verax
1335 4205 1611 4268 namque
1659 4191 1756 4248 est
1808 4185 1972 4246 Deus
2021 4202 2141 4245 nec
2192 4183 2418 4244 menti·
2449 4187 2498 4248 D
2544 4239 2551 4246 .

919 4295 1044 4361 tur,
1069 4305 1216 4348 cum
1249 4284 1666 4368 obtestatione
1697 4281 2029 4344 affirmans
2054 4282 2246 4345 :Vivo
2277 4299 2413 4362 ego,

920 4385 1071 4468 quia
1119 4384 1267 4447 nolo
1318 4389 1585 4445 mortem
1637 4381 1843 4462 impii,
1885 4381 1994 4442 sed
2046 4387 2116 4441 ut
2157 4396 2417 4442 conver-

919 4490 1090 4545 tatur
1132 4502 1169 4544 a
1212 4481 1315 4544 via
1357 4500 1470 4543 sua
1515 4479 1699 4554 mala,
1743 4485 1806 4541 et
1847 4479 2036 4541 vivat.
2081 4479 2201 4551 Qui
2243 4477 2415 4540 enim

920 4599 1049 4643 non
1093 4579 1283 4642 habet
1322 4577 1713 4640 voluntatem
1762 4584 1832 4638 ut
1876 4595 2040 4638 unus
2084 4584 2301 4657 pereat
2338 4594 2417 4637 ex

919 4678 1195 4761 pusilliS,
1229 4694 1355 4739 non
1401 4676 1539 4738 sine
1579 4675 1819 4756 ingenti
1864 4674 2196 4755 sacrilegio
2236 4682 2416 4755 puta-

920 4785 1096 4840 retur
1139 4776 1346 4838 salvos
1395 4773 1539 4836 fieri
1590 4772 1753 4835 velle
1803 4773 2133 4854 quosdam,
2176 4780 2241 4834 et
2288 4790 2416 4834 non

918 4875 1298 4958 generaliter
1344 4891 1585 4935 omnes,
1631 4872 1792 4953 Ergo
1839 4871 2230 4953 quicumque
2282 4890 2419 4952 per·

919 4980 1094 5047 eunt,
1157 4979 1375 5034 contra
1437 4969 1610 5031 illius
1672 4975 1942 5051 pereunt
1998 4968 2413 5042 voluntatem,

921 5090 1121 5154 quum
1165 5070 1299 5152 ipse
1341 5069 1572 5131 clamet
1609 5066 1892 5149 quotidie
1933 5074 2150 5128 contra
2194 5086 2419 5129 unum-

920 5187 1241 5252 quemque
1280 5185 1503 5231 eorum
1540 5184 1554 5228 :
1590 5164 2048 5229 convertimini
2089 5184 2126 5226 a
2153 5166 2276 5228 viis
2312 5186 2417 5229 ve-

921 5270 1070 5332 stris
1099 5267 1416 5351 pessimis,
1448 5272 1512 5328 et
1539 5282 1734 5347 quare
1775 5262 2160 5338 moriemini,
2190 5264 2418 5328 domus

2673 4286 2834 4348 UAM
2863 4304 3082 4347 curam
3110 4305 3184 4349 ac
3216 4285 3680 4368 providentiam
3713 4285 3821 4348 Dei
3854 4286 4021 4348 circa

2534 4283 2785 4484 Quos
2816 4402 3026 4447 sermo
3066 4384 3321 4446 divinus
3364 4384 3668 4465 exprimit
3704 4383 4022 4465 eleganter

2528 4500 2642 4564 per
2676 4482 2832 4544 Osee
2868 4482 3267 4564 prophetam,
3308 4482 3427 4544 sub
3461 4482 3671 4563 figura
3708 4491 3771 4544 et
3810 4499 4021 4564 perso-

2527 4599 2608 4642 na
2639 4580 2993 4642 meretricis
3022 4581 3368 4643 Jerusalem
3400 4581 3755 4642 recedentis
3783 4599 3821 4641 a
3846 4580 4019 4642 cultu

2528 4678 2637 4740 Dei
2680 4678 2759 4739 ad
2809 4677 3225 4740 idololatriam
3277 4678 3599 4740 alacritate
3649 4677 4017 4750 damnabili,

2526 4776 2843 4858 siquidem
2871 4795 2947 4838 ea
2975 4777 3226 4840 dicente
3249 4776 3520 4841 :Vadam
3547 4783 3689 4857 post
3710 4784 4019 4839 amatores
4064 4793 4207 4841 om...
4224 4797 4253 4834 s.

2530 4891 2724 4948 meoS,
2758 4875 2866 4955 qui
2907 4874 3058 4936 dant
3092 4895 3285 4956 panes
3319 4875 3475 4937 mihi
3506 4882 3571 4937 et
3598 4893 3793 4957 aquas
3824 4893 4019 4946 mem,

2530 4971 2734 5033 lanam
2764 4990 2971 5034 meam
2996 4981 3057 5034 et
3086 4973 3287 5034 linum
3315 4973 3780 5048 meum,oleum
3806 4990 4021 5036 meum

2527 5077 2589 5131 et
2627 5077 2848 5150 potum
2890 5088 3142 5148 meum3
3176 5071 3517 5153 respondet
3552 5071 3769 5132 divina
3802 5070 4019 5150 digna-

2526 5167 2617 5229 tio
2662 5167 2999 5229 consulens
3048 5167 3188 5248 ejus
3231 5167 3443 5242 saluti,
3485 5184 3614 5231 non
3654 5166 3963 5230 voluntati
3999 5185 4013 5229 :

2530 5266 2690 5329 Ecce
2729 5282 2846 5347 ego
2882 5265 3128 5348 sepiam
3168 5265 3337 5328 viam
3376 5266 3518 5347 ejus
3560 5265 3787 5350 spinis,
3820 5273 3883 5328 et
3922 5284 4017 5328 se·
4056 5285 4251 5332 mat.
