4359 6267
1315 522 1396 569 nn
1436 521 1763 567 msrrruris
1806 522 1891 567 ss.
1925 521 2185 567 uranu.
2232 540 2313 549 -
2352 520 2527 567 mann
2568 521 2653 567 v11
3449 498 3523 563 81

429 708 552 751 seu
581 690 931 772 culpabilia
963 690 1214 755 viderit.
1249 692 1584 773 Quumque
1619 690 1936 772 possideat
1966 689 2017 751 A
2044 690 2489 769 vigiliarumve
2535 689 2840 769 regulam,
2883 706 3001 749 nec
3044 687 3199 749 sinit
3238 705 3385 747 eum
3426 704 3530 747 ex-

435 788 780 870 repositam
837 790 1060 851 furtim
1111 790 1474 872 pecuniam,
1527 788 1938 870 conqueritur

433 906 506 949 se
539 906 656 949 nec
687 888 1118 951 calceamenta
1157 887 1412 963 habere,
1445 906 1563 950 nec
1592 886 1936 949 vestimen-

431 992 522 1057 ta,
555 993 619 1047 et
655 1004 731 1047 ea
769 986 894 1047 sibi
935 986 1176 1048 tardius
1217 985 1411 1047 tribui
1442 986 1825 1066 indignatur.
1862 984 1938 1045 Et

433 1084 492 1144 si
527 1084 689 1146 l'orte
717 1084 961 1166 aliquid
1002 1085 1230 1147 horum
1271 1084 1465 1146 fuerit
1504 1084 1683 1165 prius
1719 1102 1756 1145 a
1785 1101 1937 1164 prae-

433 1181 686 1243 sidente
731 1191 840 1243 aut
885 1182 1320 1264 dispensatore
1365 1182 1666 1245 collatum
1715 1180 1774 1243 ei
1825 1178 1935 1261 qui

431 1279 718 1342 multum
767 1280 1008 1361 indiget
1057 1280 1220 1361 ejuS‚
1269 1279 1616 1360 majoribus
1667 1280 1775 1341 irae
1823 1279 1936 1339 sti-

433 1378 634 1439 mulis
667 1378 1029 1451 inardescit,
1047 1387 1110 1441 et
1140 1396 1208 1440 se
1237 1386 1539 1460 tanquam
1569 1385 1936 1439 extraneum

429 1477 684 1558 despici
725 1476 1110 1556 arbitratur3
1157 1496 1274 1539 nec
1325 1477 1440 1538 ulli
1487 1475 1664 1558 operi
1710 1494 1934 1537 manus

427 1595 587 1637 suas
644 1594 994 1657 apponenS,
1055 1575 1465 1657 reprehendit
1521 1574 1738 1637 omnia
1795 1593 1936 1654 quae

431 1674 681 1736 utilitas
722 1674 1091 1736 monasterii
1132 1674 1490 1735 necessario
1527 1671 1673 1735 fieri
1715 1672 1928 1750 exigit.

429 1773 679 1834 Deinde
708 1773 990 1834 studiose
1029 1772 1256 1854 quaerit
1294 1771 1658 1834 occasiones
1698 1770 1934 1852 quibus

2045 788 2220 869 plere
2261 787 2671 849 honestarum
2717 786 3245 848 intercessionum
3289 781 3529 855 officia,

2045 886 2391 947 dummodo
2436 885 2640 946 valeat
2678 884 2959 946 avaritiae
3002 882 3241 945 rabiem
3283 882 3532 955 satiare,

2045 990 2154 1045 aut
2216 984 2349 1045 suis
2409 981 2797 1064 quotidianis
2854 980 3079 1042 usibus
3139 979 3472 1061 providere
3520 996 3533 1038 z

2047 1082 2259 1162 ignem
2308 1080 2675 1162 cupiditatis
2719 1080 3095 1151 accendenS,
3144 1079 3296 1140 dum
3340 1076 3541 1139 credit

2047 1199 2197 1242 eum
2240 1180 2641 1259 exstinguere
2685 1178 2829 1259 plus
2871 1177 3228 1258 acquirens,

2450 1430 2553 1495 CA
2562 1430 2953 1493 PITULUM
3018 1430 3139 1492 XI.

2049 1580 2221 1648 Quod
2249 1578 2559 1634 occasione
2588 1578 2869 1649 pecum'ae
2905 1576 3299 1649 acquirenda»
3334 1582 3543 1632 contu-

2289 1667 2503 1723 bernia
2530 1667 2899 1739 feminarum
2926 1672 3303 1739 quaerantur.

429 1871 621 1951 quasi
655 1870 881 1932 merito
921 1869 1164 1932 offendi
1205 1868 1431 1931 debeat
1469 1868 1570 1930 vel
1613 1867 1820 1941 irasci,
1854 1886 1933 1929 ne
1970 1862 2018 1924 B
2201 1865 2325 1927 lNC
2371 1864 2503 1944 jam
2554 1863 2813 1944 quidam
2873 1880 2989 1943 per
3035 1861 3334 1924 vitiosum
3386 1882 3546 1943 prae-

429 1969 666 2031 leviter
712 1976 922 2031 motus
970 1968 1263 2030 videatur
1309 1968 1482 2030 exire
1532 1967 1609 2028 de
1659 1965 1935 2028 coenobii

427 2066 796 2147 disciplina.
845 2066 974 2128 Nec
1021 2072 1355 2128 contentus
1405 2072 1502 2127 est
1549 2064 1720 2126 solus
1765 2081 1935 2125 rece-

425 2166 610 2240 dere,
644 2184 722 2226 ne
754 2166 1048 2227 credatur
1089 2166 1362 2247 propriae
1401 2162 1747 2227 voluntatis
1779 2162 1935 2224 vitio

423 2264 795 2342 deservire3
849 2264 960 2325 sed
1010 2265 1354 2345 depravare
1403 2261 1671 2325 occultis
1722 2279 1937 2322 susur-

423 2362 794 2428 rationibus
839 2379 966 2424 non
1017 2361 1263 2423 desistit
1314 2368 1583 2443 quantos
1633 2358 1927 2441 potuerit.

421 2460 742 2541 Denique,
777 2460 831 2521 si
871 2459 1178 2540 asperitas
1217 2458 1524 2540 temporis
1570 2456 1934 2538 impedierit

421 2576 806 2641 processum
865 2558 963 2619 sui
1025 2557 1272 2619 itineris
1331 2565 1440 2619 aut
1487 2554 1928 2637 navigationiS,

419 2676 548 2740 per
581 2675 766 2719 omne
798 2657 957 2719 illud
998 2665 1251 2738 tempus
1293 2673 1602 2738 suspenso
1641 2662 1704 2717 et
1743 2654 1930 2717 anxio

419 2756 625 2819 corde
684 2756 988 2829 residens,
1046 2772 1174 2817 non
1234 2762 1438 2816 cessat
1494 2754 1809 2817 seminare
1867 2760 1930 2815 et

416 2854 710 2916 excitare
761 2852 1046 2915 tristitias
1091 2870 1106 2915 ε
1151 2853 1413 2915 credens
1463 2871 1530 2914 se
1579 2870 1706 2914 non
1747 2851 1930 2913 aliter

415 2960 835 3034 reperturum
883 2951 1289 3013 discessionis
1333 2970 1463 3013 suae
1507 2950 1803 3013 solatium
1848 2950 1928 3011 le-

417 3049 774 3131 vitatisque
805 3068 935 3112 suae
964 3048 1460 3121 excusationem,
1487 3067 1678 3129 quam
1713 3065 1925 3109 mona-
1966 3042 2009 3105 C
2039 3042 2367 3123 frugalitas
2418 3040 2784 3104 monasterii
2832 3039 3111 3113 exhibet,
3161 3040 3269 3101 sed
3318 3040 3531 3102 volen-
3559 3064 3674 3109 ma,
3692 3068 3734 3117 9,
3758 3070 3824 3109 ¹0.

415 3149 610 3212 sterii
642 3156 788 3211 nota
825 3155 935 3210 aut
967 3148 1233 3220 macula,
1267 3167 1392 3228 qua
1423 3148 1580 3209 illud
1613 3146 1922 3209 diffamet.

857 3393 1358 3457 CAPITULUM
1421 3394 1507 3455 X.

414 3544 608 3611 Quod
633 3542 899 3598 laborem
935 3542 1228 3598 avaritia*
1263 3541 1474 3597 subeat
1511 3540 1782 3597 desertor
1808 3556 1926 3595 mo-

499 3633 788 3695 nasterii,
829 3632 940 3704 qui
977 3637 1118 3687 ante
1149 3647 1266 3703 pro
1304 3630 1628 3687 levissimis
1665 3646 1926 3685 murmu-

497 3721 688 3777 rabat
719 3720 1056 3776 laboribus,

575 3926 904 3990 GITATUR
955 3927 1166 4007 itaque
1215 3922 1538 4007 magis'ac
1583 3925 1783 4006 magis
1827 3944 1927 3987 ac-

604 4044 832 4088 census
892 4043 1152 4086 suarum
1219 4023 1562 4086 affectione
1624 4023 1925 4106 pecunia-

415 4143 602 4199 rum,
664 4143 805 4205 quae
874 4142 1202 4204 nunquam
1264 4121 1644 4203 permittunt
1708 4140 1927 4184 mona-

2229 1964 2523 2044 cipitium
2572 1961 2755 2043 lapsi,
2804 1961 3098 2023 feruntur
3140 1961 3543 2025 irrevocabili

2048 2063 2230 2144 lapsu
2278 2062 2354 2123 ad
2402 2068 2692 2122 mortem.
2734 2060 2871 2122 Non
2918 2060 3198 2121 contenti
3242 2060 3360 2123 soli
3406 2078 3546 2142 pos-

2046 2161 2252 2223 sidere
2303 2159 2606 2241 pecunias
2657 2176 2814 2239 quas
2864 2158 2964 2219 vel
3013 2166 3159 2219 ante
3213 2178 3541 2240 nunquam

2045 2259 2421 2331 habuerant,
2476 2256 2576 2318 vel
2639 2256 2822 2318 initio
2882 2256 3048 2317 malo
3106 2264 3539 2329 servaverunt,

2045 2356 2380 2438 inquirunt
2414 2354 2775 2416 habitacula
2805 2353 3212 2427 feminarum,
3246 2373 3387 2435 quae
3418 2372 3545 2415 ma—

2046 2454 2102 2516 le
2143 2454 2407 2516 collecta
2446 2460 2552 2513 aut
2593 2452 2819 2514 vitiose
2859 2459 3102 2513 retenta
3140 2451 3539 2530 custodiant3

2043 2560 2104 2615 et
2133 2552 2326 2613 tantis
2363 2549 2697 2612 involvunt
2737 2568 2803 2611 se
2839 2548 3366 2630 occupationibus
3402 2568 3540 2630 per-

2043 2651 2303 2713 niciosis
2342 2668 2415 2711 ac
2456 2648 2685 2720 noxiiS‚
2731 2655 2800 2709 ut
2837 2648 3115 2711 devoluti
3156 2648 3231 2709 ad
3272 2647 3534 2729 prosun-

2041 2749 2193 2810 dum
2257 2745 2513 2820 inferni,
2576 2747 2728 2808 dum
2790 2746 3193 2826 acquiescere
3258 2753 3533 2807 renuunt

2039 2846 2403 2929 apostolicae
2446 2844 2541 2907 illi
2583 2844 2932 2916 sententiae,
2981 2852 3051 2904 ut
3095 2843 3400 2906 habentes
3443 2845 3821 2917 vi-1Tim.v1.s.

2040 2953 2216 3006 ctum
2264 2951 2328 3006 et
2376 2944 2700 3016 vestitum,
2744 2941 3021 3004 contenti
3072 2941 3199 3003 sint.
3248 2943 3346 3003 his
3389 2961 3529 3023 quae

2039 3150 2132 3203 tes
2181 3141 2411 3203 divites
2462 3139 2628 3213 fieri,
2673 3139 2956 3201 incidant
3004 3138 3069 3199 in
3117 3137 3531 3200 tentationem

2039 3240 2468 3321 laqueumque
2523 3237 2782 3311 diaboli,
2843 3245 3035 3318 atque
3098 3236 3163 3298 in
3222 3236 3535 3299 desideria

2040 3338 2241 3400 multa
2298 3337 2551 3398 inutilia
2610 3344 2673 3398 et
2734 3335 2981 3410 nociva,
3040 3354 3181 3415 quae
3239 3342 3533 3415 mergunt

2037 3437 2365 3499 hominem
2396 3428 2462 3497 in
2496 3435 2824 3497 interitum
2853 3441 2917 3496 et
2946 3429 3387 3515 perditionem.
3423 3434 3534 3496 Ra-

2038 3535 2145 3596 dix
2196 3552 2472 3615 namque
2522 3532 2811 3595 omnium
2862 3530 3171 3594 malorum
3222 3537 3317 3592 est
3360 3532 3534 3612 cupi-

2039 3633 2201 3694 ditas
2238 3632 2331 3712 (id
2375 3638 2471 3693 est
2519 3628 2931 3712 philargyria)
2974 3647 2987 3690 :
3031 3647 3222 3711 quam
3271 3630 3531 3711 quidam

2038 3737 2431 3812 appetentes,
2474 3734 2845 3790 erraverunt
2882 3747 2919 3789 a
2956 3726 3107 3801 side,
3149 3734 3211 3789 et
3251 3727 3531 3791 inserue—

2039 3836 2190 3890 runt
2231 3846 2299 3889 se
2341 3826 2665 3888 doloribus
2710 3824 2949 3886 multis,

2426 4079 2929 4143 CAPITULUM
2990 4080 3143 4141 XII.

415 4224 630 4286 chum
659 4222 769 4284 diu
812 4222 878 4283 in
921 4221 1302 4283 monasterio
1338 4220 1636 4293 residere,
1671 4228 1777 4282 aut
1809 4221 1927 4282 sub
1957 4226 2007 4287 D
2036 4229 2397 4301 Exemplum
2426 4227 2747 4298 cujusdam
2774 4226 2972 4299 tepidi
2995 4226 3270 4282 monachi
3294 4226 3532 4299 laqueis

413 4320 834 4385 institutione
875 4319 1106 4401 regulae
1149 4319 1382 4381 vivere.
1418 4320 1752 4401 Quumque
1793 4338 1931 4401 pro-

409 4421 667 4505 prietas
699 4426 1000 4499 tanquam
1034 4416 1236 4479 bestia
1266 4415 1442 4479 ferox
1472 4436 1618 4478 eum
1651 4418 1728 4478 de
1759 4425 1926 4480 coetu

409 4517 819 4601 separaverit
850 4518 1160 4591 Fratrum,
1195 4524 1257 4577 et
1296 4515 1706 4578 destitutione
1750 4517 1927 4578 soda-

411 4618 594 4681 lium
629 4614 851 4677 t'ecerit
881 4613 1542 4695 errabundum,atque
1573 4614 1926 4695 privatione

412 4712 836 4778 contubernii
869 4731 979 4773 seu
1015 4711 1381 4777 monasterii
1424 4712 1522 4773 sui
1563 4713 1928 4793 exposuerit

411 4830 584 4877 eum
632 4809 808 4872 facili
848 4808 1242 4873 devorationi
1282 4808 1716 4882 inimicorum,
1761 4827 1928 4871 com-

411 4908 618 4994 pellit
649 4926 800 4971 eum
831 4907 934 4970 die
964 4926 1036 4969 ac
1071 4914 1254 4969 nocte
1297 4926 1410 4987 spe
1450 4914 1730 4988 quaestus
1763 4905 1925 4969 infa-

413 5006 780 5090 tigabiliter
824 5004 1128 5078 laborare,
1170 5004 1280 5086 qui
1334 5004 1512 5086 prius
1558 5005 1925 5087 despexerat

417 5104 760 5169 levissima
811 5101 1177 5165 monasterii
1225 5120 1418 5184 opera
1465 5121 1778 5164 exercere.
1829 5103 1926 5164 ln-

417 5221 628 5286 super
675 5218 804 5264 non
860 5200 1172 5282 permittit
1220 5219 1369 5262 eum
1425 5201 1742 5263 custodire
1792 5219 1926 5263 ora-

417 5303 680 5365 tionum
731 5298 1039 5373 solennia,
1089 5298 1483 5379 jejuniorum
1537 5317 1922 5373 mensuram,

2500 4317 2793 4373 avaritias
2821 4316 3075 4371 irretiti.

2162 4512 2284 4576 CIO
2330 4512 2694 4594 quemdam,
2738 4512 2850 4593 qui
2889 4511 3304 4593 semetipsum
3350 4532 3533 4596 repu-

2192 4619 2279 4673 tat
2322 4612 2729 4683 monachum,
2768 4617 2829 4671 et
2869 4609 3039 4690 quod
3078 4610 3263 4690 pejus
3304 4619 3420 4686 est,
3454 4614 3531 4675 de

2038 4710 2431 4792 perfectione
2480 4708 2602 4769 sibi
2655 4707 2979 4768 blanditur
3022 4724 3035 4767 :
3078 4706 3187 4789 qui
3240 4716 3531 4790 receptus

2040 4808 2105 4869 in
2154 4806 2468 4880 coenobi0‚
2519 4825 2719 4887 quum
2767 4824 2804 4866 a
2851 4822 2967 4867 suo
3017 4813 3381 4868 moneretur
3426 4808 3533 4869 ab-

2037 4906 2182 4969 bate
2242 4926 2321 4968 ne
2381 4905 2613 4967 rediret
2678 4905 2756 4966 ad
2813 4923 2887 4966 ea
2951 4923 3093 4985 quae
3159 4905 3530 4967 renuntians

2037 5005 2377 5077 abdicavit,
2429 5022 2624 5085 seque
2682 5004 3053 5065 emundaret
3104 5002 3184 5064 ab
3240 5002 3528 5066 omnium

2039 5104 2339 5165 vitiorum
2381 5102 2593 5163 radice
2634 5101 2918 5175 avaritia,
2964 5108 3025 5163 et
3064 5120 3101 5163 a
3140 5101 3381 5184 laqueis
3422 5122 3529 5183 pe-

2040 5200 2389 5281 riculisque
2448 5199 2737 5273 terrenis,
2790 5200 2842 5260 si
2898 5200 3090 5262 vellet
3146 5220 3183 5261 a
3240 5199 3528 5281 pristinis

2039 5297 2439 5380 passionibus
2470 5295 2826 5378 expurgari,
2844 5296 3074 5378 quibus
3101 5297 3357 5359 videbat
3385 5316 3528 5359 eum
