4359 6267
1307 515 1387 560 DE
1428 513 1759 559 INsTt'ru'rls
1802 513 1890 557 SS·
1927 512 2189 557 PATRUM.
2235 529 2316 539 ·-
2355 510 2531 555 LIBER
2571 512 2636 556 xt

3397 486 3515 551 113

413 691 614 747 tracta
660 682 887 745 talium
936 683 1387 765 cogitationum
1441 682 1799 756 dulcedine,
1849 689 1911 743 et
1939 680 1992 743 A
2024 680 2216 744 tiores
2259 699 2398 743 esse
2441 680 2759 762 possimus
2802 680 2880 742 ad
2925 679 3214 742 vitandos
3257 678 3515 759 laqueos

411 801 635 845 earum
680 782 937 863 depicta
978 782 1358 855 simulacriS,
1391 799 1518 844 non
1564 780 1765 862 possit
1806 780 1911 841 ad-

409 888 657 943 vertere
700 888 1047 962 praesentes
1088 889 1266 943 actus
1308 887 1415 942 aut
1458 880 1723 951 FratreS,
1757 879 1911 940 dum

411 980 766 1042 delectatur
810 978 1135 1041 immorari
1182 978 1281 1040 his
1329 998 1472 1060 quae
1520 996 1634 1060 per
1679 976 1911 1057 cogita—

412 1078 665 1141 tionum
705 1077 1107 1158 evagationes
1146 1077 1419 1141 somniat
1456 1076 1748 1157 vigilanS,
1781 1082 1912 1137 tan-

414 1196 614 1259 quam
656 1176 826 1239 veris
867 1182 931 1237 et
972 1174 1427 1239 exsistentibus
1470 1173 1679 1235 rebuS.

812 1428 1313 1491 CAPITULUM
1375 1427 1523 1490 XV.

449 1578 539 1632 De
565 1593 630 1631 eo
660 1592 833 1649 quem
870 1576 1298 1648 superveniens
1328 1592 1514 1631 senex
1545 1576 1775 1647 reperit
1810 1575 1873 1629 in

644 1666 803 1722 cella
830 1667 1107 1721 vanitate
1133 1664 1487 1721 cenodooeioe
1512 1662 1679 1733 falli.

2022 786 2212 861 atque
2279 778 2668 860 multiplices
2739 778 3020 841 fallacias
3091 776 3356 839 inimici.
3426 776 3518 837 Ita

2022 896 2300 959 namque
2349 876 2760 958 proferuntur
2807 877 2927 940 ista
2976 876 3042 938 in
3091 875 3374 938 medium
3425 873 3518 935 in-

2021 975 2395 1037 differenter
2445 976 2525 1039 ab
2571 975 2880 1058 AEgyptiis
2936 974 3248 1047 Patribus,
3301 979 3516 1053 quate-

2021 1093 2141 1135 nus
2187 1072 2444 1155 propria
2487 1073 2813 1147 relatione,
2854 1072 3142 1154 juniores
3185 1070 3519 1153 aperiant*

2020 1172 2192 1254 apud
2221 1189 2328 1233 eos
2359 1171 2702 1233 certamina
2731 1171 3020 1233 omnium
3051 1170 3348 1232 vitiorum
3377 1189 3520 1251 quae

2022 1269 2352 1351 patiuntur
2394 1276 2504 1331 aut
2546 1269 2794 1351 passuri
2843 1275 3011 1343 sunt,
3055 1276 3358 1350 tanquam
3407 1267 3519 1349 qui

2021 1368 2231 1429 adhuc
2279 1368 2626 1429 certamina
2675 1366 2785 1429 illa
2831 1366 3184 1429 sustineant
3233 1385 3248 1429 ι
3301 1366 3519 1447 sicque

2021 1464 2489 1547 exponentibus
2534 1464 2892 1527 senioribus
2933 1463 3261 1545 illusiones
3299 1471 3364 1525 et
3404 1463 3519 1524 im—

2023 1563 2442 1645 pugnationes
2484 1563 2772 1625 omnium
2814 1563 3204 1645 passionum,
3235 1560 3520 1642 juniores

2023 1661 2470 1743 ferventesque
2501 1661 2730 1743 spiritu
2762 1668 3100 1743 agnoscant
3130 1668 3371 1723 secreta
3395 1666 3523 1721 ten·

2023 1762 2334 1824 tationum
2370 1770 2432 1824 et
2473 1761 2994 1823 colluctationum
3035 1779 3316 1833 suarum,
3349 1768 3412 1822 et
3449 1779 3524 1822 ea

572 1862 789 1924 ΕΜῙΝΙ
838 1861 990 1923 dum
1036 1861 1101 1923 in
1148 1880 1361 1923 eremo
1410 1861 1625 1944 Scythi
1671 1860 1913 1922 habita·
1950 1863 1997 1925 B
2028 1860 2194 1922 clare
2236 1861 2415 1941 quasi
2467 1860 2533 1923 in
2583 1861 2843 1942 speculo
2893 1860 3233 1932 intuenteS,
3276 1858 3524 1921 discant

584 1978 743 2033 rem,
764 1960 935 2040 quod
963 1978 1157 2021 senex
1189 1960 1445 2040 quidam
1476 1959 1677 2040 gratia
1705 1958 1916 2021 visita-

410 2058 605 2120 tionis
635 2056 901 2119 veniens
928 2057 1007 2118 ad
1040 2057 1265 2118 cellam
1296 2057 1527 2119 Fratris
1558 2057 1913 2137 cujusdam,

410 2176 615 2237 quum
638 2156 803 2219 ostio
828 2156 1403 2237 propinquasset,et
1428 2156 1707 2217 Fratrem
1739 2153 1917 2215 illum

408 2254 696 2316 audisset
752 2254 1139 2335 loquentem,
1202 2252 1485 2315 substitit
1544 2272 1769 2334 parum
1826 2253 1917 2315 fo-

410 2353 526 2422 ris,
559 2351 779 2414 volens
820 2369 1199 2432 cognoscere
1230 2352 1533 2433 quidnam
1576 2351 1810 2432 legeret
1840 2351 1917 2413 de

410 2450 785 2532 ScripturiS,
813 2438 915 2511 vel
955 2450 1110 2532 quid
1155 2450 1524 2511 memoriter
1568 2449 1919 2511 revolveret

409 2549 845 2631 operando‚ut
875 2548 965 2609 ibi
997 2555 1094 2610 est
1123 2548 1337 2610 moris.
1354 2548 1683 2628 Quumque
1715 2547 1919 2628 piissi-

414 2666 557 2709 mus
596 2646 957 2728 explorator
985 2645 1298 2708 curiosius
1339 2645 1724 2707 auscultaret
1765 2664 1916 2707 aure

412 2745 787 2825 diligentius
817 2744 1153 2826 applicata,
1178 2744 1414 2825 reperit
1442 2761 1591 2805 eum
1624 2744 1711 2805 ita
1740 2742 1918 2805 decc-

413 2852 602 2926 ptum
634 2850 695 2905 et
724 2849 1105 2923 occupatum
1142 2842 1621 2923 impugnatione
1652 2842 1915 2923 spiritus

411 2940 634 3023 hujus,
696 2949 767 3003 ut
824 2941 1107 3004 crederet
1162 2960 1231 3003 se
1286 2940 1494 3002 facere
1554 2956 1911 3002 sermonem

2027 1976 2247 2020 causas
2278 1964 2467 2039 atque
2496 1959 2773 2038 remedia
2796 1958 3096 2021 vitiorum
3127 1956 3362 2038 quibus
3391 1956 3527 2038 pul-

2028 2062 2249 2117 santur
2279 2074 2351 2117 ac
2384 2055 2874 2137 impugnantur3
2896 2056 2972 2117 de
3004 2053 3237 2117 futuris
3269 2072 3523 2135 quoque

2028 2155 2486 2217 certaminibus
2547 2154 2778 2216 eruditi
2843 2161 3184 2236 antequam
3242 2154 3520 2227 veniant,

2029 2252 2424 2315 instruantur
2455 2252 2726 2334 qualiter
2757 2252 3027 2314 debeant
3057 2271 3130 2314 ea
3169 2269 3524 2333 praecavere

2029 2350 2128 2413 vel
2194 2357 2413 2414 contra
2473 2370 2547 2413 ea
2611 2369 2911 2432 pugnare.
2978 2350 3523 2423 Quemadmodum

2029 2448 2404 2531 peritissimi
2444 2448 2675 2511 medici
2717 2448 2920 2511 solent
2952 2466 3080 2510 non
3119 2447 3326 2511 solum
3369 2467 3525 2529 prae-

2028 2547 2318 2610 sentibus
2357 2547 2598 2609 morbis
2639 2547 2901 2619 mederi,
2935 2564 3159 2608 verum
3201 2546 3391 2609 etiam
3429 2545 3527 2607 fu—

2027 2645 2188 2707 turis
2222 2646 2569 2727 prudenter
2597 2662 2951 2718 occurrere,
2985 2651 3047 2707 et
3078 2662 3185 2707 eos
3217 2662 3332 2725 per
3367 2662 3522 2725 prae-

2028 2750 2214 2824 cepta
2261 2742 2736 2805 observativave
2785 2743 3015 2824 pocula
3059 2741 3410 2825 praevenire
3449 2760 3523 2803 ac

2028 2859 2420 2923 praecavere3
2463 2842 2550 2904 ita
2591 2848 2652 2903 et
2692 2842 2757 2902 hi
2805 2841 3164 2903 animarum
3203 2840 3522 2902 verissimi

2027 2938 2259 3001 medici
2297 2940 2765 3021 praecaventes*
2800 2938 3207 3000 infirmitates
3247 2957 3358 3000 seu
3393 2936 3525 2999 cul-

410 3040 915 3103 exhortatorium
976 3039 1040 3100 in
1099 3038 1369 3101 ecclesia
1425 3056 1635 3101 coram
1702 3037 1907 3120 plebe.
1951 3038 1995 3101 C
2027 3057 2139 3119 pas
2171 3038 2460 3100 cordium
2491 3043 2849 3111 eventuraS,
2884 3036 3200 3118 spirituali
3243 3035 3522 3098 collatio-

410 3140 751 3220 Quumque
798 3138 1149 3200 subsistens
1202 3156 1395 3199 senex
1442 3136 1723 3198 audisset
1764 3154 1911 3198 eum

412 3236 641 3299 finisse
689 3254 1071 3308 sermonem,
1113 3243 1177 3297 et
1221 3242 1461 3298 mutato
1509 3254 1728 3296 rursus
1772 3233 1914 3296 offi-

410 3337 536 3410 cio,
568 3335 890 3398 celebrare
925 3334 1097 3397 velut
1133 3334 1473 3396 diaconum
1515 3334 1913 3395 catechume-

412 3435 519 3497 nis
558 3434 835 3507 Missam,
868 3440 1020 3494 tunc
1065 3432 1321 3494 tandem
1368 3450 1561 3494 senex
1612 3430 1905 3512 pulsavit.

412 3532 848 3612 Egressusque
895 3529 1128 3602 Frater,
1171 3536 1234 3591 et
1274 3528 1459 3591 solita
1507 3528 1911 3591 veneratione

411 3649 635 3694 senem
666 3628 1025 3711 suscipiens
1054 3647 1126 3690 ac
1160 3628 1585 3703 introducenS,
1620 3626 1914 3708 quaesivit

410 3729 497 3792 ab
544 3746 621 3791 eo
670 3727 926 3810 quando
972 3726 1272 3800 venisset,
1323 3727 1722 3788 remordente
1776 3727 1915 3788 Fra-

412 3836 577 3889 trem
618 3824 1009 3888 conscientia
1046 3823 1498 3905 cogitationum
1538 3842 1819 3897 suarum,
1852 3832 1916 3885 et

410 3944 495 3987 ne
526 3923 769 3985 diutius
801 3941 995 3985 senex
1024 3922 1247 3983 stando
1278 3921 1353 3983 ad
1386 3922 1620 3983 ostium
1655 3921 1912 3983 taedium

411 4020 803 4106 pertulisset.
850 4020 1028 4081 Tunc
1070 4038 1263 4081 senex
1307 4028 1481 4100 grate
1521 4019 1915 4099 joculariter-

408 4139 539 4203 que
599 4118 931 4200 respondit
992 4136 1005 4180 ε
1066 4117 1247 4178 Modo
1305 4116 1473 4189 veni,
1535 4118 1788 4198 quando
1846 4124 1916 4178 tu

408 4218 669 4281 Missam
715 4214 1191 4278 catechumenis
1236 4213 1619 4276 celebrabas

794 4468 1297 4532 CAPITULUM
1364 4467 1547 4531 XVI.

450 4617 625 4685 Quod
650 4616 817 4671 vitia
843 4616 1059 4671 curari
1089 4631 1209 4671 non
1230 4615 1494 4687 possint,
1526 4616 1654 4670 nisi
1680 4631 1885 4671 eorum

568 4706 813 4763 radices
844 4711 901 4760 et
928 4720 1129 4760 causoe
1153 4703 1391 4775 fuerint
1412 4704 1766 4777 publicatoe.

542 4901 842 4965 ROPTER
878 4901 999 4963 hoc
1030 4900 1459 4962 necessarium
1493 4900 1802 4963 aestimavi
1843 4900 1922 4962 is-

564 5009 625 5062 ta
664 5001 945 5061 inserere
989 4998 1143 5059 huic
1185 4998 1514 5079 opusculo,
1549 5004 1619 5060 ut
1657 5016 1782 5061 non
1826 5017 1922 5061 so-

416 5101 553 5162 lum
584 5098 847 5171 ratione,
863 5097 974 5159 sed
1000 5095 1311 5177 exemplis
1342 5113 1595 5178 quoque
1627 5096 1919 5158 instructi

415 5198 497 5260 de
542 5198 604 5259 vi
652 5194 1206 5277 impugnationum
1252 5200 1315 5255 et
1357 5193 1578 5255 ordine
1618 5194 1917 5257 vitiorum

416 5294 659 5379 quibus
708 5291 1092 5357 miserabilis
1140 5290 1351 5353 anima
1403 5291 1731 5367 laceratur,
1779 5311 1923 5355 cau-

2025 3155 2106 3198 ne
2138 3143 2442 3217 tanquam
2484 3134 2726 3197 coelesti
2767 3135 3070 3209 antidoto,
3109 3152 3237 3196 non
3276 3134 3524 3215 patiun-

2029 3243 2130 3295 tur
2149 3254 2255 3296 eas
2287 3253 2570 3296 crescere
2598 3234 2664 3294 in
2697 3233 3020 3295 mentibus
3046 3231 3522 3313 juniorum,sed

2023 3332 2323 3414 aperiunt
2363 3332 2456 3394 eis
2501 3350 2720 3393 causas
2770 3330 3242 3393 imminentium
3291 3329 3526 3412 passio-

2024 3449 2205 3505 num,
2249 3437 2439 3511 atque
2491 3430 2773 3491 remedia
2826 3428 3227 3491 curationum
3280 3447 3520 3490 earum.

2381 3703 2884 3767 CAPITULUM
2951 3703 3168 3766 XVII.

2128 3877 2300 3945 Quod
2325 3876 2648 3933 monachus
2675 3876 2874 3930 vitare
2907 3875 3118 3930 debeat
3143 3875 3426 3931 mulieres

2566 3971 2624 4020 et
2651 3965 2980 4036 episcopos.

1948 4208 1997 4269 D
2034 4210 2618 4412 QUAPROPTER
2661 4214 2796 4275 haec
2837 4221 2931 4275 est
2969 4214 3229 4295 antiqua
3269 4216 3522 4277 Patrum

2193 4309 2502 4383 doctrina,
2554 4329 2934 4392 permanens
2993 4330 3194 4393 usque
3247 4312 3312 4374 in
3367 4332 3523 4394 prae-

2030 4427 2197 4483 senS,
2231 4427 2423 4491 quam
2467 4409 2605 4470 sine
2647 4408 3019 4471 confusione
3060 4428 3201 4472 mea
3240 4411 3524 4492 proferre

2029 4525 2154 4570 non
2196 4514 2438 4589 potem,
2472 4508 2584 4588 qui
2624 4527 2742 4569 nec
2782 4508 2951 4570 valui
2992 4527 3358 4589 germanam
3399 4530 3525 4572 me—

2028 4626 2131 4668 am
2177 4606 2398 4677 vitare‚
2445 4626 2560 4668 nec
2602 4605 2887 4687 episcopi
2935 4626 3160 4669 manus
3204 4609 3470 4671 evadere
3507 4628 3520 4672 ε

2032 4712 2249 4785 utpote
2281 4704 2450 4785 quod
2493 4704 2840 4766 monachus
2873 4705 3134 4767 omnino
3174 4705 3393 4788 fugere
3424 4708 3526 4769 de-

2030 4802 2137 4864 bet
2168 4802 2468 4863 mulieres
2500 4809 2689 4882 atque
2719 4802 3322 4883 episcopos.Neuter
3349 4805 3522 4866 enim

2030 4918 2252 4963 eorum
2301 4898 2453 4961 sinit
2497 4918 2643 4961 eum
2690 4917 2882 4980 quem
2932 4900 3129 4962 semel
3179 4901 3523 4982 conjunxe-

2030 4998 2112 5059 rit
2142 5016 2272 5060 suae
2312 4996 2750 5070 familiaritati,
2784 5015 3006 5058 vacare
3048 4998 3124 5059 de
3160 5006 3372 5061 cetero
3403 5001 3524 5061 cel-

2032 5096 2105 5159 ¹ae
2136 5094 2482 5176 quieti,aut
2511 5093 2742 5156 divinae
2774 5093 3292 5175 contemplationi
3326 5097 3527 5177 puris-

2030 5193 2212 5256 simis
2242 5192 2446 5255 oculis
2488 5192 2809 5254 immorari
2843 5191 3268 5273 perfectarum
3308 5211 3518 5256 rerum

2034 5292 2288 5354 intuitu.

3541 1084 3561 1105 ·
3570 1082 3811 1137 adspiciam

3550 2955 3567 2973 ·
3578 2964 3820 3007 ρτειιωυι-

3549 3017 3616 3057 tes
