4359 6267
866 474 987 540 486

936 661 1277 735 stirpatione
1307 660 1577 720 omnium
1604 659 1881 717 vitiorum
1930 702 1942 713 .
2023 700 2034 713 .
2117 700 2128 713 .
2297 658 2369 713 58

865 752 1196 825 Capitulum
1245 753 1362 808 XII.
1401 751 1565 817 Quod
1603 751 1778 824 juxta
1823 764 2069 821 agonem
2121 763 2225 804 seu

936 839 1428 898 concertationem
1467 838 1785 904 carnalem,
1825 836 2076 893 imitatio
2115 835 2228 908 spi-

937 930 1164 988 ritualis
1227 928 1433 1003 agonis
1493 944 1594 985 seu
1647 943 1860 1000 pugnae
1921 942 2225 983 assumen-

935 1022 1012 1076 da
1037 1019 1114 1074 sit

789 1184 792 1187 ἢ
863 1109 1196 1182 Capitulum
1228 1110 1368 1163 XIII.
1401 1108 1566 1175 Quod
1607 1106 1718 1162 nisi
1757 1105 2062 1178 expurgati
2098 1103 2220 1161 fue-

935 1198 1124 1254 rimus
1159 1214 1194 1253 a
1229 1196 1368 1253 vitio
1407 1196 1576 1268 guloe,
1611 1210 1982 1267 nequaquam
2024 1210 2221 1265 perve-

938 1287 1062 1343 nire
1117 1286 1440 1358 poterimus
1489 1285 1564 1341 ad
1615 1282 1908 1340 interioris
1963 1282 2223 1338 hominis

938 1392 1165 1449 pugnas
1188 1414 2221 1430 ............
2296 1372 2367 1428 59

864 1465 1196 1538 Capitulum
1227 1465 1363 1519 xlv,
1397 1463 1702 1529 Quomodo
1739 1460 2032 1534 possimus
2071 1461 2223 1533 gulae

938 1552 1469 1627 concupiscentiam
1504 1566 1778 1623 superare
1839 1592 2221 1605 .....
2297 1551 2367 1605 59

866 1644 1196 1718 Capitulum
1226 1644 1338 1697 XV.
1372 1641 1676 1707 Quomodo
1705 1640 2035 1697 monachus
2071 1656 2223 1696 sem-

942 1750 1045 1806 per
1082 1733 1287 1789 debeat
1324 1747 1447 1788 esse
1487 1730 1744 1786 intentus
1780 1729 1854 1785 ad
1894 1728 2223 1785 custodien-

939 1824 1076 1879 dam
1108 1820 1421 1894 puritatem
1453 1818 1670 1893 proprii
1701 1817 1892 1875 cordis
1934 1860 1945 1872 .
2026 1860 2038 1873 .
2119 1861 2130 1872 .
2211 1860 2224 1872 .
2300 1819 2372 1874 60

868 1911 1198 1985 Capitulum
1233 1911 1370 1965 XVI.
1404 1910 1570 1975 Quod
1600 1906 1926 1964 monachus
1955 1922 2069 1962 non
2104 1922 2231 1979 pos·

941 2000 1015 2057 sit
1073 2000 1346 2073 perlicere
1392 1996 1724 2069 spirituales
1778 2012 2006 2069 pugnas
2052 1995 2227 2068 juxta

941 2105 1166 2146 morem
1212 2086 1534 2161 Olympiaci
1582 2084 1940 2151 certaminis,
1969 2083 2082 2140 nisi
2131 2101 2227 2141 su-

939 2177 1227 2251 peraverit
1253 2176 1404 2233 bella
1444 2174 1701 2233 carnalia
1743 2215 2226 2231 ......
2302 2173 2374 2229 60

869 2269 1200 2343 Capitulum
1246 2270 1409 2325 XVII.
1452 2268 1618 2333 Quod
1664 2266 1820 2323 basis
1867 2281 1972 2323 seu
2015 2264 2225 2323 funda·

944 2361 1208 2416 mentum
1246 2356 1570 2431 spiritualis
1605 2354 1812 2428 agonis
1849 2352 2128 2411 consistat
2165 2352 2226 2409 in

941 2464 1140 2521 pugna
1169 2451 1373 2505 contra
1406 2446 1604 2519 gulam
1657 2484 2225 2500 .......
2303 2442 2375 2498 60

870 2536 1202 2609 Capitulum
1241 2537 1432 2592 XVIII.
1471 2536 1580 2591 Per
1617 2550 1750 2605 quae
1790 2548 2002 2605 genera
2046 2534 2231 2589 certa-

943 2625 1176 2681 minum
1198 2628 1370 2698 atque
1392 2624 1720 2698 palmarum
1744 2619 2067 2679 ascenderit
2089 2622 2231 2693 Apo·

944 2713 1126 2771 stolus
1161 2716 1232 2771 ad
1265 2730 1541 2770 coronam
1573 2710 1792 2768 summi
1819 2708 2042 2783 agonis.
2124 2752 2135 2763 .
2217 2752 2227 2762 .
2304 2708 2372 2764 61

872 2803 1203 2876 Capitulum
1246 2804 1383 2858 XIX.
1416 2803 1583 2868 Quod
1619 2799 1851 2858 athletis
1888 2814 1992 2855 seu
2028 2796 2231 2853 militi·

944 2893 1054 2949 bus
1089 2891 1299 2948 Christi
1346 2907 1462 2947 non
1507 2889 1655 2947 desit
1701 2905 1900 2961 pugna
1946 2886 2232 2961 quamdiu

945 2982 1006 3038 in
1037 2998 1273 3054 corpore
1313 2981 1697 3039 demorantur
1755 3018 2230 3033 ......
2305 2976 2376 3030 62

873 3059 1204 3144 Capitulum
1243 3071 1356 3126 XX.
1398 3069 1562 3135 Quod
1612 3067 1940 3123 monachus
1977 3080 2093 3121 non
2134 3065 2233 3121 de-

947 3162 1080 3218 beat
1116 3160 1393 3217 excedere
1429 3161 1664 3229 tempus
1699 3154 1970 3213 sumendi
2013 3154 2229 3219 cibum,

944 3250 994 3305 si
1022 3249 1146 3306 vult
1184 3246 1481 3321 pervenire
1521 3247 1596 3303 ad
1625 3260 1852 3318 pugnas
1881 3242 2230 3301 interiorum

947 3338 1336 3396 certaminum
1385 3374 2228 3391 ..........
2306 3332 2376 3386 62

877 3426 1206 3501 Capitulum
1255 3427 1392 3482 XXI.
1427 3427 1504 3483 De
1545 3422 1804 3481 interiori
1845 3438 1982 3495 pace
2029 3436 2235 3477 mona·

949 3517 1040 3573 chi
1067 3519 1124 3573 et
1151 3513 1503 3572 abstinentia
1535 3510 1821 3585 spirituali
1847 3551 2232 3566 .....
2306 3508 2378 3564 62

878 3605 1209 3679 Capitulum
1246 3604 1408 3659 XXII.
1442 3601 1607 3669 Quod
1655 3600 1784 3659 ideo
1824 3602 2086 3673 oporteat
2129 3614 2237 3655 nos

948 3710 1216 3753 exercere
1266 3690 1687 3749 continentiam
1740 3689 2122 3763 corporalem,
2173 3692 2239 3745 ut

950 3782 1359 3859 perveniamus
1387 3783 1460 3839 ad
1479 3779 1773 3854 Jejunium
1815 3778 2135 3851 spirituale.
2223 3820 2235 3833 .
2310 3778 2382 3833 63

879 3872 1211 3946 Capitulum
1250 3870 1440 3925 XXIII.
1478 3869 1677 3935 Qualis
1714 3869 1920 3925 debeat
1957 3883 2080 3923 esse
2121 3882 2242 3921 mo-

952 3961 1124 4019 nachi
1155 3961 1321 4017 cibus
1389 3997 2235 4015 ..........
2312 3956 2383 4012 63

879 4050 1210 4125 Capitulum
1237 4049 1423 4104 XXIV.
1451 4048 1614 4114 Quod
1641 4046 1964 4103 viderimus
1993 4044 2052 4100 in
2080 4045 2244 4117 AEgy-

951 4144 1050 4216 pto
1089 4138 1487 4196 indifferenter
1523 4135 1666 4193 solvi
1706 4134 2049 4207 quotidiana
2084 4134 2244 4208 jeju-

954 4230 1054 4287 nia
1083 4228 1141 4285 in
1174 4227 1372 4284 nostro
1407 4227 1658 4283 adventu
1667 4266 2241 4279 .......
2316 4224 2389 4280 64

881 4318 1214 4393 Capitulum
1262 4317 1420 4371 XXV.
1465 4316 1543 4372 De
1589 4312 1898 4370 sobrietate
1942 4312 2098 4370 senis
2142 4312 2242 4385 qui

955 4409 1036 4464 ita
1080 4407 1268 4465 sexies
1313 4404 1565 4478 sumpsit
1609 4403 1806 4460 cibum
1851 4402 1911 4459 in
1959 4402 2052 4459 die
2100 4419 2239 4467 uno,

959 4498 1116 4571 quod
1144 4496 1336 4552 adhuc
1367 4494 1585 4551 mansit
1607 4491 1872 4551 esuriens
1951 4536 1961 4547 .
2043 4534 2054 4547 .
2135 4535 2147 4547 .
2228 4533 2241 4546 .
2318 4492 2391 4548 64

889 4586 1219 4659 Capitulum
1267 4584 1454 4639 XXVI.
1485 4584 1562 4640 De
1611 4598 1747 4639 sene
1791 4580 1892 4654 qui
1939 4597 2243 4653 nunquam

961 4673 1183 4746 accepit
1210 4688 1404 4729 escam
1435 4672 1594 4728 solus
1621 4670 1682 4725 in
1713 4670 1858 4727 cella
1885 4687 1992 4727 sua
2043 4714 2053 4724 .
2137 4712 2148 4724 .
2230 4712 2243 4724 .
2318 4668 2391 4724 64

888 4762 1220 4836 Capitulum
1251 4761 1462 4817 XXVII.
1489 4760 1564 4817 De
1591 4760 1784 4817 fructu
1812 4760 2082 4816 laborum
2111 4774 2246 4815 suo-

959 4869 1094 4910 rum
1135 4867 1310 4925 quem
1351 4847 1598 4907 confessi
1635 4852 1773 4905 sunt
1819 4866 1878 4905 se
1926 4846 2249 4905 obtinuisse

961 4943 1142 5000 abbas
1169 4938 1408 4997 Phesius
1431 4942 1489 4995 et
1523 4938 1705 4994 abbas
1733 4938 1983 4994 loannes
2045 4980 2057 4992 .
2137 4979 2148 4992 .
2232 4980 2245 4991 .
2320 4937 2393 4993 65

889 5032 1220 5106 Capitulum
1242 5029 1479 5085 XXVIII.
1503 5029 1580 5084 De
1602 5026 1762 5084 finali
1783 5026 2050 5083 doctrina
2069 5042 2247 5099 quam

962 5123 1144 5179 abbas
1194 5121 1444 5176 Ioannes
1489 5133 1673 5189 quum
1725 5120 1876 5173 esset
1931 5115 2252 5172 moriturus

962 5209 1202 5283 reliquit
1227 5207 1350 5265 suis
1381 5205 1686 5279 discipulis
1761 5248 2243 5262 ......
2324 5204 2396 5259 65

893 5300 1226 5375 Capitulum
1264 5296 1448 5356 XXIX.
1483 5297 1560 5353 De
1598 5295 1804 5353 abbate
1841 5295 2112 5361 Machete,
2149 5292 2251 5367 qui

2135 487 2323 534 mnu
2364 486 2699 534 osismus

2548 656 2701 714 inter
2756 656 3087 731 spirituales
3132 655 3471 712 collationes
3523 669 3829 727 nunquam

2548 746 2916 812 obdormivit,
2970 748 3028 803 et
3083 744 3238 801 inter
3288 747 3549 801 terrenas
3604 742 3837 800 fabulas

2548 850 2779 907 semper
2806 834 3083 891 dormivit

2474 924 2805 997 Capitulum
2845 924 3003 979 XXX.
3045 923 3319 979 Doctrina
3364 922 3625 996 ejusdem
3675 922 3831 979 senis

2546 1016 2617 1069 de
2648 1012 2881 1070 nemine
2902 1012 3226 1085 judicando
3250 1056 3824 1070 .......
3904 1012 3987 1067 65

2472 1102 2801 1175 Capitulum
2840 1102 3025 1158 XXXI.
3072 1103 3396 1174 Increpatio
3440 1103 3703 1176 ejusdem
3742 1118 3832 1157 se-

2542 1192 2635 1247 nis
2682 1208 2863 1263 quum
2916 1191 3151 1248 vidisset
3198 1193 3426 1249 Fratres
3474 1190 3625 1248 inter
3660 1190 3830 1265 spiri-

2544 1282 2731 1337 tuales
2781 1279 3119 1337 collationes
3170 1280 3545 1347 dormientes,
3595 1284 3653 1338 et
3701 1298 3833 1337 eos-

2545 1373 2677 1428 dem
2718 1372 2793 1427 ad
2828 1370 3224 1427 narrationem
3262 1369 3473 1427 fabulae
3512 1371 3711 1427 otiosae
3740 1389 3835 1429 ex-

2548 1459 2907 1534 pergefactos
2974 1504 3828 1518 ..........
3906 1462 3987 1517 66

2475 1550 2805 1623 Capitulum
2851 1551 3063 1606 XXXII.
3096 1551 3175 1607 De
3212 1550 3471 1622 epistolis
3515 1552 3835 1608 combustis

2546 1646 2861 1713 antequam
2892 1640 3223 1712 legerentur
3254 1684 3827 1697 .......
3906 1642 3987 1697 66

2476 1732 2805 1805 Capitulum
2856 1730 3092 1785 XXXIII.
3142 1730 3218 1787 De
3266 1730 3627 1787 absolutione
3676 1746 3833 1802 quae-

2548 1820 2755 1878 stionis
2790 1834 2969 1891 quam
3016 1820 3195 1875 abbas
3230 1819 3564 1877 Theodorus
3612 1820 3833 1876 orando

2551 1909 2875 1985 promeruit
2880 1952 3829 1965 ...........
3906 1912 3989 1966 67

2478 1999 2805 2074 Capitulum
2851 1998 3083 2054 XXXIV.
3126 1997 3397 2055 Doctrina
3442 1999 3705 2071 eJusdem
3747 2014 3837 2055 se·

2552 2089 2662 2154 nis,
2695 2088 2943 2161 qualiter
2972 2087 3295 2145 monachus
3323 2087 3503 2160 possit
3536 2086 3837 2159 acquirere

2550 2178 2854 2237 scientiam
2884 2176 3319 2249 Scripturarum
3348 2220 3827 2234 ......
3907 2179 3990 2234 67

2479 2268 2809 2342 Capitulum
2848 2266 3054 2321 XXXV.
3086 2266 3411 2339 Increpatio
3448 2267 3713 2339 ejusdem
3754 2285 3837 2325 se·

2552 2358 2643 2414 nis
2681 2372 2865 2429 quum
2907 2356 2976 2411 de
3016 2358 3185 2412 nocte
3221 2355 3471 2412 venisset
3507 2358 3581 2412 ad
3626 2357 3835 2413 cellam

2554 2462 2746 2504 meam
2792 2488 3827 2503 ............
3908 2446 3992 2501 67

2482 2534 2812 2608 Capitulum
2870 2535 3104 2590 XXXVI.
3162 2534 3482 2607 Descriptio
3535 2536 3715 2593 eremi
3775 2535 3835 2591 in

2553 2641 2671 2697 qua
2698 2624 3064 2681 anachoretae
3098 2626 3405 2680 morantur
3446 2668 3833 2681 .....
3911 2624 3995 2680 67

2482 2712 2811 2785 Capitulum
2843 2713 3100 2768 XXXVII.
3132 2711 3393 2778 Qualiter
3428 2712 3607 2769 abbas
3636 2714 3841 2770 Arthe-

2554 2802 2688 2858 bius
2746 2802 3049 2858 tradiderit
3110 2800 3279 2858 nobis
3335 2800 3608 2858 cellulam
3666 2818 3835 2859 suam

2558 2908 2693 2948 cum
2724 2890 3071 2948 utensilibus
3098 2890 3222 2963 ejus
3250 2906 3318 2946 ac
3349 2890 3689 2947 necessariis
3730 2936 3741 2947 .
3824 2936 3836 2947 .
3914 2893 3997 2948 68

2484 2980 2815 3053 Capitulum
2856 2980 3141 3035 XXXVIII.
3184 2981 3261 3035 De
3302 2978 3495 3035 debito
3542 2981 3699 3051 quod
3746 2981 3845 3037 ab·

2558 3071 2661 3127 bas
2700 3068 3009 3126 Arthebius
3046 3069 3215 3124 solvit
3262 3085 3366 3141 pro
3412 3070 3574 3141 patre
3616 3086 3722 3125 suo
3767 3086 3839 3128 ex

2558 3161 2753 3217 labore
2782 3176 3072 3215 manuum
3112 3176 3353 3215 suarum
3363 3202 3839 3217 ......
3914 3163 3999 3218 68

2485 3248 2817 3323 Capitulum
2845 3249 3076 3303 XXXIX.
3102 3250 3227 3313 Qua
3256 3246 3629 3306 simulatione
3658 3250 3847 3323 cnjus·

2563 3341 2700 3395 dam
2740 3337 2896 3395 senis
2934 3337 3231 3409 provisum
3270 3336 3347 3393 'sit
3374 3353 3519 3410 opus
3554 3355 3841 3395 manuum

2557 3427 2751 3484 abbati
2783 3426 3039 3483 Simeoni
3070 3442 3251 3498 quum
3284 3430 3433 3483 esset
3458 3427 3676 3484 otiosus
3735 3472 3749 3484 .
3830 3472 3843 3485 .
3918 3430 4001 3485 69

2484 3517 2818 3589 Capitulum
2867 3515 2972 3571 XL.
3024 3515 3099 3571 De
3148 3514 3344 3588 pueris
3390 3516 3489 3587 qui
3539 3518 3849 3589 portabant

2561 3606 2704 3662 ficus
2751 3606 2825 3660 ad
2872 3607 3275 3677 aegrotantem,
3319 3607 3376 3661 et
3422 3602 3576 3661 same
3624 3603 3847 3663 desece-

2558 3697 2699 3751 runt
2726 3694 2785 3750 in
2812 3692 2905 3749 via
2934 3691 3158 3749 ficubus
3188 3708 3305 3749 non
3338 3692 3581 3765 gustatis
3640 3738 3652 3750 .
3735 3739 3746 3750 .
3830 3740 3841 3751 .
3920 3698 4000 3753 69

2488 3782 2819 3856 Capitulum
2848 3782 2982 3837 XLI.
3010 3781 3310 3838 Sententia
3345 3781 3573 3837 abbatis
3610 3783 3846 3840 Macarii

2564 3873 2633 3929 de
2664 3870 3029 3929 observantia
3052 3870 3325 3928 monachi
3355 3873 3412 3927 ct
3437 3874 3718 3944 tanquam
3742 3873 3844 3930 diu

2562 3960 2769 4017 victuri
2796 3964 2856 4017 et
2882 3964 3164 4033 tanquam
3198 3976 3333 4016 mox
3365 3960 3655 4017 morituri.
3735 4007 3747 4020 .
3830 4008 3843 4022 .
3926 3965 4003 4022 '¹10

2493 4143 2683 4207 Lissa
2720 4158 2966 4206 ssxrus.
3011 4142 3097 4204 De
3142 4140 3369 4223 spiritu
3413 4141 3857 4208 fornicationis

2574 4252 2688 4295 seu
2718 4231 2986 4295 luxuriae
2992 4281 3847 4299 ..........
3926 4244 3996 4300 7¹

2496 4402 2825 4476 Capitulum
2866 4402 2907 4457 I.
2939 4401 3017 4458 De
3062 4400 3281 4473 duplici
3331 4418 3528 4475 pugna
3575 4403 3856 4461 adversus

2567 4492 2839 4565 spiritum
2870 4490 3271 4547 fornicationis
3276 4535 3850 4550 .......
3930 4494 3998 4551 'u

2497 4582 2827 4655 Capitulum
2877 4581 2945 4637 II.
2996 4581 3073 4638 De
3131 4579 3439 4653 priucipali
3494 4582 3852 4641 correctione

2569 4672 2845 4729 adversus
2873 4669 3143 4742 spiritum
3176 4668 3577 4727 fornicationis
3651 4714 3662 4726 .
3744 4716 3756 4729 .
3838 4717 3851 4729 .
3930 4673 3997 4729 71

2498 4760 2829 4835 Capitulum
2861 4760 2954 4815 III.
2986 4760 3283 4825 Quantum
3322 4760 3568 4817 remedii
3598 4759 3861 4819 conferat

2570 4852 2645 4908 ad
2674 4850 3073 4921 superandum
3096 4848 3305 4905 vitium
3335 4848 3737 4907 fornicationis
3764 4868 3859 4907 so·

2573 4937 2757 4994 litudo
2786 4954 2920 4994 cum
2954 4937 3313 4995 continentia
3370 4982 3855 4997 ......
3929 4940 3997 4996 71

2500 5025 2831 5099 Capitulum
2882 5027 2969 5081 IV.
3012 5026 3164 5091 Quid
3212 5025 3440 5084 intersit
3480 5026 3633 5083 inter
3674 5028 3859 5084 conti·

2573 5116 2832 5173 nentiam
2881 5118 2939 5173 et
2984 5115 3328 5182 castitatem,
3373 5120 3428 5172 et
3475 5132 3549 5172 an
3601 5118 3862 5190 utraeque

2574 5204 2752 5261 simul
2785 5205 3113 5262 habeantur

2504 5293 2837 5366 Capitulum
2884 5295 2948 5350 V.
2980 5294 3145 5360 Quod
3194 5292 3565 5367 impugnatio
3610 5292 3863 5353 fornica-
