4359 6267
1743 407 1929 455 mnax
1973 407 2309 454 canamus
3458 391 3582 456 499

483 574 779 639 Commio
846 593 1333 641 samuAnncnnA
1394 576 1684 659 (Abbatis
1740 579 1836 641 Jo-

560 665 717 746 seph
777 667 1100 744 secunda).
1163 666 1250 729 De
1309 666 1676 730 definiendo
1733 667 1832 728 vel

560 772 685 816 non
718 754 1086 817 definiendo
1165 808 1821 820 ........
1866 764 1967 819 331

477 923 806 996 Capitulum
838 926 878 981 1.
912 926 988 981 De
1025 926 1239 999 vigiliis
1277 944 1424 999 quas
1461 926 1824 998 pertulimus.
1867 926 1968 981 331

477 1012 805 1083 Capitulum
849 1014 914 1069 11.
943 1014 1020 1070 De
1065 1031 1240 1070 causa
1291 1019 1346 1070 et
1393 1015 1568 1069 modo
1609 1014 1831 1071 reditus

545 1101 726 1156 nostri
757 1102 830 1157 ad
862 1103 1136 1158 eumdem
1163 1102 1432 1159 abbatem
1441 1146 1824 1159 .....
1867 1104 1968 1159 331

473 1188 804 1260 Capitulum
837 1190 927 1244 111.
949 1189 1097 1255 Quid
1121 1190 1265 1245 mihi
1296 1191 1369 1246 ad
1390 1189 1500 1246 hoc
1519 1190 1710 1245 visum
1731 1191 1822 1245 sit.
1866 1191 1968 1247 331

471 1277 802 1349 Capitulum
863 1279 948 1333 IV.
1004 1278 1383 1351 interrogatio
1439 1277 1612 1343 senia,
1672 1279 1826 1336 unde

540 1366 798 1422 evenerit
846 1369 1044 1422 nostra
1092 1366 1356 1424 anxietas
1372 1384 1386 1433 ;
1426 1370 1480 1423 et
1528 1366 1828 1439 responsio

539 1457 740 1510 nostra
785 1496 1820 1511 ............
1863 1456 1970 1511 332

469 1542 796 1614 Capitulum
831 1544 891 1599 V.
927 1544 1039 1600 Cur
1069 1544 1127 1600 in
1157 1546 1404 1617 AEgypto
1444 1560 1680 1602 manere
1708 1545 1824 1601 vel·

538 1632 744 1695 lemus,
777 1635 834 1688 et
872 1650 976 1690 cur
1003 1634 1433 1691 retraheremur
1460 1636 1534 1689 ad
1574 1634 1821 1705 Syriam.
1863 1635 1970 1691 332

469 1720 798 1792 Capitulum
857 1723 946 1778 Vl.
997 1723 1394 1795 Interrogatio,
1455 1740 1532 1779 an
1589 1724 1827 1779 daretur

537 1809 706 1865 nobis
737 1810 926 1883 major
955 1811 1244 1883 profectus
1270 1812 1328 1868 in
1358 1814 1622 1885 AEgypto,
1645 1829 1822 1883 quam

545 1898 601 1953 in
635 1899 898 1956 eoenobio
935 1900 1116 1973 Syrioe
1155 1944 1818 1958 ........
1863 1902 1969 1957 332

465 1988 794 2059 Capitulum
839 1989 950 2044 VII.
985 1991 1316 2062 Responsio,
1359 1993 1514 2063 quod
1555 1991 1674 2045 imo
1715 2035 1726 2047 .
1808 2036 1818 2047 .
1861 1991 1966 2047 333

465 2077 796 2149 Capitulum
846 2079 988 2134 vm.
1039 2081 1203 2145 Quod
1250 2080 1357 2137 viri
1410 2079 1648 2153 perfecti
1706 2097 1823 2136 non

535 2166 785 2222 debeant
812 2167 1074 2224 absolute
1112 2168 1352 2226 definire
1429 2213 1817 2227 .....
1859 2170 1965 2225 333

464 2254 796 2325 Capitulum
839 2258 922 2312 IX.
956 2258 1120 2322 Quod
1159 2257 1476 2330 aliquando
1518 2258 1715 2315 utilius
1749 2260 1824 2315 sit

533 2347 748 2401 statuta
787 2362 1112 2418 erumpere,
1151 2363 1326 2419 quam
1369 2347 1629 2420 implere.
1712 2393 1723 2403 .
1805 2392 1816 2403 .
1859 2348 1964 2404 333

464 2432 794 2503 Capitulum
846 2435 909 2489 X.
943 2434 1323 2507 Interrogatio
1371 2436 1441 2491 de
1488 2438 1621 2491 voto
1665 2437 1822 2509 quod

535 2521 594 2576 in
635 2522 898 2578 coenobio
938 2522 1117 2595 Syriae
1153 2522 1400 2580 fecimus
1431 2568 1816 2581 .....
1858 2526 1965 2581 334

463 2610 792 2682 Capitulum
847 2612 934 2666 XI.
983 2611 1315 2683 ResponsiO,
1357 2614 1515 2685 quod
1563 2614 1822 2687 proposi-

535 2702 662 2755 tum
703 2698 967 2757 facientis
1006 2703 1373 2772 pensandum
1412 2702 1504 2768 sit,
1539 2720 1656 2759 non
1690 2706 1825 2761 effe-

535 2791 663 2843 ctus
709 2788 926 2859 negotii
969 2791 1200 2845 tantum
1244 2834 1256 2845 .
1337 2835 1347 2846 .
1429 2836 1439 2847 .
1521 2836 1532 2847 .
1616 2837 1626 2847 .
1711 2837 1722 2849 .
1803 2838 1814 2850 .
1857 2794 1965 2849 334

466 2876 796 2947 Capitulum
830 2878 946 2933 Xll.
977 2880 1115 2943 Quae
1145 2895 1320 2935 causa
1351 2880 1610 2952 exegerit
1651 2898 1819 2953 spon-

530 2964 754 3021 sionem
789 2964 950 3021 illam
983 2982 1018 3022 a
1047 2966 1215 3022 nobis
1247 3010 1814 3026 .......
1857 2972 1964 3027 335

461 3052 790 3124 Capitulum
825 3055 966 3110 XIII.
1000 3057 1164 3120 Quod
1193 3055 1318 3112 sine
1347 3056 1519 3129 culpa
1549 3059 1690 3113 ordo
1721 3075 1820 3130 pa-

533 3140 743 3197 ctionis
782 3144 1056 3206 mutetur,
1091 3142 1415 3198 dummodo
1453 3146 1690 3201 effectus
1722 3148 1819 3201 bo-

531 3228 591 3285 ni
635 3229 814 3286 studii
857 3230 1119 3303 capiatur
1153 3274 1165 3285 .
1246 3274 1257 3286 .
1338 3275 1349 3286 .
1413 3306 1416 3309 ⁴
1431 3276 1813 3291 .....
1857 3236 1963 3291 335

461 3318 791 3391 Capitulum
843 3320 977 3374 XIV.
1030 3319 1426 3391 Interrogatio‚
1477 3338 1552 3377 an
1601 3324 1818 3395 absque

531 3411 767 3480 peccato
799 3408 891 3473 sit,
923 3409 1080 3479 quod
1119 3408 1472 3466 conscientia
1503 3414 1702 3467 nostra
1731 3412 1818 3467 in-

532 3496 678 3567 gerit
707 3495 958 3552 infirmis
985 3496 1348 3553 occasionem
1379 3499 1718 3557 mentiendi.
1801 3544 1812 3555 .
1855 3502 1961 3557 336

458 3587 788 3660 Capitulum
835 3589 945 3643 XV.
987 3588 1323 3659 Responsio,
1365 3591 1518 3661 quod
1569 3591 1815 3647 mutatio

529 3675 934 3748 promissionis
961 3676 1212 3732 incautae
1243 3694 1357 3734 non
1387 3678 1462 3733 sit
1492 3679 1816 3737 omittenda

529 3764 968 3838 superveniente
1007 3765 1316 3822 salubriori
1361 3767 1620 3823 consilio.
1702 3812 1713 3824 .
1796 3813 1808 3826 .
1850 3771 1959 3826 336

457 3853 784 3925 Capitulum
835 3854 970 3919 XVI.
1004 3856 1169 3921 Quod
1218 3855 1412 3912 Sancti
1463 3858 1810 3929 quandoque

529 3942 746 3999 utiliter
777 3942 1132 4000 mutaverint
1165 3944 1528 4017 propositum
1609 3988 1621 4000 .
1701 3990 1713 4002 .
1796 3991 1806 4003 .
1852 3949 1958 4003 336

457 4031 786 4103 Capitulum
844 4032 1004 4087 XVII.
1059 4034 1224 4098 Quod
1280 4034 1431 4090 Deus
1488 4036 1812 4091 secundum

525 4121 840 4191 praesentes
883 4124 1047 4176 actus
1087 4121 1174 4177 vel
1223 4125 1557 4179 remuneret
1599 4140 1812 4179 unum-

526 4226 817 4281 quemque
856 4209 943 4265 vel
991 4210 1196 4282 puniat
1235 4254 1246 4265 .
1326 4254 1338 4267 .
1419 4256 1430 4267 .
1513 4256 1524 4268 .
1611 4256 1622 4267 .
1703 4257 1714 4269 .
1796 4257 1806 4269 .
1851 4216 1957 4271 339

457 4297 786 4370 Capitulum
818 4299 1008 4354 XVIII.
1029 4301 1192 4364 Quod
1223 4316 1415 4356 sermo
1443 4302 1660 4358 mutari
1690 4320 1813 4374 pos·

525 4389 600 4443 sit
652 4387 712 4442 in
767 4386 996 4450 melius,
1038 4388 1304 4460 quamvis
1357 4388 1446 4445 ira
1498 4389 1812 4463 instigante

526 4475 853 4549 proferatur
889 4478 997 4531 sub
1033 4478 1384 4550 obligatione
1424 4482 1528 4535 aut
1563 4480 1812 4551 promis-

524 4566 686 4622 sione
763 4607 1807 4627 ............
1851 4574 1958 4630 340

454 4654 782 4726 Capitulum
833 4656 968 4711 XIX.
1003 4655 1258 4727 ObJectio
1307 4672 1378 4711 ex
1427 4657 1616 4712 verbis
1665 4660 1814 4715 Psal-

528 4743 716 4800 mistae
774 4786 1806 4804 ............
1850 4751 1950 4807 341

452 4840 779 4912 Capitulum
822 4842 933 4896 XX.
967 4842 1281 4914 Responsio
1310 4844 1383 4899 ad
1424 4844 1810 4916 objectionem

525 4929 886 5001 praemissam
949 4974 1802 4993 ..........
1848 4940 1949 4995 341

449 5018 780 5089 Capitulum
831 5019 966 5074 XXI.
1005 5022 1168 5085 Quod
1217 5022 1521 5078 obtestatio
1571 5040 1686 5079 non
1737 5026 1811 5081 sit

519 5108 790 5165 addenda
815 5108 1042 5163 occulto
1080 5111 1336 5165 sermoni
1417 5153 1802 5171 .....
1845 5116 1947 5172 341

450 5194 782 5266 Capitulum
829 5196 992 5251 XXII.
1048 5199 1212 5263 Quod
1270 5202 1596 5257 monachus
1654 5203 1803 5259 nihil

2153 578 2359 634 debeat
2387 579 2629 651 abrupte
2660 578 2900 635 definire
2932 580 3001 636 de
3037 578 3127 635 his
3157 595 3287 652 quae
3318 596 3441 653 per-

2153 665 2343 723 tinent
2382 668 2457 723 ad
2502 667 2831 741 corporales
2867 667 3335 726 exercitationes,
3417 712 3429 725 .
3470 670 3572 726 341

2080 844 2363 915 Prologus
2418 844 2477 901 in
2536 850 2755 917 septem
2816 845 3051 901 ultimas
3100 846 3435 904 collationes

2152 934 2391 989 Patrum
2450 934 2509 989 in
2560 933 2850 991 ulterioris
2904 936 3163 1007 partibus
3206 936 3432 1009 AEgypti

2154 1022 2547 1081 habitantium
2574 1067 3432 1082 ..........
3472 1027 3579 1083 343

2081 1197 2379 1260 Commo
2418 1215 2886 1261 ocrAvanscmA
2913 1199 3203 1281 (Abbatis
3242 1200 3440 1263 Piam-

2161 1286 2413 1367 monis).
2450 1287 2536 1349 De
2588 1287 2791 1349 tribus
2838 1287 3180 1369 generibus
3226 1308 3438 1351 mona-

2158 1374 2447 1449 chorum,
2480 1385 2544 1437 et
2575 1386 2798 1458 quarto
2828 1396 3033 1459 nuper
3062 1385 3279 1440 exorto
3320 1431 3331 1442 .
3414 1429 3426 1442 .
3469 1387 3575 1443 343

2077 1541 2407 1613 Capitulum
2440 1544 2478 1597 Ι.
2514 1544 2590 1599 De
2630 1545 2881 1601 adventu
2914 1547 3109 1600 nostro
3148 1546 3221 1600 ad
3256 1546 3431 1601 abba-

2146 1634 2265 1687 tem
2312 1630 2716 1689 Piammonem
2760 1676 3426 1691 ........
3468 1635 3574 1690 343

2075 1720 2409 1793 Capitulum
2433 1722 2499 1776 11.
2524 1720 2811 1777 Allocutio
2835 1722 3017 1777 sancti
3050 1722 3427 1789 Piammonis,

2147 1810 2305 1880 quod
2333 1807 2457 1865 sine
2497 1808 2831 1880 magisterio
2864 1810 3250 1881 perfectorum
3281 1810 3431 1866 viro-

2144 1912 2279 1950 rum
2312 1912 2428 1951 non
2458 1896 2794 1968 acquiratur
2824 1897 3095 1969 perfectio
3137 1941 3148 1951 .
3229 1942 3239 1953 .
3320 1944 3331 1954 .
3412 1942 3424 1954 .
3467 1899 3574 1956 344

2073 1984 2404 2056 Capitulum
2436 1984 2528 2039 111.
2558 1986 2721 2050 Quod
2742 1986 3007 2059 juniores
3037 2002 3153 2042 non
3184 1988 3433 2044 debeant

2144 2072 2432 2129 discutere
2466 2072 2761 2129 seniorum
2805 2078 3091 2147 praecepta
3132 2117 3144 2131 .
3227 2120 3239 2131 .
3320 2120 3331 2131 .
3412 2121 3423 2132 .
3466 2077 3573 2133 344

2074 2162 2409 2234 Capitulum
2440 2163 2528 2217 IV.
2564 2163 2640 2220 De
2671 2163 2858 2219 tribus
2888 2163 3197 2236 generibus
3228 2182 3429 2221 mona-

2145 2250 2389 2307 chorum
2480 2296 3423 2311 ...........
3465 2256 3572 2311 345

2072 2339 2402 2411 Capitulum
2449 2342 2509 2396 V.
2543 2343 2587 2395 A
2627 2341 2839 2414 quibus
2878 2342 3142 2399 instituta
3177 2341 3251 2399 sit
3296 2360 3431 2416 pro-

2144 2428 2316 2484 fessio
2345 2446 2445 2485 seu
2475 2429 2681 2502 religio
2727 2430 3147 2487 coenobitarum
3225 2475 3237 2487 .
3317 2477 3327 2487 .
3410 2476 3421 2489 .
3464 2432 3571 2488 345

2071 2516 2403 2588 Capitulum
2441 2519 2530 2572 VI.
2572 2519 2649 2575 De
2688 2518 2889 2575 ordine
2928 2521 3103 2591 atque
3140 2519 3427 2593 principio

2144 2605 2627 2661 anachoretarum
2665 2649 3421 2665 .........
3463 2610 3569 2665 346

2069 2692 2397 2763 Capitulum
2424 2694 2538 2749 VII.
2564 2696 2641 2750 De
2663 2694 2947 2767 principio
2970 2696 3423 2752 sarabaitarum.
3463 2698 3569 2754 346

2070 2780 2401 2852 Capitulum
2441 2783 2581 2837 VIII.
2616 2784 2693 2839 De
2733 2787 2940 2855 quarto
2979 2800 3187 2855 genere
3230 2800 3429 2841 mona-

2143 2868 2388 2925 chorum
2478 2912 3421 2930 ...........
3462 2876 3569 2931 348

2070 2957 2399 3029 Capitulum
2445 2960 2532 3014 lx.
2568 2960 2818 3025 Quaestio
2862 2962 2931 3017 de
2971 2961 3295 3019 differentia
3338 2962 3425 3019 in—

2139 3050 2229 3103 ter
2259 3048 2587 3105 coenobium
2625 3054 2681 3106 et
2718 3050 3141 3108 monasterium
3222 3096 3234 3107 .
3316 3097 3328 3109 .
3408 3097 3419 3109 .
3461 3054 3567 3109 348

2070 3136 2401 3209 Capitulum
2459 3138 2521 3193 X.
2573 3139 2887 3211 Responsio
2943 3141 3016 3196 ad
3062 3140 3213 3197 hanc
3268 3158 3425 3214 quae-

2141 3226 2389 3283 stionem
2478 3271 3419 3287 ...........
3460 3232 3567 3287 348

2069 3314 2399 3387 Capitulum
2440 3318 2529 3373 XI.
2564 3319 2640 3375 De
2680 3318 2827 3375 falsa
2860 3318 3189 3377 humilitate
3232 3322 3425 3395 cujus-

2140 3405 2315 3477 dam3
2350 3409 2407 3463 et
2443 3408 2515 3464 de
2553 3406 2737 3481 signis
2772 3424 2925 3465 veroe
2963 3409 3327 3466 humilitatis.
3408 3452 3419 3465 .
3462 3412 3568 3467 348

2068 3492 2399 3564 Capitulum
2431 3496 2545 3550 XII.
2572 3496 2983 3569 iuterrogatio„
3001 3498 3247 3569 qualiter
3275 3502 3429 3555 tran-

2141 3581 2401 3653 quillitas
2432 3586 2645 3642 mentis
2675 3586 2855 3658 possit
2882 3586 3141 3658 acquiri.
3222 3632 3234 3644 .
3316 3633 3327 3644 .
3409 3633 3420 3645 .
3462 3590 3569 3645 349

2068 3672 2400 3744 Capitulum
2442 3676 2583 3731 Xlll.
2624 3675 2940 3747 Responsio
2979 3678 3052 3732 ad
3091 3677 3234 3733 haec.
3316 3718 3330 3733 .
3409 3723 3420 3734 .
3463 3680 3569 3736 349

2067 3761 2399 3833 Capitulum
2448 3764 2584 3818 XIV.
2635 3764 2981 3835 Exemplum
3035 3766 3293 3837 primum
3354 3767 3423 3823 de

2141 3850 2419 3923 patientia
2476 3894 3417 3912 ...........
3461 3858 3568 3913 350

2067 3940 2396 4011 Capitulum
2430 3942 2539 3996 XV.
2574 3942 2653 3998 Dc
2691 3942 2957 4015 exemplo
2997 3944 3289 4015 patientiae
3321 3947 3420 4002 ab·

2139 4029 2288 4085 batis
2326 4030 2636 4103 Paphnutii
2662 4074 3417 4091 .........
3459 4036 3560 4091 351

2066 4119 2395 4193 Capitulum
2436 4122 2572 4175 XV.I
2607 4121 2684 4177 De
2724 4120 3070 4193 perfectione
3105 4124 3415 4196 patientiae.
3459 4126 3563 4181 352

2065 4207 2396 4280 Capitulum
2428 4210 2590 4263 XVlI.
2614 4210 2790 4266 Plena
2820 4210 3133 4282 disputatio
3163 4214 3233 4269 de
3264 4213 3420 4269 malo

2137 4296 2372 4353 invidiae
2378 4340 3415 4359 ............
3456 4304 3563 4359 353

2065 4486 2365 4550 Cortum
2431 4504 2829 4551 NONADECIMA
2893 4488 3183 4569 (Abbatis
3247 4491 3425 4554 Joan-

2146 4578 2291 4658 nis).
2326 4578 2413 4639 De
2445 4577 2577 4640 fine
2611 4578 2942 4641 coenobitae
2972 4588 3036 4642 et
3071 4580 3351 4644 eremitae
3402 4634 3413 4647 .
3456 4592 3563 4647 356

2063 4757 2395 4829 Capitulum
2428 4759 2467 4814 1.
2502 4760 2580 4817 De
2610 4758 2873 4817 coenobio
2902 4760 3065 4816 Pauli
3096 4761 3339 4827 abbatis,
3363 4767 3420 4818 et

2134 4849 2205 4902 de
2236 4848 2515 4919 patientia
2546 4850 2851 4921 cujusdam
2882 4848 3101 4905 Fratris
3124 4891 3136 4904 .
3217 4894 3228 4905 .
3310 4895 3321 4907 .
3402 4896 3413 4907 .
3455 4854 3563 4909 356

2061 4936 2392 5010 Capitulum
2427 4939 2493 4993 11.
2526 4940 2603 4995 De
2631 4938 2959 4996 humilitate
2995 4938 3220 4994 abbatis
3246 4940 3417 4996 Joan-

2133 5026 2244 5090 niS,
2277 5030 2335 5083 et
2362 5026 2812 5099 interrogatione
2848 5030 3045 5083 nostra
3122 5071 3133 5083 .
3213 5071 3225 5083 .
3306 5073 3317 5085 .
3400 5074 3410 5085 .
3452 5032 3559 5087 356

2061 5114 2391 5186 Capitulum
2433 5115 2523 5170 Ill.
2566 5116 2678 5169 Cur
2714 5133 2977 5171 eremum
3020 5115 3409 5188 dereliquerit.
3452 5120 3557 5174 357

2059 5204 2389 5275 Capitulum
2422 5206 2491 5259 1v
2498 5248 2509 5259 .
2544 5207 2619 5262 De
2652 5209 2851 5262 sancta
2880 5206 2997 5261 vita
3034 5206 3208 5279 hujus
3244 5208 3413 5262 Joan-
