4359 6267
870 470 950 534 90
1728 487 1808 531 ΒΕ
1850 486 2176 533 INSTITU'I'IS
2222 488 2306 532 SS.
2351 487 2612 533 PATRUM.
2660 506 2741 515 —·
2780 488 2957 534 mmm
2996 489 3103 534 VIII

1287 686 1796 751 CAPITULUM
1858 685 1940 747 V.

872 810 1062 877 Quam
1111 808 1427 879 placidum
1481 823 1553 862 ac
1599 807 2004 880 tranquillum
2047 806 2367 862 conveniat

1351 912 1475 951 esse
1515 897 1882 951 monachum.

1028 1046 1378 1111 ONACHUS
1415 1065 1567 1128 ergo
1608 1047 1686 1108 ad
1731 1046 2187 1128 perfectionem
2235 1054 2367 1108 ten-

1046 1147 1224 1220 denS,
1277 1154 1339 1207 et
1389 1144 1786 1227 spiritualem
1838 1162 2104 1225 agonem
2154 1145 2367 1206 decer-

868 1250 1001 1306 tare
1043 1242 1324 1324 legitime
1371 1242 1659 1323 cupienS,
1691 1242 1938 1303 alienus
1981 1241 2241 1303 exsistat
2283 1241 2362 1302 ab

870 1342 1046 1404 omni
1091 1342 1199 1403 irae
1240 1340 1600 1422 furorisque
1640 1340 1819 1413 vitio,
1851 1346 1915 1401 et
1951 1340 2166 1401 audiat
2209 1340 2363 1420 quid

603 1452 842 1508 Eam-w,
869 1441 990 1503 Vas
1020 1439 1348 1502 electionis
1380 1438 1504 1500 sibi
1537 1438 1884 1521 praecipiat,
1918 1437 2135 1500 dicens
2171 1455 2186 1499 :
2221 1436 2364 1499 Om-

579 1518 644 1558 Ἡ·
872 1540 972 1602 nis
1021 1540 1134 1612 ira,
1181 1546 1243 1599 et
1293 1538 1664 1618 indignatio,
1713 1546 1774 1599 et
1823 1537 2080 1609 clamor,
2123 1545 2187 1598 et
2233 1535 2364 1597 bla-

869 1637 1180 1719 sphemia,
1216 1636 1471 1698 tollatur
1514 1655 1551 1697 a
1592 1634 1775 1697 vobis
1820 1654 1966 1697 cum
2012 1634 2187 1697 omni
2236 1653 2364 1696 ma-

869 1734 1024 1796 litia.
1088 1735 1294 1807 Quum
1353 1733 1529 1805 dicit,
1584 1731 1802 1794 Omnis
1862 1732 1956 1793 ira
2015 1731 2271 1793 tollatur
2328 1750 2365 1792 a

2396 655 2447 717 A
2480 663 2697 737 utpote
2741 658 2895 718 dum
2933 656 3340 737 indignamur
3378 664 3595 718 contra
3637 655 3973 717 lascivien-

2477 760 2570 815 tes
2601 755 2797 816 nostri
2831 755 3039 817 cordis
3077 762 3185 816 aut
3220 754 3501 835 corporis
3542 754 3875 827 motioneS,
3909 760 3975 815 et

2477 853 2728 932 quando
2778 852 3117 914 irascimur
3157 870 3231 913 ea
3274 870 3387 914 nos
3432 870 3645 914 coram
3694 853 3824 914 Deo
3872 870 3979 913 co-

2473 952 2729 1031 gitasse,
2773 970 2914 1032 quae
2957 951 3464 1013 verecundamur
3512 968 3725 1012 coram
3774 950 3981 1011 homi·

2476 1049 2668 1110 nibus
2708 1067 2893 1129 agere
2932 1056 3040 1109 aut
3068 1048 3291 1127 effari3
3325 1055 3454 1110 tota
3493 1047 3836 1110 formidine
3873 1066 3981 1109 ex·

2478 1154 2886 1229 pavescentes
2920 1146 3322 1227 praesentiam
3352 1146 3722 1227 angelorum
3752 1164 3825 1207 ac
3857 1146 3974 1207 Dei

2478 1244 2693 1306 omnia
2752 1244 3165 1325 penetrantis,
3216 1251 3407 1326 atque
3465 1244 3767 1306 intuitum
3828 1244 3975 1324 ejus

2478 1362 2669 1423 quem
2727 1350 2969 1404 secreta
3017 1342 3419 1405 conscientiae
3466 1351 3696 1406 nostrae
3746 1361 3979 1424 nequa-

2478 1459 2669 1521 quam
2712 1449 2977 1521 possunt
3016 1441 3227 1502 latere.
3264 1440 3375 1502 Vel
3414 1448 3583 1502 certe
3614 1441 3767 1501 dum
3808 1458 3977 1501 com·

2480 1555 2812 1600 movemur
2859 1539 3160 1600 adversus
3211 1539 3374 1600 hanc
3418 1538 3623 1621 ipsam
3675 1539 3854 1611 iram,
3894 1556 3975 1600 eo

2478 1637 2647 1717 quod
2707 1636 2890 1699 nobis
2945 1644 3164 1699 exorta
3220 1644 3316 1698 est
3362 1644 3581 1697 contra
3638 1636 3897 1698 fratrem
3952 1656 3968 1699 :

2479 1735 2697 1815 sicque
2740 1734 2902 1807 irati,
2937 1734 3335 1796 extrudimus
3378 1734 3815 1815 instigationes
3860 1736 3973 1798 irae

866 1831 1071 1905 vobiS,
1096 1832 1337 1893 nullam
1371 1832 1628 1912 penitus
1660 1830 1898 1912 excipit
1928 1838 2231 1911 tanquam
2264 1849 2366 1891 ne-
2401 1831 2449 1893 B
2480 1832 2859 1907 mortiferaS,
2902 1852 3019 1895 nec
3067 1832 3495 1914 permittimus
3544 1852 3685 1894 eam
3736 1833 3971 1894 habere.

867 1930 1204 1993 cessariam
1235 1938 1345 1991 aut
1374 1929 1598 1991 utilem
1639 1930 1844 1992 nobiS.
1883 1930 1958 1990 Et
1990 1928 2076 1989 ita
2104 1928 2365 1989 festinet

864 2028 1126 2090 fratrem
1169 2045 1390 2090 curare
1441 2034 1832 2107 peccantem,
1881 2026 2137 2108 quando
2178 2043 2364 2107 opor-

863 2132 973 2199 tet,
1016 2132 1086 2186 ut
1130 2126 1284 2186 dum
1329 2131 1593 2186 conatur
1636 2122 1870 2185 inferre
1917 2122 2232 2185 medelam
2284 2123 2367 2184 la-

863 2223 1112 2286 boranti
1163 2222 1386 2285 leviori
1436 2221 1650 2285 forsan
1702 2221 2035 2295 febricula,
2090 2239 2219 2283 non
2270 2221 2365 2282 in-

864 2320 1076 2383 volvat
1111 2339 1179 2383 se
1213 2320 1426 2402 ipsum
1458 2319 1755 2381 deteriori
1800 2319 2021 2382 morbo
2062 2319 2365 2381 caecitatis

869 2438 982 2501 per
1023 2412 1202 2481 iram.
1239 2419 1496 2499 Oportet
1525 2417 1699 2479 enim
1739 2418 1922 2478 illum
1953 2418 2064 2499 qui
2104 2418 2367 2479 alterius

868 2516 1118 2578 vulneri
1159 2516 1339 2597 cupit
1368 2514 1632 2589 mederi,
1667 2533 1893 2576 sanum
1925 2534 2063 2577 esse
2105 2533 2178 2577 ac
2217 2515 2366 2577 alie-

869 2633 1025 2676 num
1056 2613 1135 2675 ab
1164 2613 1339 2676 omni
1373 2612 1594 2676 morbo
1626 2613 1891 2694 peccati,
1921 2632 2001 2675 ne
2030 2613 2087 2675 ei
2120 2613 2369 2674 dicatur

578 2730 840 2780 Luc-wa&
869 2711 1308 2793 evangelicum
1355 2710 1512 2773 illud
1548 2730 1562 2774 :
1598 2711 1857 2785 Medice,
1894 2710 2068 2792 prius
2114 2730 2267 2773 cura
2307 2719 2367 2773 te

591 2812 1122 2894 Match.v11,ipsum;
1165 2818 1228 2872 et
1268 2809 1427 2872 illud
1462 2828 1474 2871 :
1511 2810 1669 2883 Quid
1712 2810 1890 2872 vides
1940 2809 2251 2871 festucam
2302 2810 2365 2870 in

579 2898 620 2944 ³·
640 2898 680 2936 ⁴·
870 2910 1054 2973 oculo
1103 2909 1315 2971 fratris
1357 2908 1472 2981 tui,
1515 2908 1759 2970 trabem
1808 2916 2022 2969 autem
2065 2908 2131 2969 in
2181 2907 2367 2970 oculo

2478 1930 2705 1991 nociva
2753 1930 3015 1992 latibula
3064 1931 3229 1992 intra
3272 1930 3560 1993 cordium
3607 1939 3971 1993 nostrorum

2477 2037 2736 2090 secreta.

2846 2276 3349 2340 CAPITULUM
3418 2277 3604 2341 VIII.

2478 2422 2711 2489 Quibus
2740 2423 2904 2478 beati
2932 2424 3136 2479 David
3172 2424 3466 2496 exemplis
3498 2425 3601 2480 ira
3636 2424 3980 2480 salubriter

3046 2519 3414 2568 assumatur.

2603 2714 2925 2777 ALITER
2974 2733 3087 2777 nos
3149 2714 3331 2777 irasci
3382 2715 3566 2777 docet
3613 2716 3803 2778 etiam
3866 2716 3975 2779 ille

2621 2812 2929 2893 Propheta
2958 2814 3067 2894 qui
3111 2813 3267 2874 iram
3299 2832 3335 2873 a
3366 2831 3481 2875 suo
3511 2832 3701 2875 sensu
3742 2815 3803 2876 in
3838 2824 3974 2877 tan—

2476 2918 2614 2971 tum
2658 2910 2996 2990 abjecerat,
3031 2911 3199 2992 quod
3244 2928 3369 2973 non
3414 2911 3616 2974 voluit
3661 2912 3969 2974 ultionem

870 3016 979 3072 tuo
1009 3025 1134 3069 non
1167 3006 1383 3069 vides?
1415 3006 1491 3067 Et
1520 3007 1838 3088 quomodo
1866 3006 2103 3068 valebit
2130 3005 2364 3085 ejicere
2403 3008 2447 3073 C
2478 3007 2714 3070 inferre
2753 3008 3028 3090 propriis
3071 3008 3349 3071 inimicis
3379 3016 3441 3070 ct
3472 3008 3595 3071 sibi
3626 3028 3663 3071 a
3692 3011 3819 3072 Deo
3850 3018 3971 3073 tra-

867 3106 1180 3169 festucam
1211 3105 1288 3166 de
1319 3102 1522 3166 oculis
1561 3103 1774 3165 fratris
1815 3103 1936 3177 sui,
1972 3104 2080 3186 qui
2119 3104 2365 3166 trabem

869 3202 1104 3264 furoris
1146 3208 1348 3282 gestat
1392 3201 1459 3263 in
1501 3200 1686 3262 oculo
1728 3204 1896 3262 suo?

1267 3455 1772 3518 CAPITULUM
1839 3456 1956 3519 VI.

866 3599 952 3654 De
969 3596 1152 3668 ,sucta
1181 3595 1276 3651 vel
1303 3594 1544 3665 injusta
1579 3594 1967 3649 commotione
1998 3594 2360 3650 iracundiae.

1014 3790 1427 3863 UACUMQUE
1459 3808 1536 3850 ex
1567 3807 1756 3850 causa
1786 3795 1996 3850 motus
2029 3788 2136 3849 irae
2165 3806 2369 3849 erum-

875 3789 1006 3990 Q
1044 3908 1224 3972 penS,
1280 3888 1498 3949 oculos
1556 3886 1766 3949 cordis
1825 3893 2117 3957 excaecat,
2177 3894 2367 3967 atque

870 3987 1152 4052 acumini
1197 3986 1373 4048 visus
1423 3984 1742 4047 interioris
1792 3982 2213 4065 periculosam
2256 4001 2368 4043 seu

871 4085 1191 4148 exitialem
1244 4083 1536 4165 ingerens
1580 4082 1824 4143 trabem
1867 4080 2071 4142 morbi
2112 4079 2373 4142 validio-

2476 3106 2625 3168 ditis
2661 3126 2674 3169 :
2709 3106 3061 3168 Irascimini
3100 3107 3454 3188 (inquiens)
3488 3116 3552 3169 et
3592 3108 3786 3170 nolite
3827 3127 3972 3190 pec·
4032 3134 4241 3181 mans.

2475 3222 2635 3266 care.
2673 3204 2813 3285 Ipse
2851 3205 3088 3266 etenim
3129 3205 3283 3265 dum
3320 3213 3601 3286 optasset
3628 3224 3857 3288 aquam
3890 3208 3971 3269 de·
4000 3231 4261 3285 umqum
4295 3282 4296 3285 ,

2474 3309 2665 3383 puteo
2709 3300 3096 3375 Bethlehem,
3139 3302 3615 3384 accepissetque
3660 3322 3799 3365 eam
3844 3304 3967 3367 sibi
4004 3297 4075 3343 ¹⁵*
4106 3298 4169 3335 ¹⁶·

2472 3421 2509 3462 a
2538 3399 2811 3463 fortibus
2842 3400 2998 3461 viris
3030 3420 3143 3481 per
3174 3400 3417 3462 medios
3447 3400 3658 3463 hostes
3687 3402 3966 3477 allatam,

2474 3498 2763 3580 protinus
2803 3498 2971 3560 fudit
2999 3517 3138 3560 eam
3179 3498 3243 3560 in
3276 3506 3545 3577 terram3
3586 3508 3649 3561 et
3680 3501 3766 3562 ita
3796 3501 3976 3564 volu-

2476 3604 2765 3677 ptuosam
2808 3595 3342 3677 concupiscentiae
3373 3597 3733 3677 passionem
3774 3598 3971 3661 iratus

2475 3694 2905 3774 exstinguenS,
2939 3694 3172 3755 obtulit
3200 3712 3341 3756 eam
3381 3695 3671 3768 Domino,
3705 3715 3821 3759 nec
3854 3698 3971 3759 im-

2478 3792 2676 3875 plevit
2724 3791 3091 3874 cupiditatis
3140 3812 3271 3855 suae
3318 3792 3647 3868 affectum,
3694 3795 3913 3857 dicens
3954 3814 3970 3857 ε

2477 3891 2792 3971 Propitius
2860 3890 2942 3953 sit
3002 3890 3158 3951 mihi
3229 3890 3531 3952 Dominus
3598 3910 3677 3953 ne
3743 3891 3972 3956 faciam

2479 3988 2640 4065 hoc3
2693 4006 2847 4048 num
2896 3988 3271 4069 sanguinem
3321 3988 3655 4050 hominum
3705 3990 3975 4053 istorum

4036 3915 4161 3959 laid.
4184 3917 4245 3957 17.

2480 4086 2588 4166 qui
2626 4084 2892 4167 profecti
2934 4094 3083 4147 sunt
3122 4094 3185 4147 et
3214 4086 3572 4148 animarum
3613 4088 3973 4169 periculum

874 4186 960 4248 ris
991 4204 1104 4247 seu
1135 4184 1342 4264 culpae
1372 4182 1653 4264 majoriS‚
1690 4198 1818 4243 non
1850 4180 2162 4262 permittit
2196 4198 2370 4241 men·
2402 4190 2449 4250 D
2482 4182 2743 4245 bibam?

874 4292 1003 4346 tem
1054 4284 1288 4346 intueri
1333 4281 1598 4361 justitiae
1647 4280 1876 4343 Solem.
1929 4277 2101 4341 Nihil
2152 4277 2372 4340 differt

874 4388 1088 4442 utrum
1129 4398 1320 4441 aurea
1350 4379 1450 4440 vel
1485 4377 1782 4458 plumbea
1826 4376 2083 4449 lamina,
2118 4376 2252 4437 sive
2283 4375 2370 4436 al-

872 4477 1070 4540 terius
1116 4475 1355 4538 metalli
1402 4475 1687 4547 materia,
1731 4473 1932 4536 oculis
1982 4472 2364 4554 imponatur.

1259 4731 1766 4798 CAPITULUM
1831 4731 1980 4793 VII.

874 4877 950 4933 In
980 4891 1098 4949 quo
1123 4874 1225 4930 ira
1253 4874 1336 4927 sit
1365 4872 1538 4927 nobis
1569 4871 1976 4927 tantummodo
2007 4871 2369 4926 necessaria.

1027 5068 1335 5132 ABEMUS
1374 5085 1525 5128 sane
1566 5066 1831 5127 insitum
1875 5066 2058 5129 nobis
2101 5066 2210 5129 irae
2247 5084 2375 5128 mo-

1050 5178 1186 5231 tum
1224 5172 1333 5228 aut
1367 5162 1815 5236 ministerium,
1847 5163 1925 5224 ad
1958 5163 2128 5244 quod
2167 5162 2373 5224 solum

880 5268 1064 5331 nobis
1116 5266 1270 5327 utile
1311 5270 1406 5325 est
1448 5280 1520 5323 ac
1561 5259 1814 5323 salubre
1857 5280 1996 5322 eam
2038 5260 2321 5341 recipere
2357 5278 2370 5321 :

2560 4281 2843 4362 Denique
2887 4299 3085 4361 quum
3137 4281 3343 4343 Semei
3391 4280 3571 4344 filius
3612 4284 3843 4347 Jemini
3882 4286 3979 4366 ja-

2481 4386 2677 4439 ctaret
2707 4378 3043 4440 maledicta
3075 4396 3148 4440 ac
3186 4378 3425 4460 lapides
3462 4380 3527 4442 in
3560 4399 3770 4462 regem
3803 4383 3979 4446 hunc

2480 4476 2676 4537 David
2734 4493 2947 4537 coram
3007 4476 3329 4549 omnibus,
3386 4477 3661 4559 ipsomet
3715 4481 3979 4544 audien-

2481 4581 2563 4646 te,
2614 4573 2932 4655 velletque
2979 4573 3195 4635 Abisai
3248 4572 3426 4636 filius
3483 4576 3737 4652 Sarviae,
3790 4580 3977 4642 miles

2481 4671 2841 4753 praecipuus
2904 4679 2967 4733 et
3025 4672 3324 4755 princeps
3384 4672 3548 4735 inter
3608 4684 3755 4750 treS,
3806 4677 3979 4757 inju-
4028 4700 4259 4749 wan,

2426 4778 2433 4785 “
2482 4770 2640 4830 riam
2693 4768 2857 4849 regis
2907 4768 3127 4830 ulcisci
3182 4772 3572 4852 amputando
3624 4774 3828 4837 Semei
3878 4794 3979 4837 ca-
4012 4766 4089 4806 ²⁰·

2484 4875 2638 4949 put3
2680 4867 2902 4928 beatus
2948 4868 3146 4929 David
3188 4869 3293 4950 pia
3332 4869 3765 4950 indignatione
3810 4891 3983 4935 com-

2486 4974 2693 5027 motus
2733 4973 2951 5027 contra
2993 4983 3277 5027 severam
3322 4969 3791 5048 suggestionem
3827 4971 3979 5034 Abi-

2484 5063 2597 5135 sai,
2650 5064 2927 5126 servavit
2976 5063 3245 5125 mititate
3305 5064 3540 5128 invicta
3598 5067 3981 5132 humilitatis

2489 5162 2746 5223 modum
2780 5170 2842 5223 et
2873 5162 3192 5244 patientiae
3221 5161 3592 5226 firmitatem
3627 5183 3640 5227 :
3674 5167 3831 5239 Quid
3860 5169 3985 5249 (in-
4030 5197 4185 5253 naeq
4192 5210 4287 5242 ,,,,,

2487 5260 2743 5342 quiens)
2790 5260 2949 5321 mihi
3000 5268 3097 5321 cst
3143 5268 3207 5322 et
3253 5259 3456 5335 vobis,
3508 5263 3633 5326 filii
3690 5266 3922 5331 Sarviae
3952 5272 3981 5329 2
4018 5271 4174 5311 ¹⁰⁴²-
