4359 6267
861 480 979 547 160

1578 502 1993 550 COLLATIONtm
2035 504 2120 549 SS.
2154 503 2400 548 PA'l'ntm
2439 502 2616 547 LIBER
2655 502 2694 547 1.
2740 520 2822 531 —-
2861 501 3146 549 commo
3187 504 3234 550 11

862 670 1056 732 chum
1090 672 1483 735 continuatio
1513 672 1875 754 vigiliarum
1918 672 2352 747 immoderata,
2379 671 2430 734 A
2461 672 3020 754 compunctionem
3049 672 3404 751 salubrem3
3431 672 3511 734 ab
3541 672 3982 736 immoderata

859 784 989 848 quo
1018 775 1082 829 et
1110 776 1327 850 torpor
1354 770 1713 850 gravissimi
1744 770 1971 833 somni.
2006 770 2121 831 Per
2148 788 2356 831 exces-

860 884 1005 927 sum
1048 866 1289 948 quippe
1329 866 1585 948 jejunii,
1627 887 1884 931 necesse
1932 876 2030 930 est
2071 868 2355 929 revocari

857 963 1185 1026 bominem
1226 964 1628 1027 debilitatum
1667 967 1745 1027 ad
1786 966 1969 1029 illum
2010 974 2245 1029 statum
2287 966 2354 1027 in

858 1079 988 1143 quo
1018 1062 1343 1143 negligens
1378 1082 1491 1145 per
1522 1064 1833 1127 incuriam
1864 1064 2185 1127 detinetur
2219 1084 2233 1127 :
2269 1063 2354 1125 ita

859 1161 1028 1240 quod
1088 1179 1255 1242 saepe
1303 1162 1753 1243 conspeximus
1814 1181 1927 1244 per
1974 1162 2352 1224 immodera-

857 1256 1097 1319 tionem
1134 1258 1529 1338 jejuniorum
1560 1260 1859 1340 deJectOS‚
1883 1277 2041 1341 quos
2071 1260 2352 1322 vidimus

853 1372 982 1417 non
1033 1372 1218 1437 posse
1264 1355 1400 1418 falli
1459 1376 1573 1438 per
1626 1357 1864 1437 gulam,
1915 1365 1978 1419 et
2027 1358 2114 1419 ita
2170 1356 2351 1419 insir-

771 1508 780 1517 .
859 1453 1096 1515 mitatis
1143 1454 1474 1517 occasione
1522 1456 1601 1517 ad
1650 1456 1937 1518 eamdem
1992 1456 2151 1537 lapsi
2204 1463 2353 1517 sunt

559 1954 597 1998 11
610 1953 711 1999 Cor.
724 1958 825 2009 vid.

856 1552 1216 1633 passionem
1274 1552 1459 1634 gulae,
1511 1573 1702 1635 quam
1761 1554 2061 1616 vicerant.
2104 1553 2351 1634 Vigiliae

857 1667 1112 1731 quoque
1178 1658 1241 1712 et
1308 1651 1815 1733 pernoctationes
1884 1650 2350 1713 irrationabiles

853 1747 1223 1828 deJecerunt
1252 1765 1359 1810 eos
1399 1766 1557 1830 quos
1598 1766 1860 1811 somnus
1891 1767 2191 1830 superare
2223 1766 2350 1811 non

856 1846 1080 1926 potuit.
1116 1846 1529 1928 Quapropter,
1564 1848 1916 1909 secundum
1948 1845 2346 1929 Apostolum,
2386 1852 2434 1915 Β

856 1944 1123 2005 transire
1154 1952 1402 2026 oportet
1432 1953 1603 2007 recto
1644 1944 2074 2008 moderamine
2116 1962 2230 2026 per
2258 1964 2354 2006 ar-

856 2060 959 2103 ma
998 2042 1264 2122 justitiae
1301 2062 1338 2103 a
1377 2043 1613 2104 dextris
1656 2051 1719 2105 et
1757 2062 1793 2105 a
1832 2042 2129 2115 sinistriS,
2164 2050 2228 2105 et
2265 2042 2353 2104 ita
2445 2076 2456 2087 ·

853 2138 1271 2220 gradiendum
1312 2148 1409 2202 est
1440 2141 1605 2202 inter
1636 2147 1935 2222 utrasque
1966 2140 2348 2215 nimietateS,

855 2237 1222 2299 moderante
1268 2237 1672 2312 discretione,
1716 2245 1785 2300 ut
1834 2256 1953 2300 nec
1998 2258 2035 2301 a
2084 2238 2352 2320 praefixo

854 2335 1043 2397 modo
1081 2335 1483 2399 abstinentiae
1520 2336 1933 2411 abducamur,
1968 2355 2085 2398 nec
2130 2336 2349 2398 remis-

852 2432 1030 2495 sione
1060 2434 1249 2495 noxia
1278 2450 1649 2496 corruamus
1680 2434 1744 2495 in
1771 2434 2352 2516 concupiscentiam

851 2532 1017 2612 gulae
1058 2550 1133 2593 ac
1174 2532 1435 2594 ventris,

1208 2785 1713 2850 CAPITULUM
1760 2787 1977 2850 XVII.

1108 2935 1197 2989 De
1244 2934 1658 2990 immoderatis
1693 2934 1973 3005 jejuniis
2016 2949 2089 2989 ac

1467 3023 1729 3094 viqiliis.

995 3218 1348 3283 ECORDOR
1394 3218 1630 3280 etenim
1692 3219 1784 3280 sic
1835 3238 1936 3280 me
1984 3218 2353 3300 frequenter

1014 3317 1333 3400 respuisse
1364 3317 1605 3390 cibum,
1638 3326 1708 3378 ut
1738 3317 2083 3380 refectione
2116 3336 2230 3399 per
2260 3317 2352 3379 bi-

854 3418 1054 3478 duum
1083 3415 1497 3495 triduumque
1527 3414 1739 3488 dilata,
1760 3433 1876 3476 nec
1910 3415 2047 3496 ipsa
2074 3415 2349 3496 alicujus

852 3514 983 3577 cibi
1021 3511 1328 3575 memoria
1359 3512 1635 3593 tetigerit
1666 3520 1944 3578 mentem
1983 3530 2225 3591 meam3
2257 3514 2350 3575 sic

854 3629 1108 3694 quoque
1167 3628 1464 3673 somnum
1522 3611 1603 3673 ab
1661 3610 1865 3672 oculis
1929 3610 2087 3672 meis
2148 3610 2350 3674 fuisse

853 3709 1251 3773 subtractum
1300 3727 1376 3770 ex
1438 3707 1916 3790 impugnatione
1969 3708 2230 3782 diaboli,
2281 3717 2351 3771 ut

853 3827 968 3891 per
1027 3807 1243 3889 plures
1300 3807 1435 3869 dies
1492 3825 1567 3869 ac
1625 3814 1841 3868 noctes
1904 3808 2106 3869 Deum
2168 3826 2350 3888 roga-

853 3925 989 3969 rem
1019 3912 1331 3987 quatenus
1367 3904 1688 3967 modicum
1720 3904 1875 3985 quid
1908 3905 2115 3967 somni
2146 3905 2350 3967 oculis

854 4005 1015 4067 meis
1056 4004 1441 4076 infunderet,
1476 4003 1563 4064 ita
1592 4002 1760 4083 quod
1802 4003 2057 4083 gravius
2097 4003 2350 4085 pericli-

852 4104 1034 4166 tabar
1081 4101 1336 4165 fastidio
1384 4101 1512 4163 cibi
1560 4119 1635 4163 ac
1682 4101 1912 4174 somni,
1964 4120 2155 4183 quam
2204 4111 2349 4164 ante

2461 788 2612 833 vero
2650 769 3034 832 abstinentia
3073 770 3158 832 ita
3189 770 3397 832 redire
3424 788 3549 833 non
3591 778 3816 852 potest,
3851 771 3982 834 de-

2461 868 2712 930 bilitato
2752 868 2884 948 jam
2929 885 3211 949 corpore.

2801 1117 3306 1181 CAPITULUM
3369 1116 3620 1180 XVIII.

2595 1256 3010 1327 Interroqatio
3037 1257 3110 1312 de
3138 1255 3492 1327 refectionis
3519 1271 3820 1311 mensura.

2603 1451 2964 1514 ERMANUS
2997 1469 3012 1513 ε
3045 1452 3197 1525 Quis
3235 1460 3332 1514 est
3367 1469 3516 1533 ergo
3555 1452 3972 1517 abstinentiae

2633 1549 2879 1624 moduS,
2924 1568 3115 1631 quem
3159 1568 3342 1631 aequo
3384 1550 3816 1613 moderamine
3859 1570 3969 1613 re-

2460 1647 2756 1721 tinenteS,
2799 1647 3122 1710 valeamus
3165 1647 3333 1710 inter
3369 1656 3705 1730 utramque
3751 1656 3967 1711 extre-

2464 1745 2748 1806 mitatem
2791 1745 3058 1807 transire
3101 1744 3338 1807 illaesiz

2829 1996 3332 2062 CAPITULUM
3391 1999 3578 2062 XIX.

2659 2136 2747 2190 De
2775 2137 2999 2207 optimo
3027 2137 3199 2193 modo
3227 2137 3353 2193 cibi
3381 2138 3755 2210 quotidiani.

2617 2339 2858 2403 OYSES
2895 2359 2909 2402 :
2952 2342 3040 2404 De
3078 2342 3198 2405 hoc
3241 2344 3480 2406 scimus
3523 2344 3814 2406 habitum
3855 2363 3960 2407 es-

2635 2456 2702 2499 se
2730 2438 3097 2520 srequenter
3125 2448 3462 2503 tractatum
3502 2442 3668 2503 inter
3703 2450 3960 2506 nostros

2460 2536 2727 2616 majores
2762 2556 2776 2601 ε
2810 2538 2919 2619 qui
2961 2538 3375 2601 discutientes
3407 2539 3824 2603 abstinentias
3859 2541 3960 2603 di-

2459 2651 2811 2708 versorum,
2845 2654 3118 2717 quorum
3158 2637 3356 2718 aliqui
3388 2637 3586 2700 vitam
3625 2657 3807 2701 suam
3843 2640 3960 2701 du-

2460 2738 2688 2794 xerunt
2719 2732 3150 2813 leguminibus
3189 2735 3341 2797 solis
3372 2736 3628 2809 utendo,
3661 2736 3769 2798 alii
3801 2738 3959 2800 solis

2459 2828 2761 2903 oleribus,
2795 2830 2904 2892 alii
2951 2831 3102 2893 solis
3150 2833 3362 2913 pomis
3403 2834 3755 2912 vescendo;
3797 2854 3959 2916 prae-

2461 2936 2809 3010 posuerunt
2856 2929 3157 2991 omnibus
3213 2930 3340 2993 illis
3387 2931 3618 2993 eduliis
3665 2932 3962 2996 refectio—

2386 3026 2429 3089 C
2459 3044 2608 3087 nem
2649 3025 2846 3088 solius
2887 3026 3091 3107 paniS,
3127 3028 3312 3109 cujus
3343 3029 3784 3110 aequissimum
3824 3050 3962 3094 mo-

2459 3124 2610 3185 dum
2655 3131 3013 3186 statuerunt
3043 3126 3108 3187 in
3148 3126 3398 3189 duobus
3440 3128 3836 3208 paximaciiS,
3869 3130 3962 3193 ita

2461 3222 2630 3303 quod
2677 3223 2756 3284 ad
2812 3223 3226 3287 refectionem
3285 3226 3474 3287 unius
3524 3226 3649 3288 diei
3697 3227 3961 3291 suffice-

2459 3327 2600 3382 rent
2641 3320 2994 3401 paximacia
3034 3321 3181 3395 duo,
3215 3322 3327 3404 qui
3371 3332 3519 3413 sunt
3559 3325 3806 3406 parvuli
3847 3345 3960 3408 pa-

2459 3436 2571 3480 nes
2615 3418 2722 3480 vix
2767 3417 3072 3481 habentes
3117 3420 3366 3501 pondus
3410 3420 3589 3485 librae
3630 3422 3841 3485 unius.

2848 3674 3352 3739 CAPITULUM
3404 3674 3534 3738 XX
3547 3724 3560 3738 .

2525 3810 2795 3881 ObJ'ectio
2823 3810 2896 3866 de
2919 3809 3230 3881 facilitate
3255 3810 3647 3869 abstinentior
3673 3812 3878 3885 hujm.

2601 4006 2961 4070 ERMANUS
2995 4026 3008 4071 :
3043 4007 3172 4070 Hoc
3215 4006 3484 4069 verbum
3528 4009 3606 4070 de
3649 4028 3762 4072 esu
3805 4012 3958 4075 duo-

2618 4124 2759 4167 rum
2806 4105 3308 4187 paximaciorum
3349 4124 3463 4170 nos
3499 4114 3820 4187 gratanter
3858 4130 3960 4173 ac-

852 4220 931 4264 ex
993 4198 1470 4282 impugnatione
1517 4198 1723 4261 somni
1774 4216 1847 4260 ac
1894 4198 2077 4279 gulae.
2131 4200 2348 4281 Itaque
2381 4209 2428 4270 D
2460 4203 2791 4284 cipienteS‚
2854 4206 3311 4285 respondemus
3367 4204 3530 4267 hanc
3589 4225 3953 4271 mensuram

853 4300 1020 4362 sicut
1063 4298 1497 4359 festinandum
1543 4303 1638 4358 est
1685 4296 1871 4358 nobis
1914 4314 1993 4357 ne
2034 4297 2349 4360 desiderio

854 4396 1166 4459 sensualis
1194 4394 1630 4456 delectationis
1667 4393 1957 4455 labamur
1988 4393 2052 4454 in
2084 4393 2352 4457 dissolu-

854 4496 1094 4559 tionem
1133 4493 1448 4566 nocivam,
1483 4500 1547 4555 et
1583 4500 1729 4554 ante
1768 4491 2054 4554 debitum
2095 4500 2350 4574 tempus

855 4610 1317 4675 praesumamus
1375 4589 1729 4663 comedere,
1791 4597 1902 4651 aut
1958 4591 2349 4653 comedendo

852 4690 1197 4768 excedere3
1248 4688 1335 4749 ita
1392 4687 1854 4750 comedendum
1914 4706 1987 4750 ac
2036 4688 2352 4750 dormien-

854 4791 1007 4852 dum
1053 4795 1148 4850 est
1187 4787 1341 4849 hora
1384 4784 1687 4866 legitima,
1720 4785 2011 4867 quamvis
2057 4786 2350 4849 molestet

852 4895 963 4951 aut
1005 4886 1273 4947 horreat.
1318 4884 1669 4965 Utrumque
1716 4884 1888 4945 enim
1938 4883 2179 4946 bellum
2222 4885 2352 4947 dia-

852 4986 1001 5050 bolo
1048 4991 1351 5065 operante
1400 4982 1744 5063 consurgit,
1799 4981 2350 5065 periculosiusque

854 5082 1222 5166 supplantat
1260 5079 1645 5143 abstinentia
1688 5080 2121 5155 immoderata,
2154 5100 2348 5162 quam

854 5180 1148 5244 saturitas
1188 5179 1345 5242 laxa.
1378 5179 1430 5241 A
1460 5177 1786 5241 saturitate
1827 5196 2101 5259 namque
2141 5184 2349 5260 potest

852 5280 998 5363 quis
1028 5279 1258 5342 reverti
1288 5278 1368 5340 ad
1397 5276 1798 5340 discretionis
1829 5295 2194 5340 mensuram
2230 5297 2346 5360 per

2457 4319 2585 4364 non
2637 4321 2822 4384 posse
2865 4320 2980 4385 pro
3022 4302 3408 4366 abstinentia
3455 4306 3756 4387 reputari,
3800 4326 3958 4388 prae-

2457 4399 2675 4463 sertim
2716 4419 2916 4481 quum
2957 4418 3085 4462 non
3129 4418 3460 4482 possemus
3499 4403 3784 4483 quotidie
3823 4412 3960 4467 tan—

2459 4506 2594 4560 tum
2639 4518 2868 4580 panem
2913 4499 3262 4561 comedere.

2825 4750 3329 4815 CAPITULUM
3391 4751 3578 4815 XXI.

2563 4898 2897 4969 Responsio
2921 4898 2996 4954 de
3023 4898 3250 4952 virtute
3279 4902 3338 4953 et
3365 4898 3535 4954 modo
3563 4914 3646 4954 eoe
3665 4904 3850 4970 parte

3000 4986 3411 5042 continentior.

2598 5180 2991 5243 ESPONDET
3022 5182 3262 5264 Moyses
3297 5198 3311 5242 ε
3345 5180 3409 5243 Si
3440 5180 3634 5243 vultis
3673 5183 3956 5263 experiri

2615 5278 2747 5341 vim
2785 5278 2979 5361 hujus
3024 5279 3263 5354 statuti,
3292 5277 3531 5361 jugiter
3566 5278 3730 5342 hanc
3769 5298 3952 5343 men-
