4359 6267
1085 547 1500 596 COLLA'rloNtm
1543 552 1628 597 SS.
1663 552 1904 598 PATuuu
1945 553 2120 600 Lmnn
2163 555 2225 600 11.
2271 574 2349 583 —
2391 555 2675 604 COLLA‘rto
2715 559 2822 604 xxi
3381 539 3500 605 387

703 776 1208 841 CAPITULUM
1270 778 1590 843 XXXIII·
1927 721 1978 784 A
2009 723 2277 834 Necesse
2315 725 2488 788 enim
2523 734 2618 838 651
2648 746 2799 839 eum
2832 728 2985 790 dum
3022 729 3223 791 tardat
3255 737 3364 840 aut
3397 749 3501 791 ne-

2007 821 2211 902 gligit,
2241 842 2502 905 peccare
2535 845 2599 886 ln
2630 827 2955 907 qualitate,
2988 835 3096 889 aut
3125 835 3497 909 quantltate,

495 925 670 990 Quod
701 925 936 982 leviora
963 927 1090 981 sint
1117 927 1447 999 Evangelii
1468 934 1800 1000 praecepta,
2007 927 2118 980 aut
2146 921 2515 1000 quotidiana
2551 922 3019 986 distributione.
3054 923 3171 997 Qui
3204 925 3376 986 enim
3404 923 3503 1004 ju-

958 1031 1140 1088 quam
1168 1015 1339 1088 ἱερεῖς.
2007 1016 2195 1079 betur
2221 1018 2698 1100 infatigabiliter
2722 1021 3084 1085 ministrare
3115 1041 3188 1084 ea
3217 1041 3359 1103 quae
3388 1041 3502 1084 sua

2009 1124 2158 1178 sunt
2190 1117 2643 1197 indigentibus,
2678 1119 2946 1183 difficile
2986 1129 3083 1182 est
3116 1129 3186 1182 ut
3220 1139 3348 1183 non
3382 1120 3501 1183 fre·

397 1205 998 1408 QUICUMQUE
1045 1232 1194 1295 ergo
1241 1215 1596 1278 ascenderit
1644 1215 1900 1278 culmen
2009 1223 2279 1295 quenter
2318 1216 2599 1278 incurrat
2640 1217 2895 1299 laqueos
2934 1219 3260 1293 vitiorum,
3302 1238 3499 1300 quan-

562 1309 946 1389 evangelicae
988 1310 1422 1392 perfectionis,
1465 1314 1790 1393 cognoscit
1834 1333 1900 1375 se
2008 1319 2425 1394 tumcumque
2477 1333 2703 1395 magna
2755 1316 3089 1380 devotione
3142 1326 3203 1380 et
3251 1336 3503 1380 summa

391 1423 540 1468 esse
584 1414 832 1469 tantum
873 1408 993 1470 sub
1021 1410 1222 1489 gratia
1259 1411 1596 1473 Salvatoris
1633 1430 1646 1474 ε
1682 1418 1900 1493 utpote
2009 1409 2138 1473 side
2168 1430 2243 1472 ea
2274 1412 2615 1492 dispenset.
2637 1413 2969 1476 Peccatum
2994 1424 3206 1477 autem
3240 1416 3366 1478 illis
3397 1416 3503 1478 do-

391 1523 594 1585 super
633 1505 838 1586 legem
878 1506 1258 1569 sublimatus
1299 1508 1544 1570 meritis
1582 1517 1899 1571 tantarum
2011 1509 2239 1570 minari
2290 1527 2413 1571 non
2465 1517 2671 1591 potest
2719 1513 2829 1592 qui
2880 1513 3107 1576 Christi
3160 1514 3501 1576 consilium

389 1603 734 1677 virtutum,
803 1604 1162 1686 despiciens
1231 1606 1527 1668 universa
1584 1615 1902 1689 praecepta
2009 1623 2136 1668 non
2185 1615 2583 1687 spreverunt,
2627 1609 2738 1671 sed
2781 1628 3035 1672 omnem
3078 1611 3499 1674 substantiam

391 1720 514 1782 per
553 1702 806 1785 Moysen
839 1711 1141 1785 tanquam
1181 1724 1394 1786 parva,
1431 1705 1791 1786 intelligens
1833 1725 1900 1767 se
2009 1722 2190 1766 suam
2222 1705 2607 1786 pauperibus
2638 1715 2987 1788 eroganteS,
3020 1717 3083 1770 et
3112 1728 3368 1772 crucem
3399 1730 3501 1772 su·
3528 1731 3792 1780 uaccam.

389 1800 718 1880 adjutorio
768 1801 1110 1864 Salvatoris
1158 1803 1237 1865 ad
1285 1810 1520 1865 statum
1570 1804 1752 1866 illum
1802 1824 1902 1866 su-
2009 1820 2112 1862 am
2155 1811 2501 1874 sumentes,
2544 1804 3023 1886 subsequuntur
3062 1807 3278 1888 gratiae
3322 1796 3595 1889 largi-²⁴·

393 1895 862 1961 blimissimum
908 1899 1292 1982 pervenisse.
1326 1900 1464 1963 Non
1507 1918 1656 1982 ergo
1699 1901 1898 1964 domi·
1934 1905 1981 1967 B
2011 1908 2232 1962 torem.
2270 1901 2403 1964 Non
2436 1902 2607 1964 enim
2641 1902 2922 1965 infidelis
2955 1922 3107 1966 cura
3134 1905 3342 1967 victus
3378 1925 3503 1968 ser-

109 2014 222 2056 aa...
245 2029 288 2060 ιι.
315 2019 360 2057 ⁵.
393 2002 590 2057 natur
645 1997 713 2058 in
769 2017 848 2060 eo
905 2007 1258 2079 peccatum,
1310 2001 1613 2081 quoniam
1673 2001 1898 2063 caritas
2012 1999 2199 2060 vandi
2233 2000 2547 2063 mordebit
2570 2001 3042 2082 dispensantem
3071 2001 3320 2066 Christo
3348 2021 3501 2085 opes

393 2094 510 2156 Dei
573 2095 814 2158 diffusa
869 2105 966 2158 est
1015 2097 1076 2158 in
1138 2097 1436 2160 cordibus
1493 2099 1727 2160 nostris
1787 2117 1901 2180 per
2008 2103 2305 2170 sacratas,
2356 2107 2420 2159 et
2468 2099 2574 2180 pia
2631 2099 3078 2163 distributione
3137 2109 3501 2182 erogantem

395 2193 712 2274 Spiritum
765 2194 1090 2269 Sanctum,
1140 2197 1252 2277 qui
1303 2197 1484 2258 datus
1532 2205 1630 2259 est
1675 2196 1896 2276 nobis3
2009 2214 2154 2256 suas
2197 2197 2497 2277 pecunias
2527 2197 2727 2259 veluti
2757 2198 3032 2277 alienas3
3066 2217 3183 2261 nec
3221 2199 3503 2281 ambiget

392 2311 540 2372 quae
572 2293 802 2354 caritas
841 2292 1124 2355 excludit
1150 2311 1407 2357 omnem
1447 2293 1752 2356 affectum
1794 2314 1900 2357 cu-
2011 2292 2088 2354 de
2136 2293 2554 2376 eleemosynae
2611 2295 2896 2375 largitate
2953 2297 3341 2378 exspectatio
3392 2297 3501 2359 tri-

385 2389 780 2472 juscumque
817 2391 1080 2453 alterius
1121 2392 1231 2453 rei.
1265 2393 1402 2455 Non
1439 2401 1650 2454 autem
1693 2401 1900 2473 potest
2009 2391 2122 2452 stis
2149 2393 2341 2472 :quia
2364 2393 2532 2474 quod
2564 2393 2761 2454 semel
2788 2393 3016 2456 obtulit
3042 2395 3169 2458 Deo
3202 2403 3420 2469 totum,
3438 2397 3502 2459 id

387 2489 854 2570 concupiscere
884 2489 1078 2552 vetita
1117 2497 1226 2552 aut
1257 2497 1661 2554 contemnere
1695 2490 1894 2572 jussa,
2004 2489 2135 2570 jam
2176 2489 2484 2571 dispergit
2522 2497 2591 2551 ut
2629 2491 2911 2552 alienum
2950 2491 3190 2573 absque
3229 2494 3503 2575 propriae

387 2585 580 2666 cujus
605 2592 812 2649 totum
844 2588 1125 2650 studium
1154 2596 1484 2670 totumque
1510 2589 1896 2651 desiderium
2008 2588 2403 2649 necessitatis
2432 2589 2864 2651 recordatione
2892 2597 3002 2650 aut
3030 2591 3262 2653 modici
3294 2592 3502 2654 vietus

384 2703 646 2766 semper
689 2685 1008 2748 intentum
1055 2693 1152 2748 est
1194 2687 1412 2749 divino
1458 2687 1681 2760 amori,
1722 2695 1786 2749 et
1830 2687 1894 2748 in
2009 2685 2252 2759 timore,
2268 2686 2376 2767 qui
2404 2693 2614 2748 certus
2644 2694 2831 2749 estse
2856 2688 3267 2750 nutriendum
3298 2708 3437 2752 esse
3466 2709 3503 2751 a

385 2789 640 2844 tantum
673 2801 801 2845 non
833 2784 1084 2865 capitur
1107 2785 1522 2847 delectatione
1547 2785 1775 2847 vilium
1806 2803 1899 2846 re·
2007 2783 2134 2845 Deo
2161 2783 2361 2846 multo
2386 2784 2528 2866 plus
2555 2803 2745 2865 quam
2772 2785 3097 2848 volucrem
3124 2786 3501 2868 coeli,quum
3530 2809 3647 2854 ιῡεα.
3668 2823 3709 2862 ιι.
3726 2813 3792 2853 31.

386 2899 558 2954 rum,
593 2890 665 2942 ut
695 2882 889 2944 etiam
925 2899 1053 2944 non
1088 2889 1300 2944 utatur
1331 2882 1520 2945 rebus
1556 2883 1892 2945 concessis.
2006 2881 2086 2942 ad
2152 2881 2568 2943 desideratam
2639 2884 3000 2964 pervenerit
3066 2892 3501 2966 paupertatem

470 2979 663 3042 Porro
704 2981 772 3042 in
817 2980 975 3062 lege,
1016 2981 1126 3044 ubi
1171 2982 1523 3063 conjugalis
1567 2981 1728 3044 fides
1773 3001 1897 3045 ser-
2005 2987 2114 3042 aut
2153 2979 2527 3042 nuditatem.
2574 2980 2940 3043 Econtrario
2980 2981 3032 3043 is
3072 2981 3181 3062 qui
3220 2981 3505 3044 retinens

383 3083 597 3150 vatur,
636 3079 847 3140 aculei
891 3078 1162 3141 carnalis
1213 3080 1745 3162 concupiscentiae
1788 3099 1895 3142 ne·
1933 3081 1976 3145 C
2007 3077 2425 3140 substantiam
2467 3079 2662 3160 hujus
2702 3079 2946 3153 mundi,
2979 3087 3042 3141 et
3073 3079 3209 3161 lege
3241 3079 3505 3160 antiqua

382 3183 635 3256 queunt
662 3195 791 3238 non
817 3176 1047 3258 vigere,
1063 3178 1356 3259 quamvis
1387 3177 1587 3240 libido
1615 3177 1897 3240 cohibita
2006 3176 2381 3239 constrictus
2410 3176 2737 3239 distribuit
2761 3176 3033 3240 decimas
3065 3177 3379 3239 fructuum
3408 3197 3507 3239 su-

383 3275 796 3356 mancipetur
825 3276 936 3337 uni
977 3276 1415 3338 tantummodo
1458 3276 1744 3354 feminae3
1777 3283 1896 3358 est:
2005 3293 2189 3336 orum
2233 3283 2424 3357 atque
2467 3275 2782 3357 primitias
2826 3276 3324 3358 pecuniarumve
3367 3295 3505 3357 par-

379 3391 515 3454 que
551 3372 825 3436 difficile
856 3383 926 3436 ut
957 3375 1120 3456 ignis
1162 3375 1264 3436 cui
1302 3373 1536 3456 pabula
1572 3373 1893 3456 applican-
2006 3381 2156 3447 tem,
2210 3374 2505 3455 quamvis
2555 3373 2737 3437 valde
2790 3373 3149 3455 exstinguat
3198 3374 3317 3436 hoc
3363 3391 3503 3436 rore
3566 3395 3709 3441 Εοιιε.
3734 3409 3793 3448 ιιι,

381 3479 516 3538 tur.
571 3471 660 3533 ita
707 3471 988 3554 praefixis
1042 3473 1334 3535 terminis
1391 3472 1772 3546 includatur,
1825 3480 1895 3534 ut
2004 3471 2658 3554 eleemosynaeignem
2687 3481 3095 3554 peccatorum
3125 3479 3505 3546 suorum‚ta-
3530 3463 3597 3502 ³³·

379 3588 518 3632 non
563 3579 740 3633 extra
786 3589 854 3633 se
902 3571 1301 3635 extendendo
1343 3570 1676 3634 comburat
1715 3571 1895 3652 quid·
2007 3589 2152 3632 men
2193 3577 2785 3652 quantumcumque
2826 3570 3313 3652 magnanimiter
3350 3588 3502 3652 opes

377 3670 547 3751 quid
580 3669 874 3750 tetigerit.
912 3660 1036 3733 Cui⁴
1061 3670 1178 3732 etsi
1215 3689 1403 3732 suum
1443 3669 1768 3750 objectum
1809 3670 1896 3731 ita
2004 3667 2764 3749 dispenset,impossibile
2792 3675 2982 3731 estut
3011 3668 3197 3749 plene
3229 3687 3296 3730 se
3326 3674 3505 3730 eruat

377 3787 646 3850 semper
685 3774 996 3842 occurrat,
1031 3776 1101 3829 ut
1143 3787 1267 3830 non
1307 3769 1551 3830 sinatur
1588 3775 1764 3829 extra
1801 3786 1895 3829 ar·
2003 3784 2041 3828 a
2078 3765 2509 3828 dominatione
2552 3766 2816 3847 peccati,
2849 3766 2973 3828 nisi
3014 3765 3175 3827 forte
3219 3785 3333 3847 per
3370 3784 3505 3848 gra-

379 3869 565 3941 dere,
608 3876 818 3928 tamen
873 3867 1155 3928 incendit
1203 3867 1396 3928 etiam
1443 3867 1597 3928 dum
1641 3864 1895 3927 cohibe-
2005 3864 2157 3926 tiam
2208 3864 2547 3926 Salvatoris
2591 3864 2955 3946 deposuerit
3000 3882 3148 3925 cum
3198 3883 3265 3926 re
3308 3863 3501 3925 etiam

379 3975 536 4044 tur3
582 3965 732 4047 quia
773 3964 1066 4028 voluntas
1111 3965 1248 4045 ipsa
1291 3964 1628 4045 culpabilis
1671 3971 1788 4037 est,
1831 3971 1892 4024 et
2005 3962 2219 4044 ipsum
2264 3961 2631 4043 possidendi
2673 3960 2999 4023 affectum.

377 4064 786 4126 consuetudo
843 4061 1222 4125 concubitus
1272 4061 1674 4125 velocissime
1731 4061 1894 4142 rapi-
2085 4059 2677 4131 Conformiter‚non
2708 4066 2914 4141 potest
2940 4076 3065 4120 non
3098 4058 3338 4120 servire
3365 4077 3503 4120 cru-

377 4172 496 4224 tur
534 4163 610 4224 ad
649 4161 1108 4225 adulteriorum
1139 4178 1454 4222 excessus.
1492 4159 1783 4222 Ceterum
1825 4160 1887 4221 hi
2002 4165 2151 4220 ento
2197 4157 2439 4239 peccati
2488 4156 2776 4238 imperio,
2810 4156 3201 4237 quicumque
3243 4155 3381 4218 vult
3422 4175 3497 4217 ex

375 4278 555 4342 quos
609 4260 808 4340 gratia
866 4258 1208 4322 Salvatoris
1266 4257 1627 4320 accenderit
1673 4264 1891 4319 sancto
1922 4261 1971 4322 D
2003 4256 2158 4336 legis
2205 4262 2522 4336 praecepto
2564 4273 2785 4318 eruere
2828 4253 3086 4317 oculum
3130 4271 3245 4334 pro
3286 4253 3495 4326 061110,
3552 4273 3793 4324 amm

375 4357 769 4438 integritatis
809 4374 1044 4432 amore,
1081 4357 1169 4418 ita
1204 4363 1588 4419 consumunt
1621 4355 1764 4436 igne
1795 4373 1892 4416 ca·
1999 4361 2109 4415 aut
2149 4354 2407 4416 dentem
2448 4371 2563 4435 pro
2602 4353 2810 4427 dente,
2842 4359 2953 4414 aut
2991 4351 3325 4414 inimicum
3365 4352 3497 4414 odi·
3527 4338 3596 4380 ²⁴·

377 4455 598 4519 ritatis
647 4455 878 4518 divinae
938 4455 1152 4537 spinas
1202 4454 1491 4517 omnium
1550 4452 1890 4515 desiderio·
2002 4469 2067 4512 re
2103 4468 2116 4514 :
2152 4451 2302 4533 quia
2343 4470 2601 4513 11666556
2640 4458 2736 4512 651
2764 4468 2914 4512 611111
2952 4450 3213 4511 accendi
3255 4459 3498 4532 pertur-

378 4573 542 4617 rum
599 4553 970 4628 carnalium,
1021 4561 1092 4614 ut
1149 4571 1266 4614 nec
1315 4560 1538 4634 tepens
1588 4550 1890 4613 vitiorum
2003 4549 2257 4612 batione
2301 4548 2535 4611 furoris
2575 4556 2685 4611 aut
2726 4549 2856 4622 irae,
2899 4549 3053 4610 dum
3095 4549 3273 4631 cupit
3316 4567 3495 4610 suam

379 4652 612 4716 favilla
658 4651 1064 4733 refrigerium
1124 4650 1502 4733 integritatis
1553 4649 1885 4712 diminuat.
2003 4648 2227 4710 ulcisci
2274 4647 2578 4729 injuriam
2620 4647 2876 4722 talione,
2918 4648 3073 4711 dum
3124 4655 3342 4710 contra
3383 4647 3500 4709 ini·

379 4751 636 4815 Famuli
667 4751 860 4832 igitur
890 4749 1046 4832 legis
1079 4749 1379 4812 labuntur
1407 4749 1485 4811 ad
1517 4747 1740 4810 illicita
1770 4767 1889 4810 usu
2003 4747 2201 4810 mices
2232 4765 2380 4810 suos
2411 4745 2904 4809 amaritudinem
2932 4756 3139 4810 servat
3169 4767 3280 4828 per
3305 4747 3494 4809 diem.

375 4857 664 4931 actuque
712 4849 1054 4922 licitorum,
1107 4848 1217 4910 sed
1277 4847 1618 4929 participes
1675 4847 1892 4928 gratiae
1999 4844 2397 4926 Quicumque
2436 4862 2585 4925 ergo
2624 4853 2913 4907 versatur
2955 4845 3075 4907 sub
3126 4845 3497 4907 illuminati-

377 4967 506 5012 seu
557 4947 832 5009 ministri
878 4945 1200 5027 Evangelii
1243 4946 1396 5007 dum
1448 4945 1622 5006 licita
1665 4943 1887 5016 vitant,
2000 4962 2120 5005 one
2170 4942 2551 5024 evangelicae
2600 4942 2837 5023 gratiae,
2890 4962 3196 5025 superans
3258 4943 3497 5004 malum

379 5045 616 5110 illicita
658 5063 784 5106 non
830 5045 1256 5106 committunt.
2000 5058 2128 5104 non
2159 5039 2533 5112 resistend0‚
2570 5040 2680 5102 sed
2711 5040 3025 5120 patienter
3055 5039 3335 5114 ferendo,
3368 5059 3495 5102 non

469 5145 716 5205 Interea
754 5142 920 5204 sicut
950 5149 1283 5223 peccatum
1313 5141 1472 5203 vivit
1504 5141 1570 5201 in
1605 5139 1884 5220 conjugii
2002 5145 2285 5200 moratur
2327 5145 2551 5219 sponte
2593 5137 2875 5218 praebere
2913 5138 3236 5200 dexteram
3277 5137 3495 5199 maxil-
3551 5157 3724 5202 mua.
3746 5173 3789 5210 v.

375 5249 690 5314 amatore,
716 5240 803 5301 ita
831 5247 896 5301 et
926 5239 991 5301 in
1020 5257 1095 5302 eo
1123 5239 1235 5321 qui
1269 5245 1603 5301 contentus
1632 5244 1729 5299 est
1759 5237 1892 5299 red·
2003 5236 2126 5298 lam
2178 5235 2583 5316 percutienti,
2633 5234 2824 5296 etiam
2874 5234 3157 5307 alteram,
3205 5234 3438 5295 dimitti
3450 5242 3495 5296 t-
3526 5224 3593 5272 39,
3618 5224 3685 5265 ⁴⁰·

375 5342 537 5405 dere
575 5338 856 5402 decimas
895 5345 956 5399 61
996 5337 1311 5421 primitias
1351 5355 1496 5398 suas
1535 5335 1878 5397 dumtaxat.
2001 5353 2125 5416 que
2161 5331 2427 5414 pallium
2460 5330 2697 5394 volenti
2734 5339 2952 5394 contra
2986 5349 3052 5394 se
3090 5348 3343 5393 movere
3380 5331 3501 5394 liti-
