4359 6267
1296 523 1375 569 nn
1417 522 1745 569 msrrru'rls
1788 523 1872 569 ss.
1907 523 2169 570 ramum.
2215 542 2296 552 —
2335 524 2510 569 Lmen
2551 524 2614 568 1x
3427 504 3506 570 97

409 714 556 757 rum
595 714 832 768 rerum,
865 712 1057 777 quam
1104 700 1317 755 mente
1358 693 1669 774 concepit.
1704 692 1907 767 Quan-
1936 692 1987 754 A
2015 692 2415 774 gressionum
2456 692 2874 755 consisterent
2911 709 3039 755 non
3085 692 3149 755 in
3188 692 3352 767 aliis,
3395 693 3506 755 sed
3594 713 3600 721 ·

409 793 619 876 doque
664 794 857 856 etiam
890 800 1063 855 tanto
1104 809 1373 855 moerore
1404 798 1663 873 repente
1698 791 1907 873 depri-

412 893 653 954 mimur
690 910 767 954 ex
808 891 1029 954 subtili
1076 890 1380 953 instinctu
1422 889 1680 964 diaboli,
1714 890 1909 953 nullis

410 990 869 1053 exsistentibus
928 989 1137 1051 causis
1195 988 1429 1071 quibus
1491 1006 1911 1071 provocemur

412 1089 493 1151 ad
522 1088 753 1150 vitium
794 1088 987 1163 istud,
1023 1094 1093 1149 ut
1122 1106 1201 1150 ne
1240 1088 1583 1150 adventum
1619 1105 1909 1152 carorum

414 1185 676 1269 quidem
706 1205 779 1249 ac
810 1186 1313 1249 necessariorum
1353 1194 1714 1250 nostrorum
1746 1186 1913 1249 vale-

414 1303 598 1347 amus
638 1284 823 1347 solita
859 1283 1235 1347 affabilitate
1266 1284 1612 1366 suscipere,
1645 1292 1709 1346 et
1736 1284 1917 1366 quid-

418 1383 574 1464 quid
624 1381 1011 1463 competenti
1062 1382 1589 1445 sermocinatione
1638 1382 1912 1464 protule-

417 1480 567 1553 rint,
588 1480 879 1543 videatur
906 1480 1093 1542 nobis
1124 1480 1563 1562 importunum
1591 1487 1780 1562 atque
1811 1500 1914 1541 su-

421 1579 789 1660 perfluum3
836 1578 1013 1641 nulla
1054 1596 1307 1661 quoque
1360 1587 1535 1661 grata
1586 1580 1915 1661 responsio

418 1678 719 1739 reddatur
770 1678 865 1740 eis
921 1696 961 1739 a
1016 1678 1223 1751 nobiS,
1271 1677 1419 1741 felle
1474 1678 1915 1740 amaritudinis

416 1782 775 1857 occupante
801 1774 1131 1838 universos
1160 1777 1425 1857 angulos
1456 1777 1664 1841 cordis
1695 1777 1909 1839 nostri.

840 2006 1347 2071 CAPITULUM
1410 2006 1491 2069 V.

416 2128 592 2195 Quod
633 2128 1053 2184 commotiones
1101 2132 1159 2183 et
1198 2128 1519 2199 passiones
1572 2127 1919 2183 excitentur

488 2218 559 2273 in
581 2218 758 2273 nobis
786 2218 943 2273 vitio
962 2223 1190 2281 nostro,
1212 2234 1333 2273 non
1361 2218 1627 2273 aliorum
1638 2236 1659 2280 ;
1681 2224 1737 2273 et
1758 2217 1919 2290 quod

488 2306 697 2361 nullus
744 2308 1064 2378 repentino
1100 2312 1350 2362 corruat
1388 2306 1588 2379 lapsu,
1630 2307 1733 2362 sed
1759 2322 1918 2379 pau-

492 2395 670 2451 latim
690 2411 809 2468 per
836 2395 1077 2467 lonqam
1105 2396 1413 2451 incuriam
1432 2402 1666 2468 pereat.

562 2564 719 2627 NDE
760 2564 1279 2627 manifestissime
1325 2565 1777 2647 comprobatur
1813 2566 1919 2628 sti—

582 2663 789 2725 mulos
849 2664 1218 2745 passionum
1267 2663 1527 2726 excitari
1582 2665 1648 2727 in
1708 2664 1914 2739 nobiS,

422 2780 553 2825 non
600 2781 856 2844 semper
897 2762 1054 2825 vitio
1102 2762 1396 2837 aliorum,
1438 2764 1548 2825 sed
1597 2763 1808 2845 potius
1858 2771 1919 2824 et

422 2859 823 2942 frequentius
865 2860 1021 2922 vitio
1067 2860 1327 2943 proprio
1364 2878 1378 2922 z
1416 2861 1568 2942 quia
1610 2860 1919 2923 habemus

420 2960 489 3021 in
530 2959 713 3021 nobis
760 2957 916 3040 ipsis
958 2958 1315 3021 reconditas
1356 2978 1428 3021 ac
1470 2960 1734 3021 latentes
1775 2978 1919 3020 cau-

2019 791 2084 852 in
2114 788 2594 873 nobismetipsis
2627 809 2642 852 :
2677 808 2804 854 non
2835 790 3136 873 praecepit
3163 791 3509 854 deserenda

2016 908 2156 952 esse
2189 890 2456 951 fratrum
2489 890 2822 965 consortia,
2837 909 2956 952 nec
2985 888 3172 952 vitari
3201 906 3308 952 eos
3347 905 3508 970 quos

2018 989 2404 1051 arbitramur
2461 988 2640 1052 laesos
2692 1009 2728 1051 a
2781 989 2988 1062 nobiS,
3039 989 3142 1051 vel
3190 1006 3227 1049 a
3272 987 3508 1069 quibus

2022 1095 2320 1168 putamus
2380 1105 2494 1151 nos
2543 1107 2681 1151 esse
2740 1088 2955 1168 laesos3
3005 1088 3115 1150 sed
3171 1087 3355 1168 jubet
3401 1103 3508 1149 eos

2022 1185 2302 1261 deliniri,
2337 1185 2546 1248 sciens
2576 1186 3034 1268 perfectionem
3065 1185 3274 1248 cordis
3302 1184 3511 1265 acqui·
3593 1206 3804 1259 Luam.

2023 1283 2078 1346 ri
2124 1284 2324 1365 magis
2370 1284 2603 1348 virtute
2653 1285 2993 1367 patientiae,
3035 1304 3226 1367 quam
3273 1282 3355 1345 ab
3402 1284 3508 1346 ho-
3542 1273 3607 1314 ¹⁹·

2024 1384 2310 1446 minibus
2342 1384 2755 1466 separatione.
2776 1384 2924 1458 Quae
2957 1384 3176 1465 utique
3207 1382 3513 1465 patientia

2024 1482 2302 1544 firmiter
2330 1499 2640 1564 possessa,
2665 1487 2871 1564 potest
2901 1500 3013 1544 nos
3045 1481 3252 1544 facere
3282 1489 3345 1542 et
3375 1498 3516 1542 con·
3545 1502 3623 1547 Pe.
3641 1504 3806 1553 ema.

2026 1599 2277 1643 servare
2340 1580 2644 1661 pacificos
2704 1599 2851 1641 cum
2913 1580 3014 1641 his
3073 1579 3184 1661 qui
3246 1579 3517 1641 oderunt

2029 1696 2288 1762 pacem3
2331 1678 2382 1740 si
2428 1685 2642 1740 autem
2691 1677 2876 1753 desit,
2917 1677 3071 1740 facit
3121 1695 3236 1739 nos
3282 1676 3519 1758 jugiter

2026 1778 2409 1851 discordare,
2442 1777 2633 1838 etiam
2663 1776 2742 1838 ab
2775 1776 2874 1837 his
2905 1777 3016 1857 qui
3050 1776 3341 1838 meliores
3372 1781 3521 1836 sunt

1951 1876 1999 1937 B
2029 1875 2215 1939 nobis
2243 1883 2426 1957 atque
2457 1874 2740 1957 perfecti.
2756 1876 2826 1936 In
2851 1874 3323 1937 conversatione
3354 1872 3523 1954 quip-

2028 1993 2108 2056 pe
2152 1975 2432 2036 humana
2474 1974 2694 2036 deesse
2737 1992 2864 2037 non
2908 1980 3206 2055 poterunt
3247 1972 3521 2035 occasio-

2028 2090 2141 2134 nes
2192 2072 2716 2145 commotionum,
2760 2078 3018 2153 propter
3059 2089 3216 2152 quas
3267 2070 3522 2132 festina-

2030 2189 2173 2233 mus
2205 2171 2494 2233 deserere
2525 2187 2632 2233 eos
2665 2170 2829 2232 inter
2858 2187 3018 2251 quos
3050 2186 3518 2231 conversamur.
3601 2238 3606 2243 ⁸

2029 2270 2173 2331 Ideo
2219 2285 2347 2330 non
2392 2268 2744 2340 evadimuS,
2784 2268 2894 2330 sed
2939 2275 3260 2330 mutamus
3303 2284 3523 2329 causas

2029 2366 2324 2439 tristitiae,
2361 2373 2621 2447 propter
2651 2384 2806 2447 quas
2839 2365 2918 2427 ab
2951 2363 3103 2430 aliis
3132 2382 3520 2446 separamur.

2112 2464 2581 2527 Procurandum
2617 2463 2828 2545 itaque
2859 2462 3045 2525 nobis
3073 2469 3190 2537 est,
3215 2468 3284 2523 ut
3315 2461 3526 2543 potius

2028 2562 2406 2625 festinemus
2457 2562 2771 2643 corrigere
2812 2562 2971 2624 vitia
3017 2568 3230 2623 nostra
3275 2578 3349 2621 ac
3393 2576 3524 2647 mo-

2028 2680 2147 2723 reS.
2198 2662 2346 2735 Quae
2394 2661 2445 2722 si
2495 2660 2736 2723 fuerint
2785 2660 3136 2733 emendata,
3190 2658 3526 2721 concorda-

2030 2759 2242 2821 bimus
2287 2760 2509 2841 procul
2532 2758 2748 2822 ‘dubio
2791 2777 2918 2821 non
2963 2777 3110 2820 cum
3156 2755 3524 2819 hominibus

2030 2864 2300 2931 tantum,
2333 2858 2442 2919 sed
2483 2875 2630 2918 cum
2674 2856 2828 2919 feris
2867 2874 3120 2938 quoque
3164 2854 3523 2935 belluisque

2030 2954 2358 3029 facillime,
2407 2955 2588 3035 juxta
2648 2954 2805 3016 illud
2867 2954 2930 3015 in
2993 2953 3154 3016 libro
3201 2952 3314 3015 Job
3373 2950 3524 3014 scri-

420 3078 523 3119 sas
578 3055 1010 3120 offensionum
1067 3075 1143 3118 ac
1202 3057 1543 3119 seminaria
1590 3056 1915 3131 vitiorum,
1957 3060 2001 3122 C
2032 3062 2214 3135 ptum
2269 3073 2283 3117 :
2337 3053 2560 3115 Bestiae
2615 3061 2796 3115 terrae
2853 3060 3039 3114 erunt
3088 3050 3204 3113 tibi
3264 3058 3518 3134 pacatae.
3573 3066 3793 3119 saevas.

420 3176 567 3237 quae
604 3156 943 3218 confestim
984 3164 1412 3238 prorumpunt
1452 3156 1515 3217 in
1563 3156 1807 3217 fructus
1846 3174 1919 3217 ac

420 3255 711 3336 germina
768 3254 955 3328 mala,
1015 3254 1169 3316 dum
1234 3253 1441 3316 imber
1498 3254 1919 3316 tentationum

422 3362 705 3416 nostram
750 3353 1105 3434 irrigaverit
1147 3360 1446 3415 mentem.

502 3451 843 3533 Nunquam
896 3451 1067 3513 enim
1121 3452 1531 3533 compellitur
1579 3452 1725 3533 quis
1774 3470 1918 3533 pec-

424 3569 591 3623 care,
650 3549 911 3611 alterius
968 3548 1125 3612 vitio
1186 3550 1615 3631 impugnatuS,
1678 3550 1731 3611 si
1791 3567 1918 3613 non

422 3647 654 3709 habeat
685 3648 752 3710 in
782 3647 971 3709 corde
1005 3664 1121 3709 suo
1158 3647 1499 3729 repositam
1540 3647 1918 3711 delictorum

424 3745 777 3808 materiam.
830 3745 959 3807 Nec
1018 3745 1358 3826 quisquam
1416 3746 1769 3807 credendus
1825 3753 1921 3808 est

424 3854 579 3907 tunc
616 3844 831 3906 subito
868 3862 1007 3906 esse
1044 3843 1371 3924 deceptuS‚
1405 3844 1559 3905 dum
1600 3844 1737 3907 visa
1780 3865 1919 3927 spe-

422 3944 523 4006 cie
564 3943 854 4005 mulieris
893 3943 1204 4005 corruerit
1246 3942 1310 4003 in
1346 3950 1681 4024 peccatum
1719 3962 1793 4006 ac
1832 3943 1923 4006 fo-

420 4061 609 4105 veam
658 4042 1193 4124 concupiscentias
1249 4042 1491 4123 turpis;
1540 4042 1649 4105 sed
1711 4042 1921 4125 potius

422 4150 525 4205 est
568 4141 955 4203 credendum
998 4139 1252 4202 morbos
1302 4139 1670 4221 passionum
1716 4141 1924 4204 occul-

424 4248 525 4303 tos
556 4238 1049 4319 medullitusque
1081 4237 1344 4300 late-ntes
1377 4245 1528 4300 tunc
1559 4237 1757 4301 fuisse
1789 4257 1927 4321 pro·
1952 4238 2003 4301 D

426 4338 653 4400 ductos
688 4336 755 4397 in
791 4334 1203 4417 superficiem
1240 4328 1442 4412 actuS,
1473 4338 1804 4400 occasione
1833 4337 1925 4399 vi-

424 4454 539 4497 sus
580 4432 933 4496 exterioris

833 4660 1337 4724 CAPITULUM
1400 4659 1515 4721 VI.

422 4783 599 4851 Quod
622 4798 746 4837 non
775 4782 903 4836 sint
928 4781 1261 4836 deserenda
1289 4781 1562 4853 fratrum
1589 4780 1921 4842 consortia,

486 4878 557 4928 ut
586 4870 884 4943 perfectio
920 4870 1306 4942 acquiratur,
1340 4870 1445 4925 sed
1478 4870 1789 4941 patientia
1813 4868 1924 4939 J'u-

490 4962 659 5033 qiter
684 4958 1037 5015 eoecolenda.

580 5119 706 5182 INC
753 5124 996 5180 creator
1038 5117 1326 5180 omnium
1372 5118 1536 5179 Deus
1580 5136 1925 5199 agnoscens

593 5238 725 5300 prae
755 5216 1056 5279 omnibus
1087 5216 1477 5279 curationem
1509 5224 1809 5279 creaturae
1840 5236 1931 5278 ra-

430 5316 707 5391 tionalis,
742 5314 914 5397 quod
946 5314 1097 5377 item
1128 5314 1371 5377 radices
1400 5320 1463 5376 et
1492 5314 1697 5378 ca'usae
1730 5322 1927 5377 trans-

2031 3151 2319 3233 Denique
2378 3170 2503 3214 non
2553 3152 2919 3213 verebimur
2975 3149 3366 3214 offendicula
3422 3167 3526 3210 ex-

2031 3250 2347 3312 trinsecus
2378 3249 2720 3322 venientia,
2756 3267 2874 3311 nec
2915 3248 3045 3310 ulla
3083 3247 3378 3310 scandala
3415 3264 3525 3328 po-

2030 3355 2247 3410 terunt
2309 3347 2546 3410 deforis
2607 3348 2792 3409 nobis
2856 3346 3100 3420 inferri,
3167 3346 3221 3407 si
3281 3344 3526 3407 radices

2031 3463 2255 3509 eorum
2315 3464 2441 3508 non
2501 3445 2742 3507 fuerint
2790 3444 2960 3507 intus
3008 3444 3074 3506 in
3123 3442 3308 3507 nobis
3369 3442 3524 3524 ipsis

2036 3544 2242 3607 insitae
2289 3563 2362 3607 ac
2413 3552 2700 3625 receptae.
2745 3544 2865 3605 Pax
2914 3542 3086 3605 enim
3139 3542 3340 3603 multa
3386 3540 3526 3603 dili·
3578 3564 3818 3616 Pmoun..

2030 3642 2330 3723 gentibus
2373 3643 2575 3723 legem
2615 3642 2749 3716 Dei,
2782 3649 2845 3703 et
2884 3659 3009 3703 non
3048 3649 3143 3702 est
3181 3639 3308 3702 illis
3349 3658 3526 3701 scan-
3557 3628 3648 3670 ¹⁰⁵·

2033 3741 2270 3803 dalum.

2419 3984 2920 4048 CAPITULUM
2982 3983 3130 4045 VII.

2033 4136 2119 4190 De
2146 4134 2276 4191 alio
2298 4149 2514 4205 ,qenere
2544 4132 2845 4194 tristitia,
2868 4132 3030 4205 quod
3049 4132 3526 4202 desperationem

2525 4220 2747 4277 salutis
2781 4220 3036 4275 inducit.

2167 4428 2258 4491 ST
2305 4445 2558 4510 quoque
2615 4427 2788 4489 aliud
2834 4425 3270 4489 detestabilius
3325 4444 3526 4507 genus

2186 4527 2481 4599 tristitias,
2515 4526 2684 4607 quod
2716 4543 2842 4587 non
2874 4524 3040 4606 parit
3067 4524 3525 4587 correctionem

2034 4626 2179 4689 vitae
2227 4643 2301 4686 ac
2349 4642 2623 4697 morum,
2665 4623 3300 4705 emendationemque
3348 4624 3530 4685 vitio-

2036 4742 2202 4797 rum,
2236 4723 2345 4784 sed
2386 4719 2991 4803 perniciosissimam
3023 4721 3528 4804 desperationem

2034 4829 2293 4903 generat
2335 4820 2752 4901 delinquenti.
2796 4819 2971 4892 Quod
3014 4818 3168 4882 fecit
3211 4819 3363 4884 Cain
3412 4838 3530 4882 nec
3562 4836 3822 4889 canavas.

2036 4930 2179 5001 post
2239 4919 2662 4981 fratricidium
2729 4918 3062 4999 poenitere,
3129 4936 3245 4981 nec
3306 4919 3530 4981 Judam

2038 5026 2181 5100 post
2224 5018 2452 5081 Christi
2507 5016 2906 5079 traditionem
2955 5018 3035 5079 ad
3081 5015 3532 5079 satisfactionis

2040 5117 2319 5179 remedia
2376 5115 2699 5189 festinare,
2753 5117 2861 5178 sed
2921 5135 3035 5177 sua
3094 5114 3532 5197 desperatione
3612 5130 3790 5174 Manu.

2040 5216 2346 5297 pertraxit
2373 5233 2522 5276 eum
2559 5215 2637 5276 ad
2669 5214 2768 5277 sui
2810 5214 3010 5295 ipsius
3049 5212 3532 5295 suspensionem
3561 5207 3690 5245 '‘m'’
3721 5196 3762 5235 ⁵·

2040 5333 2155 5396 per
2198 5302 2515 5396 laqueum.
