4359 6267
1079 503 1496 550 COLLATIONUM
1539 503 1624 548 SS.
1661 502 1903 548 PATREM
1945 501 2118 548 LIBER
2161 503 2201 547 1.
2248 520 2328 528 -
2368 500 2655 548 COLLATIO
2694 500 2806 545 VIII

3376 475 3489 540 231

439 672 674 734 dicimus
743 671 1064 734 Christum
1123 691 1262 734 esse
1319 672 1610 735 omnium
1675 690 1889 734 rerum
1925 672 1976 734 A
2006 671 2180 753 cipes
2214 671 2573 733 corruisse?
2605 671 2695 732 Ex
2725 668 2959 751 quibus
2990 665 3303 747 accipitur
3334 663 3495 726 ratio

441 769 817 852 principium,
864 771 927 831 in
979 789 1106 852 quo
1153 771 1332 833 Pater
1380 771 1677 833 universa
1727 788 1895 832 crea-

193 885 417 932 ‚tw-ms.
440 867 534 941 vit,
562 868 1086 950 quemadmodum
1127 869 1439 951 scriptum
1479 877 1575 930 est
1611 887 1622 930 :
1670 868 1894 931 Omnia

227 1467 368 1513 Coton.

201 1533 248 1572 Ιῦ.

441 983 536 1046 per
560 966 758 1046 ipsum
799 965 966 1028 facta
1005 974 1175 1040 sunt,
1209 975 1273 1029 et
1310 966 1447 1029 sine
1485 967 1622 1048 ipso
1652 965 1892 1028 factum

439 1071 520 1125 est
567 1063 763 1145 nihil),
821 1072 968 1127 ante
1025 1065 1196 1128 istud
1255 1064 1603 1146 temporale
1664 1063 1898 1145 princi-

440 1162 594 1244 pium
639 1163 701 1223 in
748 1162 976 1226 Genesi
1025 1164 1360 1245 scriptum,
1403 1180 1530 1226 non
1574 1170 1669 1224 est
1717 1161 1898 1224 dubi-

444 1261 666 1322 tandum
697 1262 896 1323 Deum
929 1280 1176 1324 creasse
1205 1279 1426 1324 omnes
1459 1261 1597 1322 illas
1628 1260 1896 1322 virtutes

439 1377 502 1420 ac
526 1367 846 1440 potestates
876 1360 1186 1434 coelesteS,
1220 1379 1376 1442 quas
1407 1359 1746 1441 Apostolus
1783 1377 1899 1440 per

389 1483 415 1522 ι.
439 1458 692 1520 ordinem
733 1477 1097 1532 numeram,
1133 1459 1220 1520 ita
1258 1457 1564 1521 describit
1597 1477 1611 1520 :
1644 1457 1802 1531 Quia
1832 1457 1896 1518 in

439 1555 654 1620 Christo
709 1564 918 1618 creata
975 1565 1124 1619 sunt
1171 1556 1407 1631 omnia,
1458 1557 1592 1618 sive
1642 1575 1784 1637 quae
1830 1555 1896 1616 in

439 1654 612 1726 coelis,
642 1655 774 1718 sive
810 1675 954 1737 quae
994 1657 1060 1717 in
1099 1663 1266 1716 terra
1303 1662 1474 1729 sunt,
1516 1653 1798 1717 visibilia
1835 1661 1899 1716 et

437 1751 775 1826 invisibilia,
823 1753 958 1814 sive
1006 1753 1252 1833 Angeli‚
1303 1753 1438 1815 sive
1493 1751 1894 1833 Archangeli,

2005 769 2391 831 diversitatis
2422 769 2764 851 spirituum
2798 766 3243 847 malignorum,
3277 770 3497 844 utpote

2007 876 2074 930 ut
2115 869 2408 931 dicantur
2447 887 2619 930 nunc
2658 868 2849 930 etiam
2891 866 3163 927 retinere
3203 862 3498 924 differen-

2007 967 2126 1028 tias
2157 966 2455 1029 ordinum
2496 985 2653 1047 quas
2694 964 2925 1026 habere
2966 963 3267 1025 dicuntur
3298 961 3497 1022 instar

2005 1065 2439 1146 angelicorum
2490 1063 2831 1145 spirituum
2881 1061 3234 1134 beatorum,
3267 1058 3367 1120 vel
3418 1077 3495 1120 ex

2007 1163 2204 1244 gradu
2234 1163 2569 1224 anterioris
2609 1160 2849 1223 ordinis
2889 1159 2955 1222 in
2994 1176 3121 1240 quo
3161 1155 3497 1237 unusquis-

2009 1280 2134 1342 que
2172 1279 2394 1323 eorum
2442 1260 2562 1321 fuit
2601 1269 2871 1333 creatuS,
2914 1257 3016 1320 vel
3059 1257 3211 1339 quia
3253 1256 3329 1318 de
3374 1272 3497 1317 coe-

2012 1359 2277 1422 lestibus
2330 1359 2511 1440 lapsi,
2562 1357 2888 1420 vindicant
2937 1355 3057 1418 sibi
3107 1355 3223 1417 hos
3271 1353 3501 1435 gradus

2011 1459 2293 1520 diversos
2324 1476 2396 1520 ac
2426 1457 2723 1520 ordinum
2755 1455 3014 1518 nomina
3045 1454 3109 1515 in
3144 1460 3321 1535 parte
3356 1469 3503 1513 con-

2010 1557 2225 1630 traria,
2246 1556 2428 1638 juxta
2456 1554 2755 1637 nequitiae
2785 1573 2915 1616 suae
2946 1552 3254 1615 demerita
3284 1551 3351 1612 in
3381 1568 3507 1631 qua

2014 1662 2351 1717 creverunt
2411 1655 2476 1715 in
2531 1654 2765 1735 pejus3
2817 1651 3164 1725 vindicant,
3220 1650 3503 1731 inquam,

2011 1755 2088 1816 ad
2139 1752 2629 1815 similitudinem
2678 1750 3111 1831 angelicorum
3162 1747 3505 1830 spirituum

434 1849 552 1910 sive
579 1849 826 1923 Throni,
861 1850 996 1912 sive
1028 1850 1524 1924 DominationeS,
1558 1849 1692 1912 sive
1724 1849 1898 1912 Prin·
1935 1855 1983 1918 B
2013 1853 2121 1934 qui
2168 1857 2751 1933 perseveraverunt.

432 1946 674 2027 cipatuS,
707 1947 842 2008 sive
872 1947 1256 2026 Potestates3
1287 1948 1504 2010 omnia
1542 1966 1656 2029 per
1685 1947 1896 2028 ipsum

429 2051 486 2104 et
524 2044 584 2106 in
624 2045 760 2126 ipso
801 2054 1009 2108 creata
1050 2054 1218 2108 sunt.

776 2303 1280 2368 CAPITULUM
1347 2304 1531 2368 VIII.

627 2443 714 2498 De
743 2442 924 2515 lapsu
952 2441 1192 2498 diaboli
1219 2448 1276 2498 et
1305 2442 1674 2514 anqelorum.

548 2640 596 2702 E
654 2657 922 2704 numero
978 2649 1192 2703 autem
1261 2642 1491 2704 horum
1558 2641 1900 2723 spirituum

574 2738 822 2820 aliquos
864 2739 1189 2821 principes
1229 2739 1566 2812 corruisse,
1601 2739 1903 2800 lamenta-

413 2836 500 2898 tio
539 2836 888 2898 Ezechielis
929 2855 1002 2898 ac
1041 2837 1216 2900 Isaiae
1255 2837 1654 2918 apertissime
1697 2838 1900 2912 docet,

417 2934 477 2995 in
517 2953 788 3016 quorum
828 2935 1042 2997 verbis
1083 2937 1526 3016 cognoscimus
1571 2935 1902 2998 lamentari

2420 2107 2923 2171 CAPITULUM
2973 2108 3097 2171 IX.

2047 2255 2341 2326 Objectio,
2373 2255 2535 2328 quod
2563 2254 2750 2310 ruina
2779 2254 3019 2310 diaboli
3047 2269 3085 2308 a
3112 2253 3459 2324 deceptione

2504 2345 2648 2400 Evoe
2676 2344 2969 2416 ineoeperi
2973 2348 3015 2398 t.

2019 2540 2123 2701 (Ἰ
2153 2539 2513 2602 ERMANUS
2548 2559 2561 2602 :
2595 2539 2718 2601 Nos
2754 2538 3061 2601 hactenus
3093 2538 3507 2602 credebamus

2069 2625 2152 2703 J
2178 2637 2349 2720 quod
2384 2636 2642 2711 invidia,
2675 2655 2802 2718 qua
2836 2636 3126 2699 diabolus
3161 2637 3354 2699 uvida
3382 2637 3508 2699 cal-

2013 2737 2255 2798 liditate
2315 2735 2567 2817 decepit
2621 2735 2821 2798 Adam
2879 2744 2942 2797 et
3000 2735 3217 2808 Evam,
3281 2735 3508 2798 fuisset

2013 2853 2203 2897 causa
2240 2841 2429 2916 atque
2469 2833 2860 2915 principium
2906 2833 3105 2896 ruinae
3148 2852 3262 2896 seu
3305 2841 3507 2896 trans-

2012 2933 2356 3014 gressionis
2396 2931 2746 3005 diabolicae,
2780 2950 2905 3012 qua
2947 2932 3024 2993 de
3068 2931 3353 3012 angelica
3390 2941 3509 2994 sta-

197 3043 322 3096 itm,
339 3051 396 3093 12.
421 3033 768 3114 principem
800 3031 965 3115 Tyri,
1001 3032 1135 3094 sive
1166 3031 1532 3095 Luciferum
1565 3033 1675 3114 qui
1721 3052 1903 3096 mane
1941 3042 1984 3106 C
2017 3031 2188 3093 tione
2233 3030 2553 3112 projectus
2596 3037 2710 3092 est.

237 3152 368 3198 Ezech.

203 3225 306 3264 urm,
331 3223 384 3259 u·

211 3278 258 3316 u.

250 3688 292 3726 u.

198 3752 205 3797 l

204 3801 207 3822 k

206 3825 222 3999 i

196 4041 205 4073 Δ1

166 4188 185 4269 ,Ι

140 4272 165 4359 l

134 4364 141 4395 ³
219 4371 417 4441 “h-ms.
438 4387 744 4467 affirmans
774 4406 1115 4468 draconem
1155 4407 1539 4488 protraxisse
1571 4426 1791 4468 secum
1823 4408 1907 4469 si-

221 4557 324 4612 J¹¹d2
339 4577 370 4622 6,

159 5042 209 5087 Ρ*
225 5065 360 5110 unm,

426 3129 750 3192 oriebatur.
787 3131 873 3193 De
905 3130 1016 3192 illo
1056 3132 1220 3193 Deus
1261 3131 1349 3193 ait
1388 3131 1700 3194 Ezechieli
1738 3149 1751 3192 :
1785 3132 1902 3194 Fili

429 3225 713 3302 hominiS,
758 3228 894 3290 leva
937 3228 1267 3309 planctum
1309 3249 1503 3311 super
1545 3229 1904 3311 principem

433 3323 584 3405 Tyri,
615 3334 676 3387 et
713 3326 886 3388 dices
923 3326 1005 3399 ei,
1040 3327 1131 3388 Tu
1172 3327 1572 3408 signaculum
1613 3328 1908 3389 similitu-

437 3421 607 3496 dinis,
639 3424 864 3506 plenus
903 3425 1218 3507 sapientia
1253 3433 1316 3488 et
1358 3426 1679 3507 perfectus
1723 3429 1904 3490 deco·

442 3536 518 3592 re,
558 3520 619 3582 in
663 3521 912 3584 deliciis
960 3522 1235 3605 paradisi
1279 3522 1390 3584 Dei
1441 3521 1639 3584 fuisti.
1688 3523 1905 3586 Omnis

255 3613 604 3696 1s.m.22,lapiS,
649 3627 765 3682 etc.
823 3620 1012 3682 lsaias
1071 3637 1324 3702 quoque
1382 3621 1462 3682 de
1515 3621 1640 3683 alio
1687 3639 1700 3683 :
1747 3622 1905 3695 Quo-

453 3715 629 3790 modo,
667 3719 895 3801 inquit,
939 3718 1226 3780 cecidisti
1274 3719 1352 3780 de
1402 3718 1584 3792 coe10‚
1628 3719 1901 3793 Lucifer,

456 3812 548 3888 qui
585 3835 752 3880 mane
791 3816 1140 3880 oriebaris?
1190 3816 1494 3879 Corruisti
1541 3817 1604 3878 in
1649 3823 1902 3892 terram,

464 3908 552 3985 qui
576 3913 932 3977 vulnerabas
961 3922 1202 3994 genteS,
1236 3914 1345 3996 qui
1378 3914 1634 3976 dicebas
1668 3915 1731 3976 in
1772 3932 1904 3977 cor-

467 4001 528 4062 de
559 4013 666 4084 tuo,
703 4013 769 4074 ln
810 4012 1046 4075 coelum
1093 4013 1538 4086 conscendam,
1574 4031 1767 4094 supra
1809 4033 1904 4076 as-

471 4103 544 4158 tra
587 4105 674 4170 Dei
732 4111 1023 4173 exaltabo
1079 4110 1314 4172 solium
1369 4129 1605 4185 meum,
1657 4119 1776 4174 etc.
1831 4112 1907 4174 Et

2433 3282 2938 3348 CAPITULUM
3000 3285 3089 3348 X.

2175 3423 2509 3495 Responsio
2538 3423 2611 3478 de
2640 3424 2827 3480 initio
2856 3423 3065 3496 lapsus
3092 3424 3361 3481 diaboli-

2136 3620 2438 3682 ERENUS
2483 3637 2496 3682 :
2540 3620 2753 3682 Lectio
2793 3620 3105 3683 Geneseos
3150 3620 3514 3684 manifestat

2157 3719 2327 3780 istud
2357 3735 2484 3780 non
2515 3718 2715 3780 fuisse
2748 3718 3003 3780 initium
3024 3719 3236 3782 ruinae
3265 3727 3327 3781 et
3360 3740 3515 3802 prae-

2017 3817 2421 3880 varicationis
2471 3816 2729 3890 diaboli,
2772 3837 2914 3899 quae
2955 3817 3141 3879 lectio
3184 3818 3509 3881 diabolum

2016 3923 2199 3978 vocat
2256 3923 2616 3996 serpentem
2674 3923 2818 3977 ante
2878 3914 3133 3977 illorum
3191 3916 3510 3999 deceptio-

2016 4032 2187 4088 nem,
2221 4013 2491 4076 dicendo
2534 4030 2547 4073 τ
2592 4013 2862 4093 Serpens
2905 4021 3119 4074 autem
3163 4021 3298 4075 erat
3338 4014 3510 4077 calli-

2017 4111 2154 4174 dior
2202 4111 2449 4172 cunctis
2498 4109 2717 4173 bestiis
2766 4118 2947 4173 terrae
2996 4130 3152 4192 quas
3196 4110 3348 4173 fecit
3392 4112 3508 4176 Do-

467 4199 634 4264 tamen
659 4207 982 4291 Scriptura
1012 4217 1468 4272 commemorat
1495 4210 1742 4291 aliquos
1775 4229 1906 4272 cor-
1938 4222 1985 4283 D
2021 4210 2232 4271 minus
2282 4211 2465 4272 Deus,
2520 4209 2890 4291 intelligatis
2941 4226 3089 4290 ergo
3136 4210 3302 4291 quod
3362 4218 3508 4273 ante

457 4291 624 4359 ruisse
661 4325 734 4369 ex
777 4307 960 4388 apice
1004 4307 1115 4370 illo
1163 4307 1546 4370 beatissimae
1591 4308 1902 4383 stationiS,

419 4487 541 4547 mul
577 4499 833 4566 tertiam
866 4512 1111 4586 partem
1150 4504 1496 4567 stellarum.
1530 4505 1719 4568 Judas
1751 4524 1904 4588 quo-

414 4595 516 4688 qu?
553 4603 900 4674 apostolus
941 4603 1172 4665 clarius
1212 4603 1368 4665 dicit
1401 4623 1414 4666 :
1448 4603 1720 4686 Angelos
1756 4623 1906 4668 vero

412 4687 488 4746 (ἴω
539 4705 702 4762 Ι1011
750 4709 1162 4764 servaverunt
1209 4722 1398 4765 suum
1447 4703 1903 4785 principatum,

401 4771 486 4882 ‚sed-
539 4785 1061 4880 dereliquerunt
1118 4819 1306 4862 suurn
1366 4801 1788 4876 domicilium,
1840 4804 1906 4864 in

388 4867 728 4959 Judueium
761 4898 973 4978 magni
1013 4898 1139 4961 diei
1179 4898 1455 4960 vinculis
1494 4900 1748 4962 aeternis
1787 4900 1906 4963 sub

385 4961 684 5077 caligine
745 4996 1109 5060 reservavit.
1179 4998 1462 5080 Denique
1521 4998 1679 5060 illud
1739 5001 1907 5081 quod

380 5059 550 5176 ⁰⁰b¹·⁸
621 5091 884 5157 dicitur
927 5115 942 5160 :
985 5097 1107 5158 Vos
1151 5105 1362 5159 autem
1408 5096 1574 5159 sicut
1616 5098 1908 5161 homiues

377 5168 480 5219 “¹⁰¹⁸
485 5185 805 5284 ¹⁶31znini‚
858 5202 920 5256 et
961 5194 1126 5255 sicut
1165 5213 1330 5256 unus
1377 5195 1456 5256 (10
1505 5196 1908 5278 principibus

375 5255 636 5342 cadens
659 5306 688 5366 3
712 5293 866 5374 quid
890 5292 1063 5355 aliud
1089 5292 1294 5373 signat
1323 5293 1446 5355 nisi
1476 5294 1707 5356 multos
1739 5294 1910 5376 prin-

2018 4309 2209 4390 primi
2261 4308 2539 4371 hominis
2581 4307 3021 4390 deceptionem
3067 4316 3389 4370 corruerat
3429 4310 3509 4370 de

2015 4408 2301 4489 angelica
2346 4409 2665 4482 societate,
2709 4407 2795 4468 ita
2845 4415 2915 4468 ut
2961 4424 3090 4468 non
3134 4407 3341 4469 solum
3387 4425 3512 4469 me·

2019 4514 2264 4569 reretur
2317 4507 2638 4569 diffamari
2696 4504 3121 4589 appellatione
3170 4507 3505 4587 serpentiS,

2021 4606 2148 4668 imo
2195 4607 2387 4667 etiam
2436 4605 2661 4668 ceteris
2709 4604 2931 4667 bestiis
2991 4604 3395 4687 praefcrretur
3443 4605 3509 4667 in

2019 4703 2447 4765 fraudulentia
2502 4704 2694 4784 hujus
2760 4703 3080 4786 nequitiae.
3142 4703 3275 4766 Non
3336 4704 3508 4766 enim

2021 4800 2347 4882 Scriptura
2404 4810 2689 4864 vocasset
2744 4802 3041 4882 angelum
3100 4800 3340 4863 bonum
3390 4803 3509 4865 hoc

2019 4902 2301 4974 nomine,
2336 4920 2452 4963 nec
2483 4900 2559 4962 (10
2592 4901 3145 4982 perseverantibus
3177 4902 3242 4963 in
3274 4901 3383 4964 illa
3409 4901 3511 4963 be·

2019 4999 2329 5061 atitudine
2359 4999 2598 5060 diceret
2630 5016 2643 5059 :
2679 4999 2948 5080 Serpens
2978 5007 3190 5061 autem
3221 5006 3355 5061 erat
3389 4999 3510 5060 cal-

2022 5098 2228 5169 lidior,
2260 5105 2377 5158 etc.
2414 5097 2740 5177 Siquidem
2772 5115 3001 5159 nomen
3036 5097 3348 5178 serpentis
3381 5115 3509 5158 11011

2021 5195 2228 5258 solum
2267 5213 2395 5257 non
2436 5195 2804 5256 conveniret
2834 5194 3108 5258 Gabrieli
3144 5202 3254 5257 aut
3282 5194 3511 5256 Micha-

2020 5294 2127 5369 eli,
2161 5295 2273 5357 sed
2304 5312 2421 5356 nec
2453 5292 2620 5355 bono
2648 5292 2841 5355 alicui
2876 5293 3140 5355 homini.
3174 5292 3513 5374 Apertissi-

3552 4037 3662 4081 Gen.
3674 4050 3733 4087 111,
3748 4039 3786 4080 ί.

3575 5020 3760 5064 Ibidem.
