4359 6267
1061 546 1476 594 commortui!
1518 548 1603 594 SS.
1637 548 1880 595 PATRUM
1921 547 2096 596 LIBER
2138 549 2201 595 11.
2249 569 2329 577 —
2369 550 2655 599 COLLATIO
2694 551 2783 598 111

393 725 502 778 ctu
539 716 954 791 continentiae,
997 718 1108 780 sed
1151 717 1215 779 in
1252 718 1391 799 jugi
1429 718 1740 781 virtutum
1780 736 1875 779 ar·
1901 716 1954 778 A

393 834 476 876 ce
500 834 600 878 seu
630 815 884 896 specula
913 816 1222 880 Dominus
1253 823 1679 879 commoratur
1713 835 1726 878 :
1760 816 1872 878 ubi

389 913 520 994 jam
557 932 679 976 non
725 914 1174 976 retundit'nec
1223 914 1611 997 comprimit,
1654 916 1763 977 sed
1804 914 1870 976 in

107 1019 358 1068 hun-*-
395 1019 762 1094 perpetuum
807 1011 1152 1095 confringit
1196 1014 1472 1095 potentis
1514 1031 1758 1088 arcum,
1795 1032 1872 1075 ex

117 1810 180 1852 1²⁸.
194 1825 354 1862 mxv«,

119 1876 138 1897 ὃ

154 5249 194 5291 18·
209 5266 288 5306 nni,
307 5261 340 5301 2.

394 1128 520 1192 quo
545 1129 688 1172 arcu
717 1111 1040 1192 quondam
1071 1111 1507 1193 dirigebantur
1534 1112 1872 1174 adversum

391 1227 506 1271 nos
543 1217 762 1270 cuncta
803 1209 1001 1289 ignita
1041 1208 1381 1271 libidinum
1418 1210 1646 1290 jacula.
1690 1210 1872 1272 Vide-

388 1308 478 1370 tis
511 1325 650 1388 ergo
687 1307 992 1389 quoniam
1032 1307 1197 1368 sicut
1239 1307 1414 1369 locus
1453 1307 1702 1369 Domini
1746 1325 1870 1369 non

387 1413 487 1467 est
517 1406 576 1467 in
606 1404 1048 1468 colluctatione
1079 1405 1508 1478 continentiae,
1543 1406 1653 1468 sed
1688 1407 1752 1468 in
1784 1425 1876 1469 ca-

387 1503 608 1566 stitatis
649 1522 825 1584 pace,
873 1503 961 1564 ita
1007 1504 1198 1564 etiam
1249 1503 1555 1565 habitatio
1602 1504 1742 1584 ejus
1791 1507 1872 1567 sit

387 1600 462 1662 in
514 1601 766 1682 specula
823 1608 886 1663 et
945 1600 1478 1681 contemplatione
1536 1600 1866 1663 virtutum.

387 1699 556 1761 Unde
589 1717 714 1762 non
749 1699 1070 1761 immerito
1106 1705 1302 1781 portae
1341 1699 1490 1761 Sion
1531 1700 1874 1781 praeferun-

388 1806 491 1859 tur
542 1798 786 1860 cunctis
846 1797 1270 1860 tabernaculis
1326 1798 1517 1860 Jacob
1580 1818 1593 1861 :
1655 1798 1866 1880 Diligit

3352 531 3474 596 289

2366 767 2869 832 CAPITULUM
2930 770 3085 834 XII.

2075 916 2160 970 De
2188 915 2585 972 mirabilibus
2612 933 2749 990 quoe
2776 923 3069 990 operatur
3094 921 3385 976 Dominus

2472 1007 2541 1062 in
2566 1007 2812 1063 Sanctis
2841 1008 2987 1062 sicis.

2140 1200 2351 1263 AGNA
2400 1209 2548 1263 sunt
2598 1209 2787 1284 atque
2841 1203 3137 1276 mirifica,
3190 1223 3308 1266 nec
3356 1206 3471 1267 ulli

1985 1297 2026 1362 l
2168 1299 2503 1360 hominum
2546 1300 2801 1381 penitus
2845 1308 3015 1374 nota,
3058 1302 3182 1364 nisi
3222 1301 3321 1364 his
3360 1303 3471 1384 qui

1982 1415 2056 1460 ea
2083 1398 2328 1479 experti
2360 1406 2529 1472 sunt,
2549 1417 2691 1480 quae
2722 1399 3027 1462 Dominus
3059 1399 3372 1463 ineffabili
3405 1401 3475 1463 li·

1981 1495 2309 1559 beralitate
2350 1496 2613 1577 largitur
2651 1497 2953 1559 fidelibus
2992 1498 3123 1560 suis
3160 1499 3369 1561 adhuc
3408 1500 3473 1561 in

1984 1594 2383 1676 corruptibili
2424 1595 2681 1657 vasculo
2726 1595 2848 1658 isto
2890 1597 3284 1676 degentibus
3329 1598 3475 1671 Quae

1982 1692 2291 1774 Propheta
2323 1694 2553 1755 mentis
2585 1694 2859 1776 puritate
2890 1696 3344 1776 contemplanS,
3378 1715 3480 1758 ex-

1984 1791 2282 1853 clamavit
2326 1800 2453 1854 tam
2497 1811 2575 1854 ex
2620 1812 2734 1854 sua
2781 1810 3049 1874 persona
3097 1813 3290 1874 quam
3341 1795 3475 1858 illo-

387 1895 550 1958 enim
599 1896 906 1959 Dominus
956 1903 1168 1976 portas
1217 1895 1367 1958 Sion
1416 1915 1609 1977 super
1655 1897 1870 1959 omnia
1906 1899 1953 1962 Β
1985 1910 2126 1952 rum
2167 1891 2280 1972 qui
2325 1892 2705 1972 perveniunt
2750 1893 2813 1952 in
2854 1892 3026 1954 hunc
3065 1893 3370 1955 affectum
3410 1901 3475 1956 et

387 1993 784 2056 tabernacula
824 1993 1036 2057 Jacob.

463 2094 752 2156 Praeterea
804 2093 974 2175 quod
1033 2093 1298 2174 arguitis
1359 2101 1604 2155 motum
1663 2093 1870 2156 carnis

385 2191 812 2254 inevitabilem
849 2209 1011 2264 esse,
1045 2210 1159 2274 per
1193 2191 1312 2253 hoc
1347 2191 1518 2274 quod
1552 2192 1706 2253 dum
1746 2193 1870 2253 uri-

384 2308 464 2351 na
499 2289 768 2352 vesicam
809 2290 1066 2352 assidua
1103 2289 1444 2353 stillatione
1484 2289 1867 2372 impleverit,

381 2388 587 2468 quieta
645 2397 894 2451 moveat
954 2388 1241 2451 membra
1293 2389 1614 2471 (quamvis
1677 2389 1870 2452 motio

385 2487 500 2549 ista
525 2487 682 2551 nihil
717 2486 1090 2569 praejudicet
1115 2487 1281 2550 veris
1313 2488 1730 2550 sectatoribus
1766 2508 1871 2570 pu—

384 2585 576 2647 ritatis
604 2587 683 2648 ad
713 2584 1135 2649 obtinendum
1168 2586 1479 2658 eamdem,
1514 2586 1566 2647 si
1601 2586 1732 2648 sola
1765 2605 1870 2649 ne-

381 2685 630 2746 cessitas
674 2685 996 2746 interdum
1041 2692 1260 2765 et-per
1301 2702 1592 2765 soporem
1637 2686 1868 2746 excitet

379 2790 612 2845 motum
645 2783 902 2862 istum);
935 2782 1271 2845 sciendum
1303 2791 1398 2844 est
1431 2791 1662 2858 tamen,
1696 2783 1864 2865 quod

375 2881 428 2942 si
461 2880 738 2943 membra
777 2880 1021 2942 fuerint
1060 2881 1145 2942 ita
1186 2889 1376 2955 mota,
1411 2881 1614 2944 nihilo
1653 2882 1864 2943 minus

373 2980 452 3042 ad
491 2979 766 3060 quietem
812 2979 1138 3060 propriam
1183 2979 1575 3042 reducuntur
1615 2980 1862 3042 castita-

1982 1995 2215 2050 statum
2252 2007 2265 2050 :
2299 1989 2609 2051 Mirabilia
2645 2007 2839 2071 opera
2866 1999 2996 2064 tua,
3029 1990 3217 2064 Deus,
3250 2000 3313 2052 et
3341 1992 3473 2053 ani·
3496 2015 3767 2064 Paeana..

1984 2107 2086 2149 ma
2116 2107 2259 2150 mea
2288 2098 2620 2168 cognoscet
2654 2089 2864 2151 nimis.
2889 2089 3144 2171 Alioqui
3174 2090 3335 2151 nihil
3365 2108 3472 2153 no-
3499 2081 3564 2121 ¹⁴·

1980 2185 2045 2247 vi
2088 2193 2195 2246 aut
2236 2185 2444 2266 magni
2485 2187 2737 2248 videtur
2774 2187 3083 2268 Propheta
3124 2187 3382 2261 dixisse,
3416 2189 3470 2249 si

1983 2283 2244 2365 protulit
2274 2284 2382 2345 illa
2412 2283 2537 2347 alio
2568 2285 2775 2347 cordis
2805 2284 3065 2360 affectu,
3089 2285 3189 2348 vel
3222 2286 3299 2348 de
3327 2285 3471 2348 aliis

1980 2382 2090 2444 Dei
2135 2382 2459 2463 operibus.
2504 2382 2728 2445 Nullus
2770 2383 2943 2446 enim
2988 2393 3084 2446 est
3122 2385 3313 2449 homo
3360 2386 3472 2467 qui

1981 2499 2106 2543 non
2138 2488 2436 2560 agnoscat
2464 2499 2542 2542 ex
2573 2482 3009 2561 magnitudine
3041 2490 3470 2546 creaturarum

1980 2579 2303 2641 mirabilia
2351 2596 2489 2641 esse
2535 2598 2729 2661 opera
2758 2580 2903 2652 Dei.
2939 2581 3232 2643 Ceterum
3282 2599 3474 2664 opera

1981 2679 2089 2741 illa
2131 2698 2273 2760 quae
2316 2679 2684 2760 quotidiana
2734 2680 3099 2761 operatione
3149 2681 3474 2762 dispensat

1978 2784 2040 2838 et
2078 2777 2338 2840 exhibet
2378 2777 2600 2840 usibus
2639 2779 2893 2852 nostriS,
2935 2786 3000 2839 et
3038 2779 3298 2860 speciali
3338 2799 3474 2841 mu-

1979 2876 2311 2938 nificentia
2356 2875 2699 2938 affluenter
2748 2876 2933 2939 nobis
2983 2876 3284 2952 infundit,
3337 2878 3475 2939 nul—

1980 2974 2076 3036 lus
2121 2974 2448 3055 cognoscit
2490 2974 2613 3036 nisi
2657 2975 2769 3057 qui
2813 2975 3041 3056 recipit
3082 2993 3156 3036 ea
3193 2993 3207 3036 :
3249 2976 3360 3057 qui
3406 2975 3473 3038 in

373 3077 453 3139 tis
493 3077 782 3160 imperio,
827 3084 897 3138 ut
939 3075 1261 3140 foedentur
1305 3095 1429 3140 non
1476 3077 1684 3140 solum
1727 3079 1864 3144 sine
1899 3079 1943 3142 C
1977 3082 2219 3137 secreto
2249 3073 2653 3137 conscientiae
2684 3093 2813 3136 suae
2844 3073 2929 3135 ita
2958 3081 3054 3136 est
3082 3073 3319 3136 arbiter
3348 3074 3473 3136 sin-

371 3175 500 3238 ullo
544 3176 816 3257 pruritu,
865 3175 977 3238 sed
1019 3175 1210 3237 etiam
1255 3175 1496 3257 absque
1545 3176 1721 3237 omni
1770 3195 1864 3238 re—

373 3274 724 3336 cordatione
777 3271 1086 3334 libidinis.
1135 3273 1378 3334 Idcirco
1425 3281 1495 3334 ut
1540 3292 1687 3335 cum
1729 3273 1864 3354 lege

375 3374 598 3451 mentis
637 3380 944 3454 congruat
983 3371 1084 3434 lex
1125 3372 1492 3454 corporalis,
1539 3373 1626 3435 ita
1669 3373 1865 3454 repri-

373 3473 594 3535 menda
635 3478 732 3535 est
777 3470 1074 3532 nimietas
1122 3471 1312 3533 etiam
1364 3471 1426 3532 in
1472 3490 1650 3552 aquae
1694 3478 1866 3551 pota—

371 3570 556 3644 tione,
593 3577 661 3631 ut
701 3568 812 3631 illa
852 3567 1144 3631 collectio
1182 3568 1535 3649 quotidiani
1577 3567 1863 3631 humoris

371 3667 612 3750 pigrius
661 3666 947 3729 influens
996 3665 1304 3728 membris
1360 3665 1677 3740 arefactiS,
1731 3667 1865 3728 red-

373 3768 480 3828 dat
525 3766 708 3828 illum
750 3764 1032 3846 corporis
1078 3771 1346 3838 motum,
1390 3783 1583 3846 quem
1629 3764 1863 3846 putatis

372 3862 829 3935 inevitabilem,
874 3879 1002 3924 non
1045 3862 1253 3923 solum
1296 3861 1717 3935 rarissimum,
1754 3862 1863 3924 sed

372 3963 558 4024 etiam
591 3961 833 4022 lentum
863 3978 937 4021 ac
970 3960 1280 4041 tepidum,
1314 3967 1504 4041 atque
1533 3961 1632 4040 (ut
1662 3960 1750 4022 ita
1779 3959 1869 4022 di-

373 4060 601 4141 xerim)
637 4060 848 4140 ignem
889 4058 1426 4139 concupiscentias
1463 4056 1655 4120 faciat
1693 4057 1866 4139 frigi-

373 4160 546 4232 dum,
580 4167 644 4221 et
673 4156 914 4239 absque
941 4158 1166 4221 ardore
1203 4156 1475 4237 alicujus
1513 4157 1865 4219 adustionis

1977 3173 2215 3255 gularis
2254 3172 2718 3237 beneficiorum
2756 3172 3089 3246 Altissimi‚
3125 3180 3195 3234 ut
3232 3191 3307 3235 ea
3345 3190 3470 3235 non
3532 3165 3542 3174 ’

1979 3273 2187 3335 solum
2240 3280 2513 3353 nequeat
2563 3271 2693 3333 ullo
2742 3270 2929 3333 effari
2976 3289 3289 3348 sermone,
3342 3271 3472 3334 imo

1978 3389 2096 3432 nee
2139 3369 2341 3452 possit
2384 3369 2924 3450 comprehendere
2971 3387 3045 3431 ea
3095 3369 3473 3450 cogitatione

1976 3477 2086 3530 aut
2141 3488 2355 3542 sensu,
2402 3486 2602 3550 quum
2653 3467 2985 3530 discedens
3034 3467 3114 3531 ab
3165 3469 3350 3549 igneo
3400 3468 3473 3530 il-

1977 3567 2037 3629 lo
2077 3566 2349 3640 fervore,
2391 3566 2585 3629 fuerit
2632 3567 2965 3628 devolutus
3012 3567 3091 3629 ad
3142 3567 3293 3630 istos
3344 3587 3473 3630 ma-

1979 3666 2229 3728 teriales
2286 3684 2359 3727 ac
2420 3673 2701 3728 terrenos
2758 3665 3046 3728 intuitus.
3100 3665 3252 3739 Quis
3299 3667 3472 3729 enim

1979 3781 2105 3825 non
2150 3764 2418 3825 miretur
2461 3764 2525 3825 in
2575 3783 2643 3825 se
2688 3781 2882 3844 opera
2930 3764 3061 3838 Dei,
3107 3766 3260 3827 dum
3313 3765 3477 3828 insa-

1977 3862 2266 3925 tiabilem
2319 3862 2559 3924 ventris
2610 3861 2981 3943 ingluviem,
3033 3870 3472 3946 sumptuosam

1980 3961 2392 4023 voracitatem
2435 3960 2619 4042 gulae,
2673 3960 3094 4042 perniciosam
3138 3961 3467 4024 flammam

1982 4058 2249 4122 luxuriae
2293 4058 2524 4121 viderit
2564 4059 2627 4120 in
2669 4077 2735 4121 se
2774 4058 2867 4121 sic
2905 4077 3044 4122 esse
3088 4079 3465 4141 repressam,

1981 4166 2050 4219 ut
2099 4158 2207 4220 vix
2258 4176 2397 4221 raro
2445 4165 2554 4219 aut
2604 4157 2839 4219 invitus
2890 4157 3199 4240 percipiat
3257 4159 3469 4241 ipsum

375 4265 688 4320 rorantem
735 4256 997 4318 suscitet
1036 4254 1388 4327 flammam,
1431 4256 1630 4317 instar
1672 4256 1868 4318 admi·
1899 4261 1949 4322 D
1979 4257 2282 4337 exiguum
2330 4263 2519 4336 atque
2567 4255 2952 4319 vilissimum
3003 4257 3277 4320 cibum?
3319 4258 3469 4331 Quis

375 4355 590 4419 rabilis
634 4353 898 4416 visionis
941 4354 1226 4416 Mosaieae
1260 4371 1274 4414 :
1311 4361 1380 4415 ut
1418 4353 1614 4416 rubus
1659 4354 1866 4416 carnis

373 4462 602 4518 nostrae
650 4453 842 4516 noxio
901 4452 1046 4533 igne
1102 4451 1492 4514 circumdata
1552 4471 1679 4515 non
1729 4471 1866 4514 ura—

275 4606 286 4624 ,
334 4561 492 4626 ‚tur‚
526 4552 696 4614 sicut
735 4569 853 4612 nec
893 4567 1158 4632 corpora
1187 4549 1382 4611 trium
1421 4567 1766 4630 puerorum
1798 4551 1870 4612 il·

371 4652 600 4725 lorum,
641 4669 679 4712 a
723 4648 958 4730 quibus
997 4667 1264 4709 excussa
1305 4656 1401 4710 est
1444 4648 1707 4710 flamma
1747 4649 1868 4711 for-

370 4749 544 4812 nacis
585 4745 936 4811 Chaldaicae
966 4745 1198 4827 spiritu
1233 4745 1344 4808 Dei
1377 4753 1649 4821 rorante,
1680 4746 1767 4809 ita
1797 4755 1867 4808 ut

368 4848 523 4910 odor
551 4846 719 4926 ignis
749 4861 876 4906 non
911 4842 1164 4905 afflaret
1203 4861 1321 4905 nec
1359 4843 1611 4906 laederet
1643 4863 1864 4908 eorum

368 4943 632 5026 capillos
670 4948 781 5003 aut
816 4938 1149 5017 fimbrias;
1185 4947 1253 5000 ut
1293 4940 1675 5022 incipiamus
1717 4960 1868 5024 quo-

367 5041 709 5104 dammodo
750 5039 818 5100 in
861 5039 982 5100 hoc
1025 5055 1287 5119 corpore
1331 5039 1654 5120 possidere
1696 5041 1866 5123 quod

365 5139 614 5203 Sanctis
655 5135 1051 5219 promittitur
1091 5153 1204 5218 per
1241 5136 1616 5218 Prophetam
1658 5138 1868 5201 dicen-

365 5247 494 5300 tem
522 5256 536 5300 :
560 5236 770 5310 Quum
801 5232 1228 5295 ambulaveris
1260 5233 1324 5295 in
1357 5234 1525 5314 igne,
1549 5254 1676 5299 non
1708 5255 1868 5299 com-

365 5334 640 5409 bureris„
687 5339 752 5395 et
794 5330 1060 5394 flamma
1100 5348 1227 5394 non
1269 5332 1518 5395 ardebit
1562 5333 1628 5396 in
1671 5341 1752 5398 te.

1978 4372 2104 4416 non
2159 4354 2567 4434 obstupescat
2617 4370 2809 4434 opera
2864 4355 2998 4429 Dei,
3059 4375 3258 4437 quum
3326 4375 3467 4419 sen-

1979 4452 2129 4513 serit
2180 4451 2393 4532 ignem
2457 4450 2763 4526 libidinis,
2814 4471 3005 4533 quem
3062 4463 3247 4517 antea
3294 4463 3470 4518 natu·

1979 4549 2172 4611 ralem
2236 4547 2951 4631 inexstinguibilemque
3008 4551 3322 4627 credebat,
3384 4554 3470 4617 ita

1979 4646 2348 4728 refriguisse
2392 4647 2458 4709 in
2501 4665 2589 4721 se,
2636 4654 2707 4708 ut
2757 4666 2875 4709 nec
2926 4648 3203 4729 simplici
3254 4668 3471 4733 corpo-

1977 4747 2064 4808 ris
2096 4754 2273 4809 motu
2313 4764 2380 4807 se
2412 4746 2642 4808 sentiat
2671 4745 2965 4808 incitari?
2997 4747 3319 4820 Quomodo
3348 4750 3471 4812 vir-

1979 4851 2176 4907 tutem
2219 4844 2331 4906 Dei
2384 4861 2509 4906 non
2564 4844 3007 4906 contremiscat
3057 4846 3465 4930 quicumque,

1978 4962 2176 5024 quum
2211 4942 2443 5004 viderit
2478 4943 2768 5005 homines
2807 4945 3127 5024 quondam
3167 4945 3362 5008 duros'
3395 4964 3469 5008 ac

1979 5041 2393 5116 truculentOS,
2437 5041 2548 5122 qui
2589 5040 3022 5104 blandissimis
3070 5041 3469 5106 subditorum

1976 5138 2302 5220 obsequiis
2356 5138 2863 5220 provocabantur
2912 5140 2990 5202 ad
3043 5158 3309 5203 summae
3360 5141 3469 5205 irae

1977 5238 2282 5310 furorem,
2334 5237 2663 5300 devenisse
2715 5238 2794 5300 ad
2842 5245 3081 5299 tantam
3130 5238 3466 5301 mititatem

1976 5353 2051 5398 ac
2099 5335 2496 5418 patientiam,
2541 5342 2608 5397 ut
2653 5354 2780 5399 non
2824 5335 3031 5400 solum
3073 5353 3199 5398 non
3244 5355 3467 5419 provo-
