4359 6267
1253 529 1333 574 nn
1373 528 1702 575 1Nsr1wr1s
1745 529 1830 575 ss.
1864 528 2124 574 uranu.
2169 546 2251 556 -
2292 528 2466 575 uena
2505 529 2568 573 v1
3382 501 3459 565 77

358 692 482 765 nis,
515 712 708 775 quam
756 694 822 756 in
873 694 1231 775 integritate
1276 696 1678 778 puritateque
1722 712 1854 757 cor-
1883 696 1934 757 A

355 790 478 863 dis,
510 810 652 872 quae
697 811 846 853 vere
895 793 1169 855 custodit
1219 802 1526 875 perpetuo
1569 794 1851 855 incorru-

355 896 532 969 ptam
583 889 1022 952 castimoniam
1083 891 1387 973 corporiS,
1439 892 1551 954 Dei
1600 892 1849 965 timore,

352 995 464 1049 aut
507 987 814 1049 castitatis
857 1006 1090 1051 amore.

747 1244 1250 1307 CAPITULUM
1311 1243 1465 1307 XX.

573 1391 724 1457 Quis
760 1391 844 1445 sit
878 1392 1026 1461 sinis
1062 1406 1222 1447 verae
1259 1390 1640 1463 integritatis

891 1495 964 1535 ac
991 1480 1316 1551 puritatis.

509 1674 582 1736 IC
613 1674 826 1756 itaque
857 1674 1008 1735 finis
1046 1682 1142 1735 est
1172 1680 1362 1755 atque
1397 1672 1680 1755 perfecta
1717 1690 1856 1753 pro-

529 1772 702 1835 batio
732 1772 1132 1853 integritatis,
1154 1773 1207 1834 si
1240 1770 1717 1852 quiescentibus
1747 1776 1854 1830 aut

2321 754 2825 817 CAPITULUM
2887 754 3107 817 XXII.

1965 902 2160 973 Usque
2199 902 2283 956 ad
2318 917 2490 973 quem
2522 902 2759 957 modum
2785 901 2985 973 possit
3016 902 3275 973 perduci
3306 902 3463 957 inte-

2031 990 2232 1060 gritas
2272 990 2477 1046 cordis
2510 991 2729 1053 nostri,
2760 995 2817 1045 et
2854 990 3009 1062 quid
3042 990 3127 1044 sit
3162 989 3462 1045 indicium

2033 1080 2253 1134 mentis
2293 1078 2377 1135 ad
2403 1078 2655 1152 plenum
2690 1085 2967 1135 eaecoctoe.

2117 1283 2500 1356 UCUSQUE
2549 1282 2741 1364 igitur
2781 1281 3081 1345 festinare
3129 1281 3458 1357 debemuS,

2142 1388 2206 1443 et
2236 1399 2312 1443 eo
2348 1399 2550 1463 usque
2584 1399 2865 1463 pugnare
2898 1382 3202 1443 adversus
3232 1380 3461 1445 animae

1965 1487 2173 1541 motus
2209 1479 2655 1561 incentivaque
2686 1478 2915 1553 carniS,
2950 1480 3150 1542 donec
3183 1479 3301 1541 ista
3331 1497 3462 1541 car-

1964 1577 2063 1639 nis
2104 1577 2383 1640 conditio
2423 1578 2675 1659 expleat
2714 1578 3154 1641 necessitatem
3196 1585 3457 1653 naturae,

1965 1694 2090 1739 non
2133 1676 2396 1738 suscitet
2426 1676 2840 1757 voluptatem,
2874 1678 3225 1738 naturalem
3261 1676 3459 1739 abun-

1965 1774 2244 1836 dantiam
2294 1774 2432 1837 sine
2477 1774 2607 1837 ullo
2654 1775 2902 1857 pruritu
2946 1782 3008 1837 et
3050 1792 3213 1837 noxa
3250 1776 3460 1857 expel-

351 1869 824 1932 dormientibus
887 1871 1062 1932 nulla
1121 1869 1516 1951 subrepserit
1574 1868 1854 1951 titillatio
1891 1870 1938 1931 B
1969 1872 2125 1946 lenS,
2180 1890 2307 1935 non
2360 1890 2637 1953 pugnam
2698 1872 2969 1935 castitati
3020 1873 3459 1954 voluntatique

351 1969 724 2050 voluptatiS,
757 1976 820 2031 et
859 1967 1150 2031 obscenae
1187 1968 1474 2031 humoris
1517 1966 1856 2048 superflui-

351 2074 516 2129 tates
573 2074 912 2149 egerantur
975 2085 1089 2149 pro
1151 2067 1525 2129 necessitate
1589 2072 1851 2139 naturai,

349 2165 797 2247 ignorantibus
859 2165 1064 2227 nobiS.
1133 2166 1296 2238 Quas
1363 2164 1529 2226 sicut
1590 2162 1854 2226 omnino

349 2264 684 2326 abscidere
729 2271 792 2326 et
835 2264 900 2325 in
945 2271 1324 2345 perpetuum
1367 2270 1718 2344 amputare,
1760 2266 1856 2323 est

351 2380 553 2443 supra
581 2368 908 2439 naturam3
942 2362 1028 2423 ita
1063 2378 1356 2425 revocare
1387 2362 1521 2423 sive
1553 2360 1854 2421 reducere

353 2480 464 2523 eas
509 2461 588 2521 ad
634 2459 1069 2523 inevitabilem
1121 2460 1636 2540 rarissimamque
1679 2464 1856 2519 natu·

355 2578 444 2621 rae
475 2558 944 2631 necessitatem,
971 2558 1260 2621 maximae
1289 2565 1385 2619 est
1412 2556 1686 2618 virtutis.
1709 2556 1856 2628 Quae

356 2655 644 2719 tit-illatio
700 2656 834 2718 sive
893 2656 1258 2730 necessitas,
1320 2655 1572 2736 pulsare
1636 2670 1854 2715 mona-

355 2756 560 2816 chum
591 2755 749 2817 solet
777 2752 945 2815 infra
975 2772 1225 2815 menses
1256 2754 1414 2815 duos
1444 2751 1660 2814 semel.
1682 2751 1855 2824 Quod

353 2862 576 2915 tamen
609 2853 850 2914 dictum
891 2852 976 2913 sit
1004 2852 1356 2914 secundum
1397 2850 1855 2931 experientiam

351 2959 666 3023 nostram,
698 2967 825 3013 non
855 2950 1208 3012 secundum
1249 2948 1574 3011 seniorum
1614 2954 1858 3009 senten-

1969 1971 2304 2032 suscitans.
2353 1970 2669 2045 Ceterum,
2717 1971 2970 2053 quando
3021 1989 3200 2033 mens
3250 1972 3458 2033 adhuc

1967 2068 2033 2129 in
2082 2085 2303 2130 somno
2353 2068 2803 2149 imaginatione
2849 2067 3199 2131 formarum
3250 2068 3459 2131 illudi-

1967 2172 2092 2239 tur,
2127 2166 2286 2227 sciat
2330 2184 2397 2227 se
2438 2167 2723 2229 nondum
2771 2166 3138 2247 pervenisse
3181 2168 3259 2229 ad
3305 2166 3460 2229 inte-

1965 2281 2142 2344 gram
2173 2272 2236 2326 et
2267 2271 2593 2326 excoctam
2637 2262 2941 2325 castitatis
2975 2264 3455 2345 perfectionem.

2302 2526 2804 2590 CAPITULUM
2869 2526 3123 2589 XXIII.

1965 2675 2255 2731 Remedia
2324 2676 2689 2738 curationis,
2742 2675 2964 2747 quibus
3013 2676 3266 2746 puritas
3324 2692 3461 2732 cor-

2036 2765 2136 2820 dis
2201 2782 2272 2820 ac
2335 2765 2611 2835 corporis
2675 2765 2875 2820 nostri
2930 2766 3131 2837 possit
3185 2764 3462 2836 perfecta

2037 2869 2296 2909 manere.

352 3050 538 3121 tiam,
571 3068 610 3110 a
647 3046 880 3129 quibus
920 3056 1175 3129 tempus
1220 3047 1492 3110 duorum
1537 3045 1854 3107 mensium
1896 3041 1939 3104 C
2108 3047 2153 3109 T
2204 3065 2353 3128 ergo
2412 3048 2741 3110 illusiones
2800 3048 2935 3111 istae
2994 3048 3460 3112 dormientibus

346 3147 684 3228 judicatur
725 3146 1000 3207 nimium
1052 3145 1244 3207 breve
1287 3145 1363 3206 ad
1409 3144 1856 3206 sustinendum

353 3246 418 3307 id
471 3244 673 3306 semel
719 3260 733 3306 t
774 3262 856 3305 ne
905 3243 959 3305 si
1004 3242 1396 3305 voluerimus
1448 3242 1604 3303 illud
1649 3241 1857 3323 expri-

355 3360 538 3404 mere
587 3341 756 3423 quod
799 3340 878 3402 ab
921 3340 1078 3422 ipsis
1121 3339 1486 3414 didicimus,
1528 3338 1859 3402 videamur

355 3441 458 3502 his
515 3439 627 3521 qui
670 3438 832 3501 forte
873 3458 951 3501 ex
995 3438 1380 3519 negligentia
1428 3456 1542 3500 sua
1583 3436 1859 3499 remissi-

353 3538 540 3601 orive
599 3536 812 3599 studio
865 3536 1206 3617 puritatem
1266 3537 1428 3597 hanc
1486 3536 1698 3597 minus
1755 3554 1859 3597 ex-

359 3635 532 3716 perti
592 3641 761 3709 sunt,
813 3633 1216 3697 incredibilia
1272 3642 1380 3696 aut
1439 3632 1862 3715 impossibilia

355 3732 801 3815 descripsisse.

736 3986 1241 4050 CAPITULUM
1306 3986 1492 4049 XXI.

478 4135 764 4205 Qualiter
797 4150 1156 4191 conservare
1182 4134 1488 4206 possimus
1523 4138 1747 4189 statu-m

790 4224 1096 4295 puritatis
1126 4222 1432 4295 perfectoe.

485 4420 752 4484 TATUM
815 4420 998 4481 illum
1058 4419 1352 4501 puritatis
1415 4418 1713 4500 perfectae
1777 4418 1864 4479 ita

509 4518 862 4601 poterimus
922 4517 1310 4579 incessanter
1360 4524 1594 4590 tenere,
1645 4524 1708 4578 et
1757 4535 1864 4577 na-

355 4618 640 4681 turalem
681 4617 941 4679 modum
977 4634 1049 4677 ac
1079 4622 1332 4696 tempus
1366 4615 1498 4695 jam
1529 4615 1863 4696 praefatum

359 4734 699 4798 nunquam
755 4714 1084 4787 excedere,
1142 4713 1196 4774 si
1256 4714 1605 4794 cogitemus
1663 4715 1862 4776 Deum

358 4834 504 4877 esse
567 4814 994 4895 inspectorem
1051 4828 1178 4873 non
1238 4811 1446 4874 solum
1506 4820 1863 4875 nostrorum

358 4921 628 4977 actuum
683 4918 1096 4984 secretorum,
1147 4911 1258 4972 sed
1306 4910 1499 4972 etiam
1550 4911 1870 4992 cogitatio-

361 5008 534 5074 num
577 5018 992 5088 cunctarum3
1041 5017 1105 5071 et
1153 5009 1508 5071 reddituros
1567 5028 1681 5073 nos
1731 5029 1868 5072 esse

362 5109 682 5172 rationem
735 5108 823 5169 ita
869 5126 985 5189 pro
1032 5108 1333 5170 omnibus
1383 5128 1523 5189 quae
1574 5108 1637 5169 in
1684 5109 1870 5170 corde

367 5215 592 5271 nostro
623 5214 976 5280 versantur,
1011 5205 1178 5267 sicut
1215 5224 1331 5286 pro
1372 5205 1686 5268 universis
1725 5224 1871 5288 ope-

367 5306 557 5368 ribus
601 5303 855 5366 nostris.

2127 3144 2312 3209 nobis
2356 3146 2699 3227 subrepere
2744 3165 2855 3208 seu
2898 3146 3184 3209 accidere
3229 3166 3463 3229 neque-

1968 3252 2098 3319 ant,
2132 3246 2477 3307 tenendum
2519 3252 2616 3307 est
2654 3263 2908 3326 semper
2945 3245 3186 3326 aequale
3225 3265 3299 3308 ac
3335 3265 3462 3309 mo-

1969 3343 2257 3405 deratum
2304 3342 2643 3423 jejunium.
2692 3342 3088 3425 Quicumque
3135 3344 3307 3405 enim
3358 3362 3463 3406 ex-

1971 3442 2230 3503 cesserit
2270 3441 2493 3520 rigoris
2539 3460 2926 3514 mensuram,
2960 3460 3219 3504 necesse
3257 3450 3353 3504 est
3396 3449 3466 3505 ut

1969 3539 2161 3601 etiam
2223 3540 2482 3600 modum
2545 3538 2950 3601 relaxationis
3008 3540 3288 3601 excedat.
3350 3541 3467 3603 Per

1971 3657 2162 3719 quam
2213 3637 2703 3718 inaequalitatem
2748 3638 2886 3699 sine
2927 3637 3121 3701 dubio
3164 3638 3467 3720 impedie-

1971 3743 2075 3798 tur
2104 3756 2140 3797 a
2170 3734 2544 3816 planissimo
2586 3742 2751 3796 statu
2795 3735 3272 3816 'tranquillitatis
3316 3756 3471 3818 prae-

1971 3834 2156 3896 dictae
2202 3851 2216 3894 :
2260 3851 2431 3895 nunc
2481 3832 2681 3894 nimia
2728 3832 3140 3896 evacuatione
3189 3840 3253 3896 et
3300 3832 3469 3898 fame

1973 3931 2362 4004 debilitatuS,
2408 3949 2579 3993 nunc
2629 3948 2779 3992 vero
2827 3930 3273 3995 abundantiori
3324 3933 3469 3995 cibo

1971 4030 2305 4092 distentus·
2361 4029 2517 4092 Cum
2567 4028 2915 4091 variatione
2974 4048 3249 4111 namque
3307 4030 3468 4094 refe-

1973 4128 2224 4202 ctioniS,
2260 4146 2517 4189 necesse
2556 4134 2652 4189 est
2690 4126 2918 4189 variari
2961 4127 3189 4190 animae
3229 4130 3465 4209 purita-

1892 4226 1941 4287 D
1973 4233 2118 4286 tem.
2150 4225 2390 4288 Deinde
2420 4224 2779 4287 adhibenda
2806 4243 2879 4285 ac
2912 4228 3341 4291 conservanda
3371 4236 3466 4289 est

1969 4323 2139 4405 jugis
2199 4322 2526 4384 humilitas
2584 4330 2649 4384 et
2707 4322 3102 4385 incessabilis
3161 4324 3465 4405 patientia

1971 4421 2403 4502 cordiS,atque
2434 4420 2675 4482 intenta
2704 4421 2946 4483 cautela
2974 4422 3276 4484 adversus
3307 4424 3463 4485 iram

1971 4539 2043 4581 ac
2075 4527 2315 4581 ceteras
2346 4518 2690 4600 passiones
2725 4519 2883 4581 Nam
2925 4518 3035 4580 ubi
3066 4519 3261 4582 fuerit
3287 4522 3465 4584 virus

1973 4736 2084 4777 um
2125 4714 2405 4777 introire.
2443 4714 2602 4776 Ante
2642 4715 2856 4777 omnia
2888 4733 3142 4797 quoque
3183 4735 3469 4781 necessa-

1974 4815 2068 4877 ria
2097 4821 2193 4876 est
2224 4813 2492 4895 pervigil
2526 4812 2889 4875 sollicitudo
2920 4814 2987 4874 in
3020 4821 3222 4877 nocte.
3244 4816 3470 4888 Quem-

1974 4912 2318 4975 admodum
2368 4910 2538 4973 enim
2591 4909 2877 4972 custodia
2926 4912 3295 4993 puritasque
3343 4914 3470 4975 diei

1975 5011 2052 5072 ad
2095 5009 2446 5071 castitatem
2490 5007 2770 5089 disponit
2809 5016 3207 5083 nocturnam,
3242 5010 3328 5072 ita
3368 5029 3473 5074 no-

1978 5116 2218 5171 cturnae
2267 5106 2501 5187 vigiliae
2560 5112 2915 5187 praeparant
2961 5124 3034 5167 ac
3094 5106 3473 5189 impendunt

1978 5206 2173 5269 robur
2214 5212 2276 5267 et
2318 5204 2775 5267 solidissimum
2820 5210 3051 5265 statum
3099 5206 3295 5279 cordi,
3330 5225 3473 5269 con-

1981 5303 2323 5367 versationi
2365 5311 2427 5365 et
2470 5300 2893 5365 observationi
2939 5301 3199 5365 diurnae.
