4359 6267
859 524 980 590 492

857 711 1188 784 Capitulum
1217 714 1281 767 V.
1313 711 1478 777 Quod
1515 712 1573 766 et
1609 708 1796 765 desidi
1832 707 2054 765 vocatio
2091 707 2207 780 pri-

775 790 792 807 ‘
929 816 1030 856 ma
1057 816 1174 857 non
1205 799 1404 872 prosit,
1427 802 1484 855 et
1512 800 1748 855 strenuo
1773 801 2068 870 postrema
2093 813 2211 852 non

929 888 1080 945 obsit
1164 928 2206 945 ............
2253 885 2356 940 165

857 976 1190 1049 Capitulum
1237 978 1322 1034 VI.
1354 975 1648 1049 Expositio
1691 975 1872 1031 trium
1916 973 2214 1031 renuntia-

929 1067 1156 1125 tionum
1167 1107 2209 1125 ............
2253 1063 2357 1118 165

860 1156 1190 1229 Capitulum
1249 1159 1294 1211 V
1299 1158 1363 1213 ll.
1413 1155 1672 1222 Qualiter
1727 1153 2217 1227 apprehendenda

928 1245 1004 1301 sit
1037 1244 1311 1317 perfectio
1349 1244 1716 1317 singularum
1757 1241 2216 1300 abrenuntiatio-

932 1350 1074 1390 num
1117 1334 1364 1391 istarum
2199 1375 2211 1387 .

860 1422 1190 1496 Capitulum
1242 1423 1384 1478 VIII.
1435 1423 1511 1479 De
1567 1420 1818 1494 propriis
1872 1419 2105 1486 divitiis,
2155 1420 2217 1476 in

931 1512 1144 1585 quibus
1171 1510 1436 1567 consistit
1462 1510 1679 1567 animae
1717 1509 2089 1583 pulchritudo
2117 1513 2220 1566 aut

933 1598 1160 1657 foeditas
1168 1642 2212 1656 ............
2261 1599 2363 1654 168

859 1688 1188 1760 Capitulum
1242 1690 1328 1744 IX.
1369 1690 1448 1746 De
1490 1688 1780 1761 tripartito
1826 1704 2032 1761 genere
2073 1687 2217 1743 divi—

929 1777 1147 1834 tiarum
1167 1820 2209 1834 ............
2257 1775 2361 1831 168

857 1866 1186 1939 Capitulum
1219 1868 1282 1924 Χ.
1312 1868 1478 1933 Quod
1508 1868 1706 1925 nullus
1735 1866 1915 1940 possit
1943 1883 2065 1923 esse
2095 1883 2219 1939 per·
2284 1868 2295 1873 '

929 1956 1114 2013 fectus
1140 1973 1211 2014 ex
1243 1956 1433 2029 primo
1473 1959 1701 2014 tantum
1735 1956 1920 2029 gradu
1953 1955 2217 2013 renunti-

929 2046 1142 2102 ationis
1174 2089 2211 2102 ............
2256 2045 2359 2101 169

857 2135 1188 2207 Capitulum
1219 2136 1307 2191 XI.
1341 2135 1723 2209 iuterrogatio
1757 2136 1828 2193 de
1853 2136 2035 2192 libero
2063 2134 2216 2191 arbi-

927 2223 1039 2279 trio
1068 2224 1326 2280 hominis
1354 2229 1410 2283 et
1440 2225 1627 2298 gratia
1655 2224 1755 2281 Dei
1825 2268 2211 2281 .....
2259 2225 2361 2282 170

857 2312 1188 2386 Capitulum
1227 2314 1343 2370 XII.
1378 2313 1692 2387 Responsio
1732 2314 1802 2371 de
1834 2313 2217 2387 dispensatio-

931 2419 1004 2459 ne
1054 2402 1254 2474 gratiae
1301 2403 1420 2468 Dei,
1455 2405 1728 2459 manente
1775 2402 1943 2460 liberi
1988 2402 2216 2459 arbitrii

2259 1331 2359 1387 166

932 2492 1227 2548 voluntate
1269 2535 2211 2549 ...........
2255 2492 2360 2551 170

857 2580 1190 2653 Capitulum
1210 2582 1352 2637 XIII.
1377 2582 1542 2647 Quod
1572 2581 1813 2639 directio
1843 2579 1974 2638 vitae
2001 2584 2218 2639 nostroe

929 2670 1005 2725 sit
1030 2686 1100 2727 ex
1131 2671 1245 2727 Deo
1265 2714 2209 2728 ...........
2255 2672 2354 2728 171

856 2758 1185 2830 Capitulum
1225 2759 1344 2814 XIV
1405 2762 1569 2825 Quod
1609 2759 1851 2817 scientia
1888 2760 2032 2833 legis
2075 2758 2215 2815 divi-

928 2863 1020 2903 nae
1065 2846 1399 2905 conseratur
1441 2848 1872 2906 illuminatione
1915 2865 1983 2904 ac
2025 2846 2214 2919 magi-

927 2935 1100 2993 sterio
1133 2936 1230 2993 Dei
1266 2981 2209 2994 ...........
2254 2936 2353 2993 171

857 3025 1186 3097 Capitulum
1227 3027 1338 3083 XV.
1373 3028 1540 3092 Quod
1577 3044 1610 3082 a
1649 3027 1764 3083 Deo
1804 3028 2095 3083 donentur
2126 3026 2215 3081 in-

930 3113 1194 3171 tellectus
1242 3132 1358 3187 quo
1416 3132 1727 3188 possumus
1785 3116 2062 3171 mandata
2113 3114 2212 3171 Dei

928 3220 1292 3276 cognoscere,
1325 3208 1382 3263 et
1409 3207 1577 3262 bonae
1602 3204 1916 3262 voluntatis
1953 3204 2211 3260 affectus.
2255 3203 2353 3258 171

856 3293 1186 3365 Capitulum
1227 3296 1366 3350 XVI.
1408 3296 1573 3360 Quod
1619 3293 1942 3350 moderatio
1980 3296 2039 3349 et
2074 3292 2215 3349 tole-

923 3382 1117 3438 rantia
1143 3383 1530 3440 tentationum
1561 3382 1853 3439 tribuatur
1876 3399 1912 3438 a
1941 3382 2207 3437 Domino.
2253 3382 2355 3437 173

853 3470 1182 3542 Capitulum
1214 3472 1377 3527 XVII.
1402 3473 1567 3537 Quod
1598 3471 1951 3544 perpetuitas
1980 3471 2209 3527 timoris

923 3560 1024 3616 Dei
1055 3560 1222 3616 nobis
1251 3577 1285 3617 a
1315 3560 1561 3617 Domino
1600 3560 1932 3618 conferatur
2009 3604 2021 3616 .
2100 3605 2112 3617 .
2194 3606 2205 3617 .
2251 3561 2354 3617 173

852 3649 1183 3722 Capitulum
1215 3650 1403 3706 XVIII.
1438 3652 1601 3716 Quod
1642 3650 1877 3707 initium
1918 3651 2087 3707 bonae
2112 3666 2210 3705 vo-

921 3739 1164 3796 luntatis
1190 3742 1248 3797 et
1285 3739 1716 3796 consummatio
1752 3741 1880 3813 ejus
1903 3756 1940 3797 a
1968 3740 2083 3796 Deo
2111 3738 2203 3795 sit.
2248 3739 2350 3795 173

851 3828 1184 3900 Capitulum
1225 3829 1362 3885 XIX.
1395 3830 1562 3896 Quod
1599 3828 1744 3886 nihil
1788 3832 2022 3902 geratur
2049 3846 2084 3885 a
2113 3844 2215 3885 no·

926 3917 1016 3973 bis
1045 3917 1104 3974 in
1135 3920 1358 3975 mundo
1387 3918 1496 3974 hoc
1533 3918 1658 3975 sine
1693 3918 1809 3975 Deo
1815 3962 2201 3975 .....
2255 3920 2358 3976 174

853 4007 1184 4079 Capitulum
1208 4009 1320 4063 XX.
1347 4008 1604 4080 Objectio
1633 4009 1705 4065 de
1736 4010 2013 4080 potestate
2043 4007 2210 4066 liberi

927 4097 1154 4153 arbitrii
1170 4141 2207 4155 ............
2254 4099 2357 4156 174

857 4186 1187 4259 Capitulum
1227 4187 1364 4243 XXI.
1397 4187 1732 4260 Responsio,
1765 4189 1920 4260 quod
1960 4188 2213 4245 liberum

929 4274 1237 4333 arbitrium
1269 4280 1534 4335 nostrum
1563 4292 1794 4349 semper
1822 4276 2082 4349 indigeat
2108 4277 2212 4333 ad-

920 4363 1145 4437 jutorio
1179 4365 1280 4423 Dei
1354 4408 2208 4423 ..........
2254 4365 2357 4423 174

860 4544 1159 4608 Commo
1187 4561 1434 4616 onaan
1461 4545 1752 4625 (Abbatis
1780 4546 2102 4625 Danielis).
2130 4546 2216 4608 De

939 4633 1458 4715 concupiscentia
1487 4633 1696 4695 carnis
1725 4642 1789 4695 et
1818 4634 2112 4716 spirituS.
2196 4686 2209 4699 .
2254 4643 2357 4699 176

855 4801 1185 4874 Capitulum
1219 4800 1260 4857 1.
1292 4802 1370 4858 De
1406 4800 1524 4857 vita
1561 4802 1786 4858 abbatis
1825 4802 2112 4860 Danielis.
2194 4848 2206 4859 .
2251 4805 2355 4859 176

854 4891 1186 4965 Capitulum
1226 4891 1294 4947 II.
1329 4890 1650 4962 Inquisitio,
1683 4892 1837 4949 unde
1876 4891 2095 4949 oriatur
2125 4909 2213 4950 re-

930 4982 1168 5054 pentina
1205 4980 1524 5037 commotio
1563 4980 1850 5038 mentium
1891 4980 1963 5037 ab
2007 4981 2211 5039 ineffa-

926 5072 1028 5129 bili
1058 5070 1272 5145 gaudio
1301 5072 1375 5127 ad
1416 5070 1852 5128 moestissimam
1893 5071 2083 5127 cordis
2111 5073 2211 5129 de-

829 5178 839 5187 ‘
917 5162 1236 5236 jectionem
1265 5204 2207 5218 ...........
2253 5163 2357 5218 176

856 5252 1186 5325 Capitulum
1228 5254 1319 5307 III.
1350 5250 1669 5324 Responsio
1707 5267 1880 5323 super
1911 5252 2018 5309 hac
2055 5268 2213 5325 quae-

929 5342 1115 5399 stione
1167 5385 2207 5399 ............
2254 5343 2356 5399 176

2125 540 2312 587 mnnx
2354 539 2690 586 GaNssnAus

2462 705 2792 779 Capitulum
2823 706 2911 761 IV.
2944 706 3108 773 Quod
3149 705 3363 778 duplex
3394 704 3469 762 sit
3497 721 3671 763 causa
3702 704 3820 761 dis-

2535 794 2893 867 pensationis
2922 812 2991 852 ac
3020 794 3379 867 probationis
3418 794 3629 851 divina}
3706 840 3718 851 .
3804 836 3816 849 .
3861 793 3968 849 177

2463 884 2791 956 Capitulum
2833 885 2896 940 V.
2935 885 3098 951 Quod
3138 883 3400 941 studium
3436 876 3498 940 'et
3534 882 3825 941 industria

2536 976 2735 1029 nostra
2773 972 2857 1028 nil
2894 973 3083 1030 valeat
3118 971 3245 1029 sine
3283 970 3576 1046 adjutorio
3594 971 3727 1029 ·Dei.
3807 1015 3819 1027 .
3865 972 3973 1027 177

2464 1062 2795 1134 Capitulum
2830 1063 2919 1118 VI.
2952 1064 3116 1128 Quod
3157 1061 3297 1119 utile
3336 1061 3504 1120 nobis
3538 1061 3616 1118 sit
3652 1060 3829 1119 inter-

2537 1152 2680 1208 dum
2712 1168 2746 1207 a
2776 1153 2890 1207 Deo
2920 1151 3086 1224 quasi
3121 1150 3373 1223 relinqui
3435 1194 3823 1207 .....
3869 1152 3975 1207 177

2466 1240 2797 1314 Capitulum
2836 1241 2951 1297 VII.
2986 1242 3063 1297 De
3101 1240 3349 1297 utilitate
3388 1257 3601 1313 pugnoe
3648 1257 3826 1313 quam

2536 1329 2702 1403 ponit
2739 1327 3047 1402 Apostolus
3085 1328 3146 1384 in
3186 1328 3593 1386 colluctatione
3633 1328 3829 1385 carnis

2536 1421 2596 1476 et
2631 1418 2872 1490 spiritus
2876 1461 3822 1475 ...........
3868 1419 3974 1475 178

2466 1507 2795 1580 Capitulum
2827 1508 2971 1562 VIII.
3000 1505 3150 1573 Quid
3188 1506 3264 1563 sit
3290 1508 3447 1578 quod
3483 1505 3542 1562 in
3573 1506 3827 1580 capitulo

2540 1598 2796 1669 quodam
2846 1596 3124 1669 Apostoli,
3156 1594 3327 1653 tertia
3371 1596 3685 1670 adjiciatur
3728 1613 3826 1653 vo·

2538 1685 2751 1751 luntas,
2793 1688 2923 1758 post
2968 1683 3471 1757 concupiscentias
3517 1685 3711 1742 carnis
3758 1702 3827 1742 ac

2536 1774 2775 1847 spiritus
2804 1774 2915 1831 sibi
2944 1773 3194 1831 invicem
3223 1776 3631 1833 adversantes.
3693 1798 3727 1832 ·.
3810 1820 3823 1832 .
3868 1776 3975 1832 178

2466 1864 2795 1937 Capitulum
2830 1865 2918 1920 IX.
2952 1864 3269 1936 Responsio
3295 1864 3365 1921 de
3404 1864 3701 1923 intellectu
3731 1882 3827 1923 re-

2538 1957 2626 2011 cte
2666 1952 3081 2026 interrogantis
3154 1996 3821 2012 ........
3866 1956 3974 2013 179

2466 2043 2797 2116 Capitulum
2824 2044 2888 2097 X.
2921 2043 3087 2109 Quod
3115 2042 3467 2100 vocabulum
3508 2044 3702 2102 carnis
3730 2061 3825 2101 ac-

2537 2132 2788 2205 cipiatur
2814 2131 3019 2190 multis
3048 2132 3240 2188 modis
3247 2175 3819 2191 .......
3866 2134 3972 2190 179

2464 2221 2794 2295 Capitulum
2826 2222 2914 2276 XI.
2948 2220 3100 2286 Quid
3129 2220 3239 2277 hoc
3271 2221 3397 2278 loco
3434 2222 3664 2281 dicatur
3692 2240 3827 2281 caro

2536 2312 2607 2367 ab
2637 2311 2942 2383 Apostolo;
2974 2312 3032 2367 et
3060 2310 3201 2383 quid
3241 2310 3318 2367 sit
3354 2312 3828 2385 concupiscentia

2538 2400 2777 2474 spiritus
2783 2444 3821 2460 ............
3867 2403 3973 2459 179

2464 2490 2795 2563 Capitulum
2842 2492 2957 2547 XII.
3005 2493 3146 2557 Quae
3192 2489 3267 2546 sit
3309 2491 3581 2550 voluntas
3626 2496 3825 2552 nostra

2537 2596 2668 2652 quae
2722 2580 2876 2637 inter
2922 2578 3456 2653 concupiscentiam
3514 2582 3708 2638 carnis
3751 2600 3823 2639 ac

2536 2669 2776 2743 spiritus
2806 2669 3045 2743 ponitur
3058 2712 3818 2730 .........
3863 2675 3968 2731 180

2464 2758 2795 2831 Capitulum
2842 2761 2985 2816 XIII.
3019 2761 3097 2817 De
3140 2759 3389 2817 utilitate
3436 2762 3826 2819 cunctationis

2541 2864 2644 2906 seu
2692 2864 2874 2905 moroe
2911 2865 3043 2921 quae
3085 2849 3271 2907 oritur
3306 2867 3373 2908 ex
3416 2849 3823 2911 colluctatione

2537 2928 2729 2993 carnis
2757 2942 2815 2994 et
2842 2937 3083 3010 spiritus
3154 2979 3820 2999 ........
3865 2943 3963 3000 181
3998 2990 4001 2993 .

2467 3026 2797 3098 Capitulum
2844 3028 2981 3081 XIV.
3014 3028 3093 3083 De
3136 3028 3553 3085 inemendabili
3602 3030 3829 3088 malitia

2536 3116 2931 3188 spiritualium
2983 3116 3379 3188 nequitiarum
3434 3162 3821 3179 .....
3868 3124 3970 3179 182

2462 3204 2794 3277 Capitulum
2824 3206 2934 3260 XV.
2967 3205 3117 3270 Quid
3150 3206 3316 3262 nobis
3345 3208 3528 3278 prosit
3556 3210 3827 3283 concupi·

2536 3294 2757 3351 scentia
2795 3294 2988 3350 carnis
3026 3296 3302 3352 adversus
3338 3295 3633 3368 spiritum.
3714 3344 3727 3355 .
3808 3346 3819 3357 .
3867 3302 3970 3357 182

2463 3383 2793 3456 Capitulum
2823 3385 2959 3440 XVI.
2992 3385 3071 3441 De
3113 3384 3418 3442 incentivis
3456 3387 3667 3453 carnis,
3700 3389 3827 3461 qui-

2536 3473 2644 3529 bus
2692 3473 2804 3529 nisi
2852 3472 3305 3531 humiliaremur
3346 3475 3579 3547 gravius
3621 3493 3824 3548 pecca—

2535 3579 2733 3620 remus
2775 3606 3722 3623 ...........
3807 3613 3820 3626 .
3865 3570 3970 3627 182

2462 3652 2795 3726 Capitulum
2834 3652 2996 3709 XVII.
3040 3655 3116 3711 De
3158 3656 3563 3714 eunuchorum
3602 3660 3819 3731 tepore.
3867 3661 3970 3717 183

2462 3742 2794 3814 Capitulum
2826 3742 3015 3798 XVIII.
3049 3744 3447 3817 InterrogatiO,
3480 3745 3621 3817 quid
3650 3744 3827 3803 inter·

2535 3832 2610 3889 sit
2646 3831 2800 3889 inter
2828 3832 3123 3889 carnalem
3162 3836 3219 3890 et
3256 3834 3574 3892 animalem
3618 3880 3630 3892 .
3712 3880 3723 3892 .
3806 3882 3818 3894 .
3866 3839 3968 3895 183

2464 3920 2793 3994 Capitulum
2835 3922 2973 3977 XIX.
3018 3923 3095 3979 De
3132 3921 3347 3996 triplici
3387 3926 3543 3982 statu
3584 3924 3820 3982 animae.
3865 3928 3970 3984 183

2464 4009 2794 4083 Capitulum
2822 4010 2934 4065 XX.
2960 4011 3036 4068 De
3068 4012 3220 4070 male
3249 4013 3820 4072 abrenuntiantibus.
3865 4017 3970 4074 184

2463 4098 2793 4171 Capitulum
2852 4099 2989 4156 XXI.
3039 4100 3117 4157 De
3170 4101 3261 4157 his
3314 4102 3414 4174 qui
3472 4104 3825 4177 contemptis

2537 4188 2787 4261 magnis,
2827 4192 3189 4261 occupantur
3228 4190 3288 4246 in
3329 4192 3537 4264 parvis.
3618 4238 3629 4248 .
3710 4238 3723 4250 .
3804 4238 3817 4251 .
3863 4195 3970 4252 185

2463 4368 2763 4433 Com-rio
2804 4385 3033 4441 Qum-m
3067 4368 3362 4449 (Abbatis
3410 4371 3819 4454 Serapionis).

2544 4458 2633 4521 De
2662 4466 2887 4520 natura
2916 4458 3243 4534 vitiorum,
3264 4460 3585 4542 praecipue
3605 4468 3821 4524 tamen

2545 4548 2623 4609 de
2652 4554 2795 4610 octo
2823 4546 2997 4609 vitiis
3028 4547 3410 4629 capitalibus
3426 4601 3813 4618 .....
3860 4562 3969 4619 187

2463 4716 2795 4790 Capitulum
2844 4718 2884 4772 I.
2915 4717 3212 4774 Adventus
3258 4722 3456 4776 noster
3492 4721 3568 4776 ad
3608 4722 3818 4779 cellam

2534 4805 2762 4862 abbatis
2797 4804 3146 4877 Serapionis,
3178 4809 3237 4863 et
3272 4806 3575 4880 inquisitio
3604 4810 3676 4867 de
3716 4811 3820 4867 im-

2534 4894 2889 4969 pugnatione
2919 4910 2987 4951 ac
3017 4896 3329 4967 generibus
3357 4895 3637 4955 vitiorum
3708 4943 3720 4955 .
3800 4946 3813 4959 .
3860 4902 3967 4959 187

2463 4984 2794 5057 Capitulum
2827 4984 2896 5039 Il.
2928 4984 3196 5041 Narratio
3225 4985 3558 5057 Serapionis
3586 4988 3657 5045 de
3688 4992 3817 5045 octo

2534 5071 2956 5148 principalibus
2982 5072 3137 5129 vitiis
3144 5118 3811 5136 ........
3859 5081 3967 5138 187

2463 5164 2793 5237 Capitulum
2825 5164 2919 5218 111.
2954 5163 3031 5219 De
3060 5164 3290 5222 duobus
3320 5166 3629 5237 generibus
3656 5166 3819 5225 vitio-

2533 5271 2687 5319 rum,
2718 5255 2776 5311 et
2814 5252 3181 5325 quadruplici
3220 5255 3425 5312 effectu
3462 5272 3666 5314 eorum
3708 5301 3719 5314 .
3802 5303 3815 5315 .
3862 5260 3969 5317 187

2464 5343 2793 5416 Capitulum
2844 5343 2932 5398 IV.
2982 5343 3401 5415 Recapitulatio
3456 5346 3528 5403 de
3581 5346 3717 5420 gula
3762 5351 3820 5405 et
