4359 6267
933 533 1349 581 couArloNtm
1391 535 1476 580 SS.
1511 533 1755 580 PATRUM
1797 533 1972 580 LIBER
2013 532 2074 579 11.
2122 552 2202 561 —
2242 529 2529 581 COLLATIO
2568 534 2721 580 xvm

3259 511 3379 578 345

299 699 620 762 utilissima
655 720 729 763 ac
765 701 1184 766 saluberrima
1217 711 1488 779 exstant,
1522 711 1773 787 reputet
1801 704 1852 767 A
1883 703 2351 785 praedicationis
2386 704 2851 787 Apostolorum.
2884 703 3041 766 Nam
3076 702 3220 766 talis
3253 703 3378 766 fuit

299 796 603 880 superflua
633 806 697 861 et
726 801 990 880 nociva3
1021 803 1242 885 sicque
1272 802 1540 864 callidus
1572 802 1770 865 hostis

297 895 500 958 illudet
558 900 1042 981 praesumptioni
1093 901 1316 983 ipsiuS,
1371 908 1440 961 ut
1497 900 1770 983 pertina-

296 995 438 1056 citer
480 996 847 1060 inhaerendo
893 998 1378 1061 definitionibus
1430 999 1586 1070 suiS,
1634 1017 1773 1079 per-

295 1094 529 1156 suadeat
561 1095 685 1157 sibi
717 1097 840 1159 hoc
879 1098 1314 1160 tantummodo
1349 1105 1640 1158 sanctum
1677 1115 1770 1158 es-

294 1210 366 1266 se,
390 1194 552 1274 quod
583 1194 720 1282 ipse
749 1194 1132 1275 judicaverit
1161 1195 1608 1257 obstinationis
1639 1213 1769 1256 suae

295 1308 486 1352 errore
529 1310 666 1354 esse
710 1299 918 1354 ratum
961 1312 1034 1355 ac
1075 1293 1342 1373 justum.

679 1473 1185 1576 CAPITULUM
1239 1512 1354 1576 1v.

453 1634 538 1688 De
565 1633 764 1690 tribus
791 1633 1117 1705 yeneribus
1145 1633 1586 1690 monachorum.

427 1785 551 1849 INC
587 1785 796 1868 primo
833 1786 1078 1849 debetis
1116 1805 1456 1868 agnoscere
1493 1784 1767 1867 qualiter

1880 803 2090 864 omnis
2133 802 2244 864 illa
2283 803 2627 866 multitudo
2666 803 3064 865 credentium
3104 803 3169 864 in
3206 803 3375 865 Jero-

1879 900 2163 983 solymiS,
2212 921 2353 983 quae
2392 903 2457 963 in
2496 901 2761 963 Actibus
2800 901 3243 984 Apostolorum
3291 903 3377 962 ita

1879 998 2264 1061 describitur
2297 1020 2311 1063 ε
2345 999 2767 1062 Multitudinis
2807 1000 3203 1062 credentium
3241 1007 3376 1062 erat
3405 1017 3664 1123 §2⁶3ngss

1879 1112 1988 1157 cor
2029 1116 2227 1158 unum
2276 1105 2341 1158 et
2382 1098 2595 1158 anima
2638 1115 2803 1176 una;
2848 1115 2964 1159 nec
3008 1098 3372 1178 quisquam,

1879 1211 2100 1255 eorum
2144 1215 2287 1276 quae
2338 1195 2699 1278 possidebat
2743 1195 2985 1276 aliquid
3048 1215 3235 1258 suum
3279 1211 3387 1257 es-·

1880 1311 1946 1353 se
1990 1293 2261 1369 dicebat,
2296 1295 2405 1356 sed
2448 1302 2626 1356 erant
2666 1294 2792 1356 illis
2836 1294 3053 1356 omnia
3090 1312 3373 1356 commu-

1878 1390 2000 1452 nia.
2021 1391 2452 1454 Possessiones
2483 1399 2545 1454 et
2576 1391 2961 1455 substantias
2991 1392 3371 1467 vendebant,

1880 1488 2335 1551 distribuentes
2384 1509 2492 1553 eas
2540 1489 2865 1564 omnibuS‚
2910 1499 3100 1572 prout
3142 1491 3375 1572 cuique

1879 1604 2040 1668 opus
2075 1595 2226 1649 erat.
2262 1587 2339 1650 Et
2375 1589 2603 1650 iterum
2630 1606 2643 1649 :
2668 1588 2797 1650 Nec
2828 1589 3003 1651 enim
3034 1589 3375 1671 quisquam
3404 1605 3671 1659 masaa.

1879 1703 2070 1766 egens
2109 1693 2243 1748 erat
2275 1686 2440 1749 inter
2475 1687 2648 1766 illos3
2681 1695 2993 1770 quotquot
3027 1687 3200 1750 enim
3236 1705 3377 1769 pos-

1879 1801 2154 1846 sessores
2187 1803 2483 1865 agrorum
2513 1794 2620 1847 aut
2650 1787 2976 1848 domorum
3010 1794 3209 1860 erant,
3234 1806 3379 1848 ven-

443 1892 506 1946 et
535 1885 701 1946 unde
742 1885 898 1947 ordo
935 1891 1124 1967 atque
1163 1886 1495 1948 exordium
1537 1893 1766 1946 nostrae
1803 1880 1852 1943 B
1880 1883 2099 1944 dentes
2145 1883 2502 1946 afferebant
2548 1884 2749 1966 pretia
2790 1902 3012 1947 eorum
3051 1905 3193 1967 quae
3229 1905 3377 1947 ven-

293 1981 686 2061 professionis
739 1984 1113 2066 inceperint.
1167 1985 1342 2047 Tunc
1392 1984 1566 2046 enim
1620 1982 1765 2064 quis

291 2081 505 2158 poterit
545 2080 877 2145 efficacius
919 2082 1171 2164 assequi
1217 2083 1625 2164 disciplinam
1668 2098 1766 2142 ar-

293 2176 363 2237 tis
392 2178 775 2254 desideratae,
810 2187 872 2242 et
907 2180 984 2241 ad
1021 2181 1438 2243 exercendam
1473 2179 1763 2242 eamdem

293 2275 536 2338 excitari
574 2278 922 2352 ardentiuS,
956 2299 1158 2360 quum
1197 2278 1522 2360 agnoverit
1561 2260 1764 2359 digni-

297 2381 470 2437 tatem
498 2385 828 2440 auctorum
858 2396 932 2440 ac
963 2377 1371 2440 fundatorum
1405 2377 1626 2459 ipsius.
1652 2378 1767 2439 lta-

295 2491 404 2551 que
438 2475 556 2536 tria
589 2483 736 2537 sunt
767 2476 834 2537 in
863 2478 1133 2559 AEgypto
1166 2495 1398 2558 genera
1432 2477 1768 2539 monacho-

295 2589 444 2640 rum,
493 2592 762 2654 quorum
815 2575 942 2637 duo
991 2581 1140 2636 sunt
1188 2575 1451 2656 optima,
1504 2575 1764 2637 tertium

293 2688 426 2732 vcro
475 2673 757 2754 tepidum
807 2681 871 2735 et
919 2674 1183 2736 omniuo
1233 2673 1583 2736 vitandum.
1639 2673 1765 2736 Pri-

293 2787 452 2831 mum
480 2777 572 2832 est
602 2771 1089 2846 coenobitarum,
1109 2772 1216 2854 qui
1250 2772 1496 2834 scilicet
1526 2773 1592 2834 in
1625 2791 1767 2835 con-

289 2869 628 2949 gregatione
659 2871 896 2953 pariter
925 2879 1392 2946 conversanteS,
1415 2870 1766 2953 gubernan-

291 2973 381 3028 tur
398 2967 636 3047 judicio
665 2971 857 3032 unius
888 2971 1270 3052 superioris:
1297 2971 1482 3052 cujus
1512 2970 1763 3052 generis

290 3073 374 3126 est
419 3068 726 3130 maximus
782 3087 1088 3130 numerus
1145 3070 1601 3132 monachorum
1652 3069 1760 3151 qui
1800 3069 1845 3134 C
1877 3085 2041 3139 rum,
2083 3065 2208 3128 nisi
2263 3074 2329 3127 ut
2379 3065 2771 3128 abstinerent
2818 3066 2897 3128 ab
2947 3066 3370 3129 immolatitiis
3398 3075 3663 3128 ibid-xmo-

291 3180 390 3242 per
413 3165 769 3229 universam
799 3174 1123 3230 morantur
1145 3169 1504 3249 AEgyptum.
1533 3167 1764 3230 Secun-

291 3261 428 3324 dum
462 3267 1006 3340 anachoretarum,
1045 3267 1155 3348 qui
1198 3266 1407 3348 primo
1449 3267 1513 3328 in
1558 3284 1764 3329 coeno-

293 3357 400 3422 biis
428 3363 694 3426 instituti
721 3371 790 3426 et
811 3365 1160 3438 exercitati,
1188 3365 1440 3446 jamque
1467 3365 1532 3426 in
1557 3363 1763 3427 activa

291 3463 744 3526 conversatione
787 3463 1075 3546 perfecti,
1113 3463 1359 3544 eligunt
1398 3462 1760 3525 solitudinis

289 3555 486 3622 abdita
523 3569 580 3623 et
623 3570 868 3625 secreta
902 3581 916 3626 ε
961 3561 1145 3643 cujus
1188 3560 1602 3643 professionis
1647 3579 1760 3623 nos

291 3673 524 3740 quoque
561 3668 856 3743 optamus
895 3679 1032 3722 esse
1075 3660 1437 3742 participes.
1478 3659 1760 3721 Tertium

290 3763 374 3817 cst
400 3759 893 3840 reprehensibile
923 3779 1122 3842 genus
1153 3758 1641 3822 Sarabaitarum.
1673 3759 1761 3820 De

290 3854 504 3933 quibus
543 3877 652 3940 per
689 3859 982 3921 ordinem
1021 3857 1349 3940 sigillatim
1388 3856 1696 3920 dicemus.

357 3952 562 4037 ltaque
601 3956 969 4019 fundatores
1011 3957 1236 4018 harum
1283 3956 1478 4018 trium
1523 3955 1762 4038 profes-

289 4051 526 4116 sionum
580 4055 826 4118 debetis
889 4057 1096 4138 primo
1157 4073 1560 4137 cognoscere,
1612 4056 1764 4137 quia

290 4169 356 4211 ex
392 4152 508 4215 hoc
549 4154 780 4236 poterit
821 4154 1003 4217 vobis
1051 4154 1204 4217 oriri
1253 4154 1471 4216 odium
1521 4153 1761 4236 profes-

1879 1981 2135 2056 debant,
2177 1990 2242 2044 et
2282 1983 2602 2064 ponebant
2639 1990 2785 2045 ante
2826 1983 3019 2065 pedes
3048 1983 3376 2066 Apostolo-

1880 2099 2074 2159 rum;
2125 2081 2529 2144 dividebatur
2576 2088 2789 2144 autem
2840 2083 3131 2164 singulis,
3186 2091 3377 2164 prout

1879 2178 2109 2260 cuique
2141 2197 2301 2261 opus
2332 2187 2483 2242 erat.
2519 2179 2706 2254 Talis,
2743 2179 3025 2262 iuquam,
3060 2188 3195 2243 erat
3222 2189 3375 2242 tunc

1877 2277 2086 2338 omnis
2127 2277 2429 2351 Ecclesia,
2462 2278 2681 2360 quales
2721 2297 2893 2340 nunc
2924 2297 3275 2361 perpaucos
3308 2278 3374 2340 in

1880 2375 2189 2438 coenobiis
2232 2377 2507 2438 inveniri
2547 2375 2817 2438 difficile
2856 2385 2969 2438 est.
3015 2377 3135 2440 Sed
3173 2396 3373 2460 quum

1876 2481 2018 2554 post
2042 2474 2395 2537 discessum
2426 2474 2873 2556 Apostolorum
2902 2483 3223 2557 tepescere
3254 2494 3376 2539 coe·

1877 2573 2071 2654 pisset
2117 2572 2461 2635 multitudo
2503 2573 2921 2647 credentium,
2972 2573 3079 2635 illa
3124 2593 3377 2654 praeser-

1876 2671 1990 2732 tim
2042 2691 2185 2753 quae
2232 2689 2311 2733 ex
2358 2672 2712 2753 gentilitate
2761 2672 2839 2734 ad
2889 2671 3087 2734 fidem
3139 2671 3372 2734 Christi

1874 2769 2188 2832 confluxit
2230 2787 2243 2831 :
2286 2789 2323 2831 a
2362 2770 2596 2853 quibus
2634 2771 2918 2852 Apostoli
2962 2770 3053 2832 nil
3096 2770 3372 2852 amplius

1874 2868 2211 2949 exigebant
2262 2876 2521 2951 propter
2568 2869 2929 2931 rudimenta
2977 2868 3130 2930 fidei
3175 2875 3239 2931 et
3282 2868 3373 2931 in-

1874 2975 2220 3029 veteratam
2252 2968 2774 3030 consuetudinem
2803 2967 3177 3048 gentilitatis
3209 2967 3373 3049 ipso—

1875 3165 2212 3238 idolorum,
2246 3172 2308 3226 et
2346 3163 2787 3238 fornicatione,
2820 3172 2883 3226 et
2922 3162 3274 3239 suffocatiS,
3308 3172 3371 3226 et

1874 3263 2218 3344 sanguine3
2249 3270 2439 3344 atque
2480 3262 2739 3326 libertas
2778 3263 2913 3326 haec
2949 3263 3247 3343 gentibus
3285 3264 3371 3326 in-

1873 3361 2050 3424 dulta
2081 3371 2341 3444 propter
2369 3361 2815 3424 infirmitatem
2848 3361 3240 3424 credulitatis
3270 3380 3371 3425 eo-

1875 3480 2040 3534 rum,
2074 3461 2373 3542 coepisset
2411 3460 2717 3543 paulatim
2758 3459 3190 3522 contaminare
3232 3478 3370 3542 per·

1877 3557 2220 3622 fectionem
2256 3559 2552 3622 Ecclesiae
2590 3577 2732 3641 quae
2758 3558 3165 3641 Jerosolymis
3208 3565 3364 3633 erat,

1875 3665 1939 3719 et
1978 3665 2301 3720 crescente
2338 3657 2624 3738 quotidie
2663 3675 2933 3720 numero
2971 3658 3369 3720 credentium

1875 3763 2004 3818 tam
2061 3756 2395 3838 gentilium
2455 3775 2649 3837 quam
2715 3756 3095 3829 Iudaeorum,
3159 3755 3369 3818 fervor

1874 3853 2029 3916 fidei
2070 3855 2294 3936 primae
2327 3853 2501 3915 illius
2538 3853 2909 3935 frigesceret
2938 3871 2951 3916 τ
2986 3874 3024 3916 a
3056 3854 3264 3936 prima
3297 3854 3369 3915 il-

1877 3953 1935 4014 la
1983 3953 2379 4015 districtione
2429 3951 2618 4013 laxati
2668 3959 2817 4014 sunt
2864 3970 2992 4015 non
3040 3952 3248 4015 solum
3300 3952 3365 4014 hi

1874 4053 1986 4134 qui
2041 4051 2121 4114 ad
2176 4045 2376 4112 fidem
2436 4049 2667 4113 Christi
2724 4049 3194 4125 confluxerunt,
3255 4050 3365 4112 sed

1873 4158 1937 4213 et
1994 4149 2317 4232 principes
2374 4148 2823 4210 Ecclesiarum.
2885 4148 3151 4220 Quidam
3210 4165 3365 4230 quo-

291 4249 468 4314 sionis
515 4254 806 4328 vitandae,
854 4272 930 4315 ac
982 4253 1369 4316 desiderium
1426 4253 1762 4334 professio·
1792 4260 1841 4321 D
1873 4268 1998 4331 que
2042 4248 2478 4312 existimantes
2519 4246 2644 4311 sibi
2676 4245 2866 4309 licere
2901 4246 3069 4329 quod
3109 4247 3363 4328 gentili-

293 4349 378 4410 nis
433 4353 763 4432 sequendae
807 4370 820 4413 :
866 4351 1018 4434 quia
1074 4370 1332 4414 necesse
1389 4358 1485 4413 est
1542 4370 1761 4412 unam-

291 4463 586 4530 quamque
627 4451 800 4512 viam
849 4450 1096 4512 trahere
1145 4469 1334 4511 suum
1383 4457 1757 4512 sectatorem

291 4545 358 4605 ad
390 4545 564 4610 illum
595 4548 796 4611 finem
831 4549 911 4610 ad
945 4566 1137 4631 quem
1177 4555 1397 4610 auctor
1434 4555 1498 4609 et
1538 4547 1757 4610 inven-

289 4649 376 4704 tor
414 4645 608 4727 ipsius
651 4647 962 4729 pervenit.

688 4875 1194 4939 CAPITULUM
1247 4875 1331 4937 V.

284 4993 324 5046 A
362 4994 576 5066 quibus
611 4996 902 5051 instituta
936 4995 1020 5050 sit
1048 4994 1354 5067 professio
1393 5011 1494 5052 seu
1531 4995 1753 5068 religio

782 5083 1237 5140 coenobitarum.

397 5233 917 5305 OENOBITARUM
952 5253 1102 5316 ergo
1139 5234 1480 5317 disciplina
1518 5243 1627 5298 aut
1666 5237 1756 5298 in-

417 5333 654 5398 stitutio
694 5332 972 5415 sumpsit
1019 5333 1350 5397 exordium
1393 5352 1430 5396 a
1470 5341 1756 5416 tempore

520 5468 578 5518 Τ.
613 5469 692 5519 27.

1873 4348 1992 4410 bus
2025 4347 2349 4410 conversis
2373 4345 2674 4409 videbant
2698 4362 3070 4407 concessum
3103 4354 3363 4428 propter

1874 4446 2317 4508 infirmitatem
2346 4463 2588 4518 eorum,
2622 4443 3030 4507 crediderunt
3066 4445 3229 4508 nihil
3259 4447 3363 4509 de-

1871 4545 2154 4607 trimenti
2204 4563 2271 4607 se
2330 4544 2599 4626 perpeti,
2652 4543 2704 4606 si
2764 4543 2965 4605 fidem
3022 4543 3362 4608 confessio—

1869 4661 2144 4726 nemque
2186 4641 2418 4706 Christi
2456 4648 2874 4725 sequerentur
2906 4641 3239 4706 retinendo
3278 4641 3365 4705 fa-

1867 4743 2132 4805 cultates
2174 4749 2366 4823 atque
2409 4740 2793 4803 substantias
2834 4759 3000 4803 suaS.

1955 4841 2143 4904 Porro
2185 4840 2251 4902 hi
2296 4840 2363 4901 in
2406 4839 2640 4922 quibus
2686 4838 2917 4901 mansit
2956 4839 3164 4902 adhuc
3213 4859 3360 4923 apo-

1867 4939 2129 5002 stolicus
2198 4938 2433 5012 fervor,
2504 4954 2819 4999 memores
2890 4936 3064 5001 illius
3137 4940 3362 5020 primae

1867 5037 2299 5121 perfectioniS,
2332 5035 2699 5100 recedentes
2732 5054 2771 5096 a
2800 5035 3166 5099 civitatibus
3202 5038 3357 5114 sui8‚

1866 5137 2329 5218 consortiisque
2374 5135 2628 5198 illorum
2666 5133 2777 5215 qui
2816 5133 3013 5197 vitam
3054 5135 3229 5199 illam
3270 5156 3361 5200 re-

1868 5236 2227 5299 missiorem
2262 5233 2601 5297 credebant
2638 5232 2761 5296 sibi
2800 5241 2865 5296 et
2896 5233 3193 5298 Ecclesiae
3229 5236 3362 5298 lici-

1865 5343 2018 5410 tam,
2057 5341 2391 5417 coeperunt
2430 5349 2831 5396 commanere
2870 5332 2937 5394 in
2976 5331 3358 5396 suburbanis

3050 5465 3109 5516 22
