4359 6267
884 487 1004 551 256
1095 504 1104 512 ·
1601 505 2020 554 conmrionnu
2063 507 2150 552 ss.
2186 506 2431 552 runnu
2470 506 2645 552 mimi
2685 507 2725 552 1.
2771 524 2852 535 —
2894 506 3181 554 coLLArio
3222 504 3285 552 ix

877 675 957 737 sti
989 676 1323 760 exemplis,
1356 677 1662 740 debemus
1695 684 1952 740 cunctas
1987 684 2234 740 nostras
2262 677 2370 740 ob-
2396 677 2449 739 A

876 774 1260 838 secrationes
1320 775 1517 838 simili
1579 775 1767 839 modo
1815 775 2217 850 concludere,
2265 775 2369 838 ad-

631 880 808 926 muh.
870 871 1197 953 jungendo
1227 874 1318 936 eis
1351 893 1603 957 semper
1631 874 1796 936 hanc
1826 891 2046 936 vocem
2074 874 2369 937 :Verum-

582 957 697 996 ’ω’
727 947 792 987 ³⁹·
872 977 1086 1034 tamen
1134 989 1261 1036 non
1311 973 1478 1035 sicut
1524 990 1641 1054 ego
1689 973 1854 1046 volo,
1899 973 2011 1035 sed
2057 973 2225 1034 sicut
2271 980 2360 1034 tu.

873 1069 1194 1132 Postremo
1233 1071 1385 1133 satis
1426 1078 1670 1133 constat
1700 1072 1868 1152 quod
1910 1070 2017 1133 ille
2051 1071 2364 1132 ternarius

870 1187 1178 1230 numerus
1217 1169 1520 1232 orationis
1561 1169 1672 1251 qui
1715 1167 1859 1231 fieri
1909 1169 2068 1231 solet
2108 1169 2174 1229 in
2217 1186 2363 1231 con-

865 1265 1338 1346 gregationibus
1386 1267 1672 1328 Fratrum
1731 1267 1809 1329 ad
1859 1265 2361 1330 concludendam

865 1363 1176 1445 synaxim,
1219 1365 1545 1427 observari
1589 1382 1714 1427 non
1765 1365 1966 1448 possit
2007 1364 2088 1426 ab
2131 1383 2207 1427 eo
2248 1367 2358 1447 qui

864 1460 1111 1525 intento
1152 1463 1368 1526 animo
1411 1481 1537 1526 non
1581 1471 1734 1526 orat.

2780 724 3285 790 CAPITULUM
3344 727 3660 792 XXXVI.

2569 866 2655 922 De
2683 865 2956 921 utilitate
2984 865 3186 920 brevis
3213 881 3286 921 ac
3314 867 3519 922 tacitoe
3542 869 3869 924 orationis.

2613 1064 2660 1127 B
2690 1065 2811 1127 hoc
2842 1080 3095 1146 quoque
3134 1065 3444 1127 orandum
3474 1073 3571 1128 est
3600 1066 3972 1149 frequenter

2628 1181 2701 1224 ac
2741 1163 3040 1236 breviter,
3074 1181 3155 1225 ne
3193 1163 3593 1226 adversarius
3632 1165 3833 1246 possit
3870 1166 3969 1227 in-

2469 1279 2677 1323 serere
2724 1260 2964 1343 aliquid
3015 1261 3202 1322 nobis
3257 1260 3525 1323 orationi
3575 1261 3972 1324 immoranti-

2468 1360 2609 1422 bus,
2644 1360 2816 1421 Istud
2857 1379 3132 1442 namque
3162 1367 3259 1422 est
3288 1359 3681 1422 sacrificium
3710 1379 3964 1435 verum,

2469 1459 2620 1540 quia
2666 1458 3057 1521 sacrificium
3102 1459 3231 1521 Deo
3274 1459 3538 1541 spiritus
3581 1460 3971 1522 contribula·
4018 1477 4227 1528 haia.

2466 1565 2589 1620 tus.
2643 1558 2787 1620 Haec
2836 1563 2934 1618 est
2979 1556 3275 1619 salutaris
3325 1557 3585 1632 oblatio,
3636 1558 3757 1620 ista
3814 1566 3968 1620 sunt

2470 1676 2629 1739 pura
2679 1656 3007 1729 libamina,
3051 1655 3220 1717 istud
3264 1663 3361 1718 est
3395 1656 3791 1719 sacrificium
3836 1658 3969 1720 lau·
4024 1679 4135 1721 ma.
4164 1681 4222 1721 ει.

2467 1756 2565 1817 dis
2622 1763 2813 1836 atque
2868 1753 3153 1835 justitiae,
3208 1754 3343 1817 istae
3402 1762 3550 1817 sunt
3598 1773 3763 1818 verae
3822 1755 3967 1838 pin-

2390 1861 2437 1922 B
2467 1872 2750 1935 guesque
2800 1853 3042 1928 hostiae,
3089 1852 3211 1916 ista
3260 1862 3410 1916 sunt
3457 1853 3969 1918 holocautomata
3996 1874 4245 1926 P·.m,1⁵.

1190 1752 1694 1818 CAPITULUM
1755 1755 2036 1820 XXXV.

577 2367 696 2412 loia.
713 2382 770 2422 vi,
792 2371 834 2412 o.

975 1939 1062 1994 De
1091 1939 1368 1994 oratione
1397 1939 1569 1994 intra
1595 1938 1936 1995 cubiculum
1963 1946 2019 1996 et
2046 1940 2253 1996 clauso

1365 2027 1520 2083 ostio
1548 2027 1856 2099 facienda.

1003 2251 1158 2314 NTE
1198 2251 1413 2313 omnia
1452 2251 1917 2313 observandum
1959 2259 2054 2314 est
2091 2271 2357 2335 evange·

1024 2348 1224 2411 licum
1271 2349 1430 2411 illud
1480 2357 1892 2431 praeceptum,
1939 2359 2008 2412 ut
2051 2351 2357 2414 intrantes

863 2447 929 2509 in
980 2447 1352 2509 cubiculum
1401 2456 1711 2517 nostrum,
1755 2449 1970 2512 clauso
2017 2450 2178 2512 ostio
2227 2468 2361 2513 ore-

864 2564 1007 2607 mus
1051 2546 1296 2608 Patrem
1340 2554 1630 2608 nostrum
1665 2563 1679 2608 :
1714 2547 1884 2628 quod
1929 2547 2016 2609 ita
2066 2547 2360 2631 implebi-

863 2663 1025 2706 mus.
1069 2643 1227 2706 Nam
1273 2643 1438 2706 intra
1483 2644 1852 2707 cubiculum
1897 2647 2356 2728 supplicamuS,

862 2744 1015 2805 dum
1073 2742 1511 2805 abstrahentes
1561 2761 1669 2805 cor
1716 2752 2004 2806 nostrum
2052 2745 2134 2807 ab
2182 2746 2360 2808 omni

2471 1953 2815 2015 medullata
2869 1972 3011 2034 quae
3068 1972 3105 2014 a
3161 1953 3452 2016 contritis
3500 1961 3564 2016 et
3608 1953 3968 2016 humiliatis

2469 2051 2768 2115 cordibus
2802 2051 3182 2114 offeruntur.
3218 2052 3365 2124 Quae
3398 2052 3551 2114 dum
3584 2051 3969 2116 exhibemus

2466 2151 2811 2213 attentione
2840 2168 2914 2211 ac
2945 2150 3283 2231 disciplina
3321 2170 3446 2231 qua
3488 2149 3792 2226 diximus,
3826 2169 3973 2234 pos-

2468 2268 2689 2310 sumus
2733 2248 2983 2310 efficaci
3027 2249 3264 2310 virtute
3308 2256 3559 2310 cantare
3594 2267 3608 2312 :
3643 2249 3971 2331 Dirigatur
4016 2273 4243 2319 hema.

2466 2347 2665 2409 oratio
2718 2366 2857 2408 mea
2904 2347 3068 2408 sicut
3119 2346 3453 2408 incensum
3500 2347 3565 2408 in
3616 2357 3969 2430 conspectu

2468 2453 2618 2524 tuo;
2664 2445 2933 2507 elevatio
2977 2463 3283 2506 manuum
3330 2464 3613 2507 mearum
3658 2447 3973 2508 sacrifici-

2470 2564 2578 2607 um
2627 2544 3083 2626 vespertinum.
3138 2543 3311 2617 Quod
3363 2552 3427 2605 et
3478 2545 3789 2606 adventus
3844 2546 3969 2607 hu-

2464 2644 2570 2724 jus
2627 2644 2797 2706 horae
2855 2660 2928 2703 ac
2988 2642 3193 2705 noctis
3252 2643 3550 2704 admonet
3604 2650 3971 2725 opportune

2468 2762 2582 2806 nos
2623 2761 2901 2825 congrua
2935 2742 3269 2805 devotione
3304 2742 3683 2823 persolvere.
3717 2745 3807 2806 De
3839 2762 3971 2825 quo

825 2840 1314 2921 -cogitationum
1387 2840 1654 2922 strepitu
1725 2841 2390 2924 sollicitudinumque·
2469 2843 2761 2924 quamvis
2802 2842 3005 2904 multa
3042 2841 3175 2923 jam
3217 2841 3550 2903 videantur
3589 2841 3835 2923 prolata
3870 2861 3971 2904 se-

576 4638 841 4689 Mich.v==,5.

862 2938 1166 3012 tumultu,
1199 2938 1536 3002 offerimus
1577 2940 1705 3002 Deo
1737 2959 1956 3022 preces
1999 2949 2243 3004 nostras
2274 2944 2363 3004 fa-

2471 2942 2752 3003 cundum
2798 2947 3028 3002 nostrae
3070 2939 3394 3001 tenuitatis
3434 2939 3871 3020 capacitatem,
3906 2949 3975 3002 et

863 3036 1200 3100 miliariter
1243 3045 1305 3099 et
1349 3045 1608 3100 secrete.
1653 3039 1894 3101 Rursus
1937 3040 2100 3102 ostio
2145 3041 2361 3104 clauso
2398 3049 2441 3111 C
2472 3040 2591 3102 ista
2620 3039 2875 3102 collatio
2906 3038 2989 3100 sit
3018 3037 3130 3100 diu
3162 3044 3513 3120 p1·otracta;
3545 3045 3756 3100 tamen
3786 3038 3975 3119 juxta

863 3153 1140 3209 oramus,
1174 3135 1327 3197 dum
1373 3135 1558 3198 labiis
1602 3135 1835 3199 clausis
1875 3155 2025 3200 cum
2061 3139 2237 3201 omni
2282 3140 2361 3202 si-

866 3232 1061 3296 lentio
1099 3233 1538 3316 supplicamus
1579 3235 1728 3310 Deo,
1762 3237 1871 3318 qui
1917 3245 2230 3300 scrutator
2267 3247 2364 3300 est

866 3332 1097 3406 cordiS,
1132 3350 1258 3395 non
1291 3350 1540 3395 vocum.
1577 3334 1645 3395 In
1681 3334 2054 3398 abscondito
2082 3353 2359 3411 oramuS,

866 3431 1121 3513 quando
1168 3431 1483 3494 orationes
1541 3440 1786 3495 nostras
1846 3435 2187 3515 pandimus
2245 3437 2362 3499 soli

865 3529 1016 3603 Deo,
1049 3530 1237 3591 corde
1267 3529 1594 3592 dumtaxat
1622 3550 1695 3592 ac
1728 3539 1937 3594 mente
1979 3532 2242 3608 intenta,
2278 3534 2365 3596 ita

867 3637 938 3690 ut
985 3629 1302 3690 daemones
1360 3647 1486 3690 non
1545 3629 1791 3710 possint
1835 3649 2174 3712 agnoscere
2225 3652 2367 3715 spe-

867 3727 1033 3789 ciem
1074 3733 1303 3789 nostrae
1343 3727 1687 3808 petitionis.
1722 3728 1882 3791 Hinc
1923 3748 2070 3791 cum
2111 3750 2364 3794 summo

866 3825 1122 3887 silentio
1150 3831 1248 3887 est
1275 3825 1607 3899 orandum,
1625 3844 1750 3889 non
1779 3827 1985 3889 solum
2019 3848 2098 3890 ne
2131 3829 2363 3892 nostris

867 3925 1169 3988 susurriis
1219 3945 1330 3988 seu
1381 3912 1780 3988 clamoribus
1816 3935 2176 3990 avertamus
2227 3929 2365 3990 Fra-

867 4031 994 4086 tres
1025 4025 1343 4087 adstantes
1373 4023 1453 4085 ab
1483 4024 1829 4088 attentione
1860 4027 2221 4088 orationum
2258 4047 2361 4088 su-

867 4143 1070 4198 arum,
1105 4131 1168 4186 et
1204 4143 1282 4186 ne
1319 4124 1762 4206 obstrepamus
1807 4125 2125 4188 orantium
2165 4127 2363 4188 sensi-

2472 3138 2867 3219 dignitatem,
2912 3137 3329 3199 subtilitatem
3373 3155 3447 3198 ac
3489 3134 3970 3212 difficultatem,

2474 3238 2604 3299 imo
2642 3246 2706 3300 et
2746 3237 3085 3298 utilitatem
3132 3235 3433 3309 materiae,
3468 3235 3794 3298 modicum
3836 3255 3975 3299 cre-

2471 3336 2684 3399 dimus
2728 3333 2990 3396 dictum.

2571 3435 2893 3496 Postremo
2943 3433 3041 3494 his
3091 3432 3326 3494 sanctis
3381 3431 3784 3494 sermonibus
3839 3441 3976 3494 stu-

2474 3532 2706 3616 pefacti
2767 3533 2979 3615 potius
3040 3551 3231 3613 quam
3296 3531 3544 3613 repleti,
3606 3533 3978 3613 vespertina

2472 3632 2693 3714 synaxi
2736 3638 3009 3714 peracta,
3045 3629 3412 3713 accepimus
3454 3629 3771 3692 modicum
3810 3649 3979 3694 som·

2472 3731 2562 3806 ni,
2596 3731 2815 3812 sicque
2844 3730 2923 3792 ad
2952 3736 3164 3792 nostra
3191 3728 3617 3802 discessimuS,
3650 3730 3977 3792 reversuri

2474 3829 2682 3912 primo
2724 3827 3029 3902 diluculO,
3074 3826 3495 3908 supplicaturi
3538 3845 3653 3908 pro
3696 3826 3975 3908 pleniori

2473 3927 2702 3990 horum
2756 3934 3046 4000 tractatu,
3098 3925 3439 4006 gloriantes
3491 3933 3621 3988 tam
3679 3926 3757 3987 de
3812 3946 3977 4008 prae·

2474 4027 2838 4088 habitorum
2878 4026 3215 4107 adeptione
3254 4043 3447 4106 quam
3488 4024 3565 4086 de
3605 4023 3975 4087 futurorum

2474 4125 2831 4188 securitate.
2869 4126 3279 4187 senseramus
3314 4123 3489 4185 enim
3524 4122 3977 4186 excellentiam

868 4222 1025 4301 bus3
1065 4223 1175 4284 sed
1216 4223 1371 4285 item
1402 4231 1472 4285 ut
1504 4223 1772 4286 intentio
1803 4232 2032 4288 nostrae
2058 4225 2363 4288 orationis
2395 4231 2442 4292 D
2472 4225 2775 4287 orationis
2807 4243 2945 4285 esse
2976 4222 3161 4285 nobis
3196 4222 3631 4284 tantummodo
3662 4241 3981 4304 praemon-

871 4321 1058 4382 lateat
1106 4321 1401 4383 inimicos
1455 4329 1684 4385 nostrae
1733 4323 1976 4396 salutiS‚
2029 4323 2140 4405 qui
2196 4342 2365 4386 sum-

871 4437 972 4480 me
1014 4419 1395 4481 insidiantur
1435 4420 1763 4482 orantibus
1805 4421 2008 4484 nobis,
2045 4421 2147 4484 Sic
2182 4423 2363 4504 quip-

870 4536 951 4601 pe
981 4516 1396 4599 implebimus
1437 4517 1594 4580 illud
1631 4520 2077 4601 propheticum
2108 4539 2363 4602 quoque

873 4622 1262 4697 praeceptum
1306 4634 1320 4678 ε
1362 4614 1458 4677 Ab
1506 4634 1580 4677 ea
1630 4636 1770 4698 quae
1818 4618 2053 4679 dormit
2101 4618 2166 4679 in
2217 4619 2361 4681 sinu

870 4721 981 4777 tuo
1023 4712 1271 4777 custodi
1315 4713 1590 4777 claustra
1631 4715 1758 4778 oris
1802 4716 1915 4778 tui.

2472 4330 2733 4386 stratam
2783 4342 2860 4384 ex
2912 4320 3449 4402 disputationibus
3502 4319 3977 4401 praeinductis;

2472 4423 2581 4484 sed
2631 4439 2758 4484 non
2810 4421 3088 4482 vidimus
3140 4437 3255 4481 nos
3308 4419 3549 4500 integre
3604 4418 3979 4501 percepisse

2471 4539 2549 4582 ex
2598 4520 2727 4582 illis
2776 4520 3062 4582 ordinem
3111 4537 3185 4579 ac
3234 4516 3535 4579 virtutem
3580 4516 3817 4598 quibus
3864 4535 3977 4579 ac-

2472 4619 2780 4701 quirenda
2842 4627 2940 4680 est
2994 4625 3184 4699 atque
3242 4616 3513 4678 tenenda
3574 4615 3977 4698 perpetuitas

2470 4737 2583 4782 seu
2632 4716 3094 4780 incessabilitas
3140 4714 3463 4779 orationis,
