4359 6267
573 3517 842 3623 2Ezarodavm,

605 3584 643 3623 1.

878 463 958 527 40
1771 486 1850 531 na
1894 486 2223 533 msrrrtrris
2266 489 2351 534 ss.
2388 489 2649 536 ramum.
2695 508 2776 519 —
2816 492 2991 538 mann
3032 493 3093 538 ιν

878 658 941 712 et
970 660 1119 715 nota
1155 670 1369 716 coram
1408 654 1656 717 cunctis
1687 654 2031 729 FratribuS,
2067 657 2245 739 prius
2275 657 2375 719 de-
2400 656 2454 720 A
2477 656 2787 736 juniores,
2824 658 3142 721 refrenare
3185 677 3311 722 non
3356 678 3541 742 posse
3580 661 3979 743 voluptatem

879 749 1084 830 posita
1126 752 1491 813 monasterii
1534 762 1726 815 veste.

1255 1006 1758 1070 CAPITULUM
1821 1008 1970 1072 VII.

871 1161 994 1217 Cur
1027 1162 1094 1217 in
1131 1164 1495 1220 monasterio
1533 1166 1818 1237 suscepti,
1849 1182 1970 1221 non
2001 1168 2366 1237 permittan-

945 1256 1046 1306 tur
1073 1253 1280 1307 statim
1307 1253 1628 1309 Fratribus
1665 1254 2012 1319 admisceri,
2042 1256 2146 1311 sed
2179 1273 2366 1313 xeno-

943 1340 1148 1404 docho,
1181 1343 1250 1396 id
1282 1348 1368 1397 est
1407 1344 1638 1399 seniori
1673 1360 1882 1399 curam
1900 1346 2367 1421 peregrinorum

943 1430 1508 1505 advenientiumque
1544 1432 1813 1498 habenti,
1845 1435 2193 1489 tradantur.

879 1633 1178 1833 QUU'M
1207 1654 1356 1718 ergo
1384 1636 1580 1699 fuerit
1607 1638 1752 1719 quis
1784 1606 2139 1719 susceptus,
2173 1646 2364 1721 atque

1046 1734 1304 1815 praefata
1363 1736 1832 1817 perseverantia
1889 1736 2359 1818 comprobatuS,

867 1838 931 1892 et
961 1831 1236 1913 propriis
1265 1833 1662 1895 vestimentis
1703 1834 2008 1915 depositis
2054 1842 2364 1896 monaste·
2398 1838 2445 1901 B

867 1928 1009 1990 riali
1040 1938 1214 1991 veste
1246 1930 1538 2009 indutus;
1564 1948 1689 1993 non
1720 1931 1935 1993 statim
1968 1932 2362 2013 permittitur

868 2026 1190 2089 Fratribus
1229 2028 1588 2103 admisceri,
1631 2030 1742 2091 sed
1791 2030 2217 2092 committitur
2267 2048 2360 2091 se-

867 2124 1031 2186 niori
1071 2126 1181 2207 qui
1221 2144 1508 2189 seorsum
1541 2145 1668 2190 non
1700 2128 1884 2209 longe
1913 2148 1950 2190 a
1993 2128 2360 2191 monasterii

865 2222 1186 2286 vestibulo
1227 2224 1543 2298 habitam,
1587 2245 1806 2288 curam
1853 2225 2042 2288 habet
2087 2225 2362 2308 peregri-

864 2336 1094 2382 norum
1152 2330 1214 2383 et
1265 2322 1740 2386 advenientium
1793 2324 1918 2386 sibi
1978 2324 2357 2404 injunctam,

862 2416 1084 2500 eisque
1141 2436 1399 2482 omnem
1457 2420 1853 2502 diligentiam
1912 2421 2361 2503 hospitalitatis

863 2522 928 2576 et
958 2517 1368 2581 humanitatis
1399 2518 1728 2600 impendit.
1755 2520 2088 2603 Quumque
2120 2520 2359 2582 ibidem

865 2614 1110 2695 integro
1157 2634 1324 2679 anno
1371 2617 1612 2699 absque
1661 2618 1791 2679 ulla
1842 2619 2101 2700 querela
2147 2619 2359 2681 deser-

863 2712 1064 2788 viem,
1116 2714 1286 2776 circa
1335 2715 1702 2796 peregrinos
1751 2734 1941 2778 suum
1991 2716 2359 2779 exhibuerit

860 2810 1264 2886 famulatum,
1319 2813 1601 2875 imbutus
1650 2832 1765 2895 per
1815 2815 1950 2877 haec
1999 2815 2207 2897 prima
2258 2815 2357 2877 in-

860 2911 1208 2973 structione
1247 2911 1630 2974 humilitatis
1668 2931 1744 2974 ac
1783 2912 2125 2993 patientiae,
2167 2922 2357 2996 atque

2480 756 3014 837 concupiscentiae
3063 777 3214 829 suae,
3263 758 3387 819 nisi
3437 759 3614 839 prius
3664 776 3779 841 per
3824 758 3980 821 obe-

2477 852 2783 915 dientiam
2845 854 3233 917 mortificare
3293 855 3633 919 didicerint
3682 858 3979 938 proprias

2476 950 2851 1013 voluntates.
2886 952 3045 1013 Hinc
3084 971 3341 1035 quoque
3372 953 3649 1015 fatentur
3679 973 3828 1017 eum
3858 956 3978 1036 qui

2477 1048 2765 1129 proprias
2809 1050 3166 1112 voluntates
3208 1069 3335 1114 non
3379 1052 3675 1114 didicerit
3716 1070 3978 1134 supera-

2476 1165 2565 1220 re,
2600 1146 2961 1209 nullatenus
3003 1166 3188 1230 posse
3228 1150 3410 1224 iram,
3444 1150 3579 1212 sive
3617 1150 3971 1224 tristitiam,

2474 1252 2583 1305 aut
2611 1245 2908 1326 spiritum
2938 1247 3378 1309 fornicationis
3409 1248 3826 1329 exstinguere,
3850 1268 3973 1311 nec

2474 1361 2689 1404 veram
2722 1343 2930 1406 cordis
2960 1345 3409 1419 humilitatem,
3424 1364 3631 1427 neque
3663 1366 3810 1409 cum
3830 1348 3977 1409 Fra-

2474 1439 2678 1501 tribus
2711 1441 3158 1504 incessabilem
3190 1444 3520 1517 unitatem,
3554 1462 3673 1507 nec
3708 1444 3972 1508 firmam

2474 1557 2548 1600 ac
2596 1539 2963 1601 diuturnam
3022 1541 3427 1604 concordiam
3484 1560 3669 1622 posse
3727 1549 3967 1617 tenere,

2476 1653 2593 1696 nec
2638 1635 2705 1696 in
2750 1636 3041 1699 coenobio
3089 1637 3331 1700 diutius
3380 1656 3519 1700 esse
3569 1656 3963 1701 mansurum.

2876 1922 3379 1987 CAPITULUM
3442 1924 3561 1987 IX.

2471 2106 2669 2179 Quqre
2694 2103 3061 2174 junioribus
3100 2106 3431 2178 imperetur
3479 2114 3545 2163 ut
3586 2109 3818 2165 seniori
3854 2125 3965 2165 suo

2673 2193 2768 2249 nil
2792 2194 2983 2250 celent
3009 2196 3082 2251 de
3108 2196 3589 2267 eoqitationibus
3618 2199 3766 2254 suis.

2620 2418 2697 2481 IS
2746 2419 2940 2499 igitur
2988 2418 3296 2482 institutis
3349 2429 3651 2504 tanquam
3697 2423 3964 2505 quibus·

2639 2518 2783 2579 dam
2827 2517 3159 2580 elementis
3207 2538 3281 2581 ac
3329 2521 3612 2603 syllabiS,
3658 2522 3965 2585 festinant

2469 2615 2781 2678 instruere
2820 2634 2927 2679 eos
2974 2634 3133 2698 quos
3179 2617 3254 2678 ad
3297 2618 3757 2699 perfectionem
3796 2621 3969 2683 initi-

2465 2721 2595 2787 ant,
2630 2732 2744 2795 per
2773 2714 2907 2777 haec
2946 2714 3187 2796 liquide
3227 2715 3661 2779 discernentes
3703 2737 3785 2781 an
3822 2718 3966 2780 fun-

2466 2809 2595 2871 dati
2635 2818 2785 2872 sunt
2824 2811 3183 2874 humilitate
3222 2831 3392 2888 vera,
3425 2833 3506 2877 an
3550 2816 3763 2897 potius
3808 2816 3965 2879 ficta

2464 2914 2529 2967 et
2566 2908 2879 2970 simulata.
2915 2909 3009 2972 Ad
3048 2929 3241 2992 quam
3284 2918 3355 2972 ut
3397 2913 3648 2975 valeant
3686 2912 3965 2977 faciliter

862 3008 927 3069 in
975 3028 1049 3071 ea
1097 3008 1399 3090 probatus
1443 3017 1506 3071 et
1552 3011 1842 3091 cognitus
1890 3011 2075 3092 longa
2119 3012 2359 3074 exemi·
2391 3015 2436 3079 C
2468 3006 2823 3086 pervenire,
2872 3017 3334 3090 consequenter
3380 3009 3784 3073 instruuntur
3826 3013 3970 3075 nul-

860 3107 1119 3181 tatione,
1161 3106 1609 3169 admiscendus
1653 3128 1731 3169 ex
1773 3109 1891 3171 hoc
1933 3110 2361 3190 congregatio-

865 3205 931 3265 ni
970 3204 1280 3277 Fratrum,
1314 3204 1586 3266 traditur
1623 3205 1805 3267 alteri
1841 3207 2075 3269 seniori
2111 3209 2222 3290 qui
2258 3209 2361 3270 de—

867 3321 1008 3363 cem
1035 3302 1399 3382 junioribus
1440 3312 1686 3385 praeest,
1720 3322 1878 3385 quos
1918 3304 2042 3366 sibi
2085 3307 2358 3369 creditos

869 3400 949 3462 ab
978 3400 1207 3462 abbate
1240 3402 1515 3463 instituit
1543 3409 1606 3463 et
1632 3402 1968 3483 gubernat,
2003 3405 2357 3467 secundum

872 3500 1030 3561 illud
1079 3500 1250 3582 quod
1299 3501 1365 3562 in
1415 3500 1626 3563 Exodo
1676 3500 1946 3582 legimus
1995 3503 2357 3566 ordinatum

871 3617 985 3680 per
1026 3599 1300 3681 Moysen.

1237 3853 1739 3918 CAPITULUM
1805 3854 1987 3917 VIII.

862 4002 1093 4070 Quibus
1135 4002 1442 4058 institutis
1467 4002 1756 4073 juniores
1789 4002 1989 4073 primo
2036 4018 2355 4059 exercean-

935 4097 1056 4155 tur,
1086 4096 1154 4146 ut
1180 4092 1261 4146 ad
1287 4092 1666 4163 superandas
1692 4092 2213 4162 concupiscentias
2244 4108 2358 4147 om·

932 4196 1036 4237 nes
1063 4182 1417 4253 proficiant.

982 4386 1156 4450 UJUS
1206 4386 1475 4449 senioris
1525 4387 1660 4449 haec
1708 4386 1830 4448 erit
1878 4386 2240 4449 sollicitudo
2290 4396 2353 4450 et

999 4485 1272 4547 eruditio
1311 4484 1705 4566 principalia,
1749 4502 1864 4565 per
1901 4502 2092 4565 quam
2134 4484 2353 4564 junior

853 4583 1251 4648 introductus
1282 4584 1484 4646 valeat
1516 4590 1980 4664 consequenter
2009 4584 2350 4648 ascendere

850 4700 1169 4745 summam
1217 4682 1524 4743 virtutum
1576 4679 2058 4762 perfectionem,
2116 4689 2187 4744 ut
2234 4684 2351 4745 sci-

849 4780 999 4842 licet
1049 4780 1346 4862 primitus
1394 4779 1615 4841 doceat
1663 4797 1812 4841 eum
1866 4780 2156 4861 proprias
2211 4782 2349 4844 vin-

848 4897 992 4941 cere
1036 4879 1411 4942 voluntates.
1455 4878 1654 4950 Quem
1699 4878 1766 4939 in
1814 4878 1914 4939 his
1959 4878 2241 4941 studiose
2286 4887 2349 4941 et

849 4977 1186 5057 diligenter
1223 4994 1548 5049 exercenS‚
1582 4975 1718 5038 haec
1769 4976 1848 5038 de
1895 4976 2209 5039 industria
2250 4977 2343 5038 illi

850 5094 1104 5157 semper
1134 5074 1482 5157 praecipiet,
1516 5093 1658 5155 quae
1689 5074 1959 5137 senserit
1989 5074 2162 5137 cordi
2202 5074 2342 5154 ejus

848 5191 986 5236 esse
1017 5173 1348 5237 contraria.
1370 5172 1582 5235 Multis
1613 5172 1854 5254 quippe
1885 5172 2341 5254 experimentis

849 5272 1078 5348 edocti,
1121 5271 1448 5336 affirmant
1497 5270 1905 5346 monachum,
1949 5277 2013 5332 et
2061 5270 2337 5333 maxime

2470 3104 2595 3165 lam
2626 3104 3073 3185 cogitationem
3106 3105 3170 3168 in
3204 3108 3391 3169 corde
3422 3126 3643 3171 eorum
3676 3111 3970 3192 prurien-

2470 3209 2620 3275 tem,
2644 3202 3001 3283 perniciosa
3030 3204 3395 3267 confusione
3422 3206 3827 3282 abscondere,
3852 3209 3971 3270 sed

2470 3299 2805 3362 confestim
2846 3308 2917 3361 ut
2954 3310 3091 3364 orta
3132 3301 3346 3377 fuerit,
3390 3322 3529 3366 eam
3572 3324 3690 3369 suo
3729 3306 3971 3387 patefa-

2470 3416 2612 3459 cere
2644 3399 2900 3471 seniori‚
2934 3418 3052 3461 nec
3092 3401 3168 3462 de
3209 3402 3661 3481 cogitationum
3702 3424 3968 3467 suarum

2464 3496 2709 3576 judicio
2754 3497 2997 3579 aliquid
3046 3500 3320 3581 propriae
3367 3499 3737 3564 discretioni
3790 3521 3967 3566 com-

2469 3594 2743 3669 mittere,
2776 3596 2888 3657 sed
2916 3596 3171 3658 credere
3204 3597 3363 3659 illud
3402 3616 3539 3661 esse
3581 3599 3822 3662 bonum
3852 3610 3967 3663 aut

2470 3693 2731 3767 malum,
2778 3694 2949 3775 quod
2997 3694 3209 3757 senior
3256 3695 3580 3759 definierit
3624 3716 3763 3761 esse
3812 3699 3962 3773 tale,

2466 3798 2575 3853 aut
2606 3792 2739 3854 tale.
2769 3792 2998 3874 Sicque
3028 3793 3294 3855 callidus
3324 3794 3519 3858 hostis
3551 3796 3617 3857 in
3648 3797 3821 3859 nullo
3850 3798 3971 3859 cir-

2468 3890 2835 3952 cumvenire
2874 3898 3081 3972 potest
3117 3891 3421 3971 juvenem
3460 3900 3761 3976 tanquam
3792 3895 3969 3977 igna-

2465 4006 2611 4049 rum
2649 3996 2710 4050 et
2751 3988 3175 4070 inexpertum,
3211 4008 3329 4051 nec
3367 3991 3497 4053 ulla
3536 3991 3757 4055 fraude
3794 3994 3967 4056 deci-

2466 4104 2616 4167 pere
2646 4105 2838 4167 quem
2869 4087 3043 4149 videt
3072 4106 3199 4149 non
3229 4089 3507 4169 propria,
3542 4091 3653 4152 sed
3691 4092 3963 4155 senioris

2384 4191 2434 4253 D
2464 4186 2563 4247 sui
2603 4185 2983 4249 discretione
3036 4187 3297 4262 muniri,
3342 4207 3458 4250 nec
3506 4207 3694 4270 posse
3742 4210 3965 4272 persu-

2463 4284 2635 4346 aderi
2687 4292 2755 4346 ut
2802 4285 3037 4347 seniori
3086 4303 3202 4347 suo
3252 4284 3599 4349 abscondat
3652 4290 3963 4369 suggesti-

2462 4399 2613 4444 ones
2672 4402 2838 4457 suas,
2889 4384 3212 4466 ignitaque
3260 4384 3473 4464 jacula
3530 4405 3955 4469 quaecumque

2463 4480 2638 4542 cordi
2685 4481 2826 4560 ejus
2876 4480 3199 4543 infuderit.
3245 4482 3445 4544 Aliter
3493 4502 3767 4565 namque
3822 4503 3962 4546 ver-

2461 4579 2831 4641 sutissimus·
2864 4578 3153 4641 diabolus
3180 4579 3503 4659 juniorem
3537 4581 3811 4662 dejicere
3845 4590 3961 4644 aut

2461 4678 2727 4740 illudere
2776 4678 3019 4760 nequit,
3066 4678 3195 4741 nisi
3244 4699 3443 4761 quum
3495 4698 3643 4742 eum
3696 4699 3811 4761 per
3862 4701 3961 4744 ar-

2460 4777 2832 4858 rogantiam,
2880 4795 2992 4838 seu
3040 4796 3301 4859 pravam
3351 4780 3823 4853 verecundiam,
3872 4781 3957 4842 ad

2458 4875 2912 4955 cogitationum
2943 4894 3203 4937 suarum
3242 4876 3731 4939 occultationem
3762 4878 3961 4940 indu-

2456 4975 2637 5036 xerit.
2664 4973 2966 5036 Generale
2998 4992 3273 5056 namque
3304 4981 3367 5037 et
3396 4975 3657 5037 evidens
3690 4976 3949 5057 signum

2454 5072 2785 5135 diabolicae
2842 5072 3263 5153 suggestionis
3322 5079 3386 5135 et
3430 5073 3748 5137 illusionis
3804 5094 3951 5138 esse

2453 5179 2784 5246 testantur,
2826 5171 2881 5233 si
2923 5189 3028 5233 eas
3072 5172 3307 5234 seniori
3350 5189 3466 5234 suo
3506 5174 3753 5256 aperire
3796 5192 3945 5239 con-

2451 5270 2819 5333 fundantur.
