4359 6267
160 1397 184 1439 ll
199 1397 280 1440 Cor.
293 1410 340 1446 w,

142 1462 170 1500 7.

1061 526 1478 574 coLLA‘rlont
1520 527 1605 572 SS.
1633 527 1882 574 PATRUM
1924 528 2098 574 LIBER
2141 529 2180 573 1.
2228 547 2311 556 —
2353 527 2640 575 COLLATIO
2682 529 2742 574 vl

3338 506 3459 570 205

369 713 614 756 neamus
645 697 957 771 doctrina,
992 697 1162 779 quod
1192 698 1356 759 nulli
1388 697 1586 778 possit
1616 696 1696 758 ab
1727 697 1852 758 alio
1882 697 1933 758 A
1966 695 2098 758 mul
2128 698 2518 773 horrescant,
2538 707 2601 760 et
2634 698 3053 760 instrumenta
3079 704 3309 760 cuncta
3336 696 3458 759 vir-

368 793 589 855 malum
639 794 846 876 culpae
895 794 1141 870 inferri,
1195 795 1318 858 nisi
1369 795 1481 878 qui
1542 795 1700 857 illud
1749 795 1854 857 ad-

367 891 596 953 miserit
636 893 1164 974 pusillanimitate
1195 902 1386 976 atque
1417 894 1672 975 ignavia
1713 911 1854 975 pro-

367 989 478 1071 prii
516 991 744 1053 cordiS.

435 1088 708 1152 Adversa
736 1107 990 1172 quoque
1020 1098 1084 1152 et
1115 1090 1372 1153 sinistra
1403 1090 1714 1154 faciamus
1745 1091 1854 1154 bo—

366 1205 440 1248 no
487 1197 784 1270 rectoque
839 1208 959 1250 usu
1019 1188 1338 1270 pertinere
1391 1191 1472 1252 ad
1525 1190 1849 1253 dexteram

367 1294 616 1367 partem,
647 1294 718 1348 ut
745 1305 1168 1370 quaecumque
1205 1287 1446 1351 fuerint
1486 1289 1671 1352 nobis
1712 1289 1848 1351 illa-

365 1392 439 1458 ta,
469 1384 626 1447 fiant
655 1385 841 1448 nobis
880 1405 1056 1448 arma
1092 1386 1376 1467 justitiae,
1408 1387 1591 1474 juxta
1618 1388 1848 1452 doctri-

365 1503 496 1545 nam
525 1485 830 1566 Apostoli.
867 1485 1123 1550 Duabus
1161 1487 1400 1550 etenim
1440 1489 1749 1570 partibuS,
1783 1497 1846 1552 et

363 1589 426 1643 ut
470 1581 553 1645 ita
595 1583 890 1659 dixerim,
937 1585 1258 1659 manibuS,
1300 1586 1593 1650 videmus
1642 1587 1845 1650 subsi-

361 1689 510 1743 stere
549 1681 917 1745 interiorem
962 1683 1288 1746 hominem
1332 1692 1620 1747 nostrum
1666 1703 1680 1747 ε
1723 1705 1841 1747 nec

359 1779 682 1861 quisquam
740 1799 954 1843 carere
1013 1789 1220 1863 potest
1270 1782 1388 1844 hac
1446 1783 1723 1857 sinistra,
1778 1784 1840 1845 id

1961 805 2170 858 tutum
2217 797 2604 860 intolerabili
2647 799 2922 880 quodam
2964 816 3038 860 ac
3078 804 3239 859 tetro
3281 795 3455 858 fasti-

1959 896 2065 959 dio
2105 897 2164 958 ei
2203 897 2604 977 sordescant;
2640 897 2874 980 quibus
2913 897 3067 958 dum
3107 896 3456 958 monachus

1962 995 2395 1077 impugnatur,
2417 996 2575 1058 sciat
2604 1015 2671 1058 se
2703 979 2881 1078 parte
2911 995 3168 1057 sinistra
3198 995 3450 1058 vastari.

2041 1093 2441 1176 Quicumque
2490 1111 2640 1175 ergo
2690 1093 2756 1156 in
2806 1092 3150 1174 prosperis»,
3194 1111 3305 1155 seu
3354 1091 3455 1154 his

1961 1211 2103 1273 quae
2133 1192 2408 1255 dexterae
2438 1192 2636 1275 partis
2672 1200 2841 1266 sunt,
2874 1208 3003 1253 non
3034 1190 3228 1253 fuerit
3256 1191 3456 1253 inani-

1961 1297 2057 1352 ter
2095 1290 2401 1371 gloriatus
2442 1309 2560 1352 nec
2590 1290 2861 1353 elatione
2902 1289 3185 1364 inflatus,
3218 1297 3281 1352 et
3310 1307 3455 1353 con-

1961 1397 2056 1451 tra
2104 1409 2178 1452 ea
2226 1409 2368 1472 quae
2416 1390 2689 1452 sinistrae
2743 1389 2937 1471 partis
2990 1396 3139 1450 sunt
3184 1388 3454 1451 viriliter

1959 1488 2299 1562 dimicanS,
2365 1487 2541 1550 nulla
2605 1487 3047 1569 desperatione
3114 1487 3447 1560 corruerit,

1959 1587 2088 1650 imo
2119 1586 2331 1668 potius
2363 1587 2440 1648 de
2472 1587 2804 1650 contrariis
2838 1585 3255 1668 assumpserit
3286 1605 3452 1667 quae-

1956 1688 2100 1748 dam
2170 1687 2491 1768 patientia}
2553 1705 2729 1748 arma
2788 1686 2867 1748 ad
2930 1685 3446 1748 exercitationem

1955 1785 2209 1848 virtutis
2252 1803 2265 1846 :
2320 1785 2437 1848 iste
2496 1793 2763 1868 utraque
2822 1804 3014 1847 manu
3068 1791 3280 1846 utetur
3331 1801 3447 1865 pro
3518 1808 3741 1862 haam,

359 1886 444 1939 est
477 1879 852 1941 adversitate
891 1899 1084 1961 quam
1124 1880 1426 1955 diximus,
1463 1882 1573 1943 sed
1617 1881 1678 1943 in
1720 1882 1838 1944 hoc
1877 1882 1925 1944 B
1955 1885 2233 1960 dextera,
2276 1893 2337 1947 et
2388 1885 2453 1948 in
2503 1893 2772 1967 utroque
2820 1891 3053 1946 eventu
3101 1883 3449 1965 triumpha·
3478 1874 3543 1914 ¹⁵·

361 1977 744 2057 cognoscitur
791 1978 996 2040 virtus
1044 1978 1186 2059 ejus
1243 1998 1382 2042 esse
1431 1978 1732 2061 perfecta,
1786 1981 1838 2042 si

361 2084 668 2138 convertat
717 2085 985 2158 utraque
1036 2077 1102 2141 in
1150 2079 1497 2152 dexteram,
1541 2077 1704 2142 bene
1747 2080 1840 2142 eis

359 2174 597 2236 utendo.
631 2174 916 2256 Denique
957 2183 1027 2238 ut
1065 2175 1126 2238 id
1166 2177 1336 2258 quod
1380 2176 1678 2250 dicimuS,
1715 2197 1842 2239 rna-

358 2273 635 2335 nifestius
700 2273 1111 2354 intelligatur,
1172 2274 1364 2336 habet
1421 2275 1520 2336 vir
1583 2285 1839 2339 sanctus

359 2371 663 2434 dexteram
716 2372 811 2452 (id
872 2381 970 2434 est
1023 2392 1358 2436 successus
1421 2374 1841 2455 spiritualiter

359 2471 724 2552 prosperos),
773 2471 842 2533 in
888 2491 1014 2553 qua
1062 2480 1179 2545 est,
1233 2472 1386 2534 dum
1436 2473 1666 2554 spiritu
1717 2473 1839 2536 fer-

357 2587 497 2631 vens
531 2569 898 2632 dominatur
925 2571 1462 2653 concupiscentiis
1498 2573 1836 2650 universis,

357 2667 428 2728 ab
471 2670 643 2731 omni
690 2668 1005 2732 diabolica
1055 2671 1534 2752 impugnatione
1583 2673 1838 2754 quietus

360 2767 587 2847 respuit
622 2774 732 2829 aut
769 2767 1042 2830 abscidit
1080 2769 1237 2831 vitia
1275 2769 1516 2852 absque
1560 2770 1840 2834 difficul-

361 2872 471 2926 tate
497 2873 685 2947 atque
727 2866 965 2941 labore,
998 2887 1200 2949 quum
1240 2868 1622 2931 sublimatus
1652 2890 1689 2932 a
1719 2878 1840 2934 ter-

358 2981 418 3023 ra
445 2964 901 3045 contemplatur
930 2975 1158 3028 cuncta
1189 2968 1527 3048 praesentia
1551 2987 1626 3030 ac
1652 2977 1840 3032 terre-

1953 1991 2052 2046 tor
2080 1982 2374 2059 effectuS,
2405 1993 2830 2066 consequetur
2860 1982 3141 2046 victoriae
3169 1981 3447 2063 palmam

1951 2089 2081 2144 tam
2121 2083 2199 2144 de
2241 2091 2385 2145 actu
2437 2083 2696 2145 sinistro
2745 2101 2937 2165 quam
2980 2082 3255 2144 dextero.
3290 2080 3448 2154 Qua-

1954 2180 2078 2241 lem
2128 2180 2401 2261 legimus
2451 2189 2741 2243 sanctum
2790 2179 2905 2242 Job
2954 2177 3293 2252 exstitisse,
3336 2178 3448 2260 qui

1951 2277 2327 2360 utiqueper
2357 2279 2681 2340 dexteram
2720 2276 3159 2350 coronabatur,
3194 2276 3449 2358 quando

1950 2387 2195 2458 septem
2247 2376 2533 2440 filiorum
2594 2384 2772 2458 pater
2817 2375 3127 2437 exsistens
3185 2382 3248 2437 et
3294 2392 3449 2456 opu-
3475 2399 3739 2453 Job1,2,3‚5.

1953 2473 2162 2536 lentus
2202 2492 2275 2536 ac
2316 2474 2495 2536 dives
2538 2474 2862 2547 incedenS,
2898 2472 3132 2536 obtulit
3173 2490 3290 2554 pro
3331 2492 3447 2554 pu-

1951 2570 2309 2634 rificatione
2369 2571 2627 2633 illorum
2684 2571 3001 2634 sacrificia
3052 2571 3443 2653 quotidiana,

1952 2669 2221 2751 cupiens
2261 2686 2368 2731 eos
2408 2668 2709 2731 exhibere
2748 2677 3039 2750 acceptos
3079 2677 3142 2731 et
3176 2668 3445 2731 familia-

1952 2787 2050 2830 res
2080 2767 2209 2830 Deo
2241 2768 2442 2848 magis
2474 2786 2666 2848 quam
2697 2766 2852 2845 sibi3
2880 2775 2942 2829 et
2973 2767 3225 2849 quando
3250 2766 3447 2847 janua

1949 2867 2089 2947 ejus
2139 2866 2393 2948 patebat
2440 2867 2613 2928 omni
2673 2865 3057 2940 advenienti,
3110 2866 3261 2928 dum
3312 2873 3447 2928 erat
3497 2888 3739 2942 annm,

1950 2984 2062 3047 pes
2106 2965 2479 3028 claudorum
2520 2965 2871 3045 oculusque
2916 2980 3253 3038 caecorum,
3288 2964 3443 3026 dum
3471 2955 3737 3068 ζῗῖζξαθ

356 3080 430 3122 na
467 3069 764 3144 tanquam
811 3062 1064 3125 fumum
1115 3064 1370 3126 inanem
1415 3066 1836 3150 umbramque
1875 3067 1918 3129 C
1950 3056 2202 3125 humeri
2252 3064 2658 3127 infirmorum
2708 3061 3089 3124 calefiebant
3132 3062 3210 3123 de
3253 3061 3444 3125 velle-

359 3178 631 3235 vacuam,
672 3169 736 3223 et
784 3161 1057 3243 despicit
1105 3183 1178 3225 ea
1221 3164 1396 3226 velut
1445 3183 1590 3228 mox
1641 3173 1839 3227 trans-

359 3258 528 3333 itura,
573 3260 726 3322 dum
779 3259 993 3322 futura
1051 3281 1166 3343 per
1214 3263 1446 3325 mentis
1502 3283 1834 3327 excessum

359 3375 471 3419 non
518 3359 725 3421 solum
772 3360 1216 3422 ardentissime
1266 3363 1682 3445 concupiscit,
1730 3383 1836 3426 ve-

361 3473 490 3518 rum
529 3457 722 3518 etiam
762 3457 996 3519 clarius
1039 3458 1344 3534 intuetur,
1379 3478 1576 3540 quum
1621 3461 1836 3524 effica-

358 3553 481 3615 cius
528 3555 968 3636 spiritualibus
1020 3557 1301 3637 pascitur
1350 3558 1633 3633 theoriiS,
1680 3562 1832 3622 dum

359 3653 654 3734 conspicit
699 3653 984 3717 coelestia
1043 3664 1437 3717 sacramenta
1494 3656 1617 3719 sibi
1678 3658 1834 3720 luci-

356 3749 486 3811 dius
523 3760 815 3825 reserata,
857 3752 1012 3814 dum
1063 3753 1350 3834 puriores
1394 3762 1456 3817 et
1495 3755 1834 3819 alacriores

355 3849 654 3912 orationes
681 3849 894 3914 fundit
921 3852 997 3913 ad
1030 3853 1396 3928 Dominum,
1415 3853 1568 3915 dum
1600 3855 1832 3917 mentis

353 3947 561 4011 ardore
591 3968 933 4012 succensus
965 3950 1050 4012 ita
1081 3951 1157 4012 ad
1188 3951 1540 4015 invisibilia
1568 3961 1630 4016 et
1659 3962 1834 4016 aeter-

357 4064 428 4106 na
474 4049 873 4130 transmigrat
919 4057 1050 4112 tota
1099 4051 1332 4114 mentis
1378 4051 1720 4128 alacritate,
1764 4062 1834 4115 ut

357 4163 470 4206 non
510 4147 739 4209 sentiat
779 4167 846 4210 se
889 4167 1028 4210 esse
1072 4148 1141 4210 in
1183 4167 1391 4212 carne.

1949 3161 2127 3224 ribus
2173 3163 2393 3225 ovium
2440 3163 2602 3243 ejus,
2655 3161 2908 3242 quando
2957 3167 3091 3222 erat
3138 3162 3448 3243 orphano-

1949 3281 2089 3322 rum
2123 3261 2587 3342 viduarumque
2620 3259 3079 3342 pater,quando
3109 3279 3227 3322 nec
3258 3261 3445 3324 corde

1945 3361 2201 3440 gavisus
2240 3366 2336 3420 est
2366 3359 2443 3419 de
2477 3357 2718 3419 inimici
2763 3359 2861 3420 sui
2903 3360 3106 3422 ruina.
3143 3360 3446 3423 Praeterea

1947 3459 2116 3519 idem
2160 3457 2223 3518 in
2265 3463 2441 3537 parte
2477 3455 2734 3518 sinistra
2766 3457 3200 3540 triumphabat
3232 3459 3299 3519 in
3336 3459 3443 3520 ad-

1945 3555 2354 3618 versitatibus
2404 3551 2765 3617 sublimiori
2809 3554 3065 3627 virtute,
3113 3558 3265 3618 dum
3315 3574 3443 3618 uno

1950 3662 2270 3716 momento
2318 3653 2576 3716 orbatus
2619 3652 2777 3716 filiis
2828 3662 3095 3736 septem,
3127 3673 3255 3718 non
3300 3672 3444 3717 con-

1946 3751 2284 3814 ficiebatur
2330 3751 2560 3814 acerbo
2619 3753 2795 3814 luctu
2844 3761 2914 3815 ut
2964 3761 3160 3835 pater,
3212 3754 3324 3815 sed
3372 3760 3443 3814 ut

1945 3870 2133 3913 verus
2181 3851 2293 3914 Dei
2343 3850 2623 3913 famulus
2671 3852 2749 3914 de
2800 3851 3169 3934 impletione
3218 3851 3441 3914 volun-

1945 3950 2091 4011 tatis
2157 3950 2257 4012 sui
2318 3950 2627 4014 Creatoris
2684 3950 3045 4033 gaudebat3
3106 3969 3303 4032 quum
3362 3969 3439 4012 ex

1947 4049 2263 4131 locuplete
2322 4048 2526 4111 factus
2588 4049 3056 4132 pauperrimuS,
3109 4068 3186 4111 ex
3242 4048 3437 4111 divite

1943 4149 2176 4225 nudus,
2220 4168 2295 4211 ex
2346 4149 2507 4211 forte
2560 4149 2880 4224 infirmuS,
2924 4167 3001 4210 ex
3048 4147 3321 4229 glorioso
3365 4166 3438 4210 ac

443 4245 705 4326 Insuper
759 4245 952 4308 habet
1009 4247 1110 4309 vir
1168 4257 1423 4310 sanctus
1483 4249 1827 4325 sinistram,
1863 4252 1912 4314 D
1943 4249 2180 4331 inclyto
2229 4248 2567 4330 despectus
2624 4255 2814 4330 atque
2866 4246 3185 4328 ignobiliS,
3236 4246 3439 4310 incor-

355 4341 494 4404 dum
541 4343 962 4408 tentationum
1023 4346 1390 4428 implicatur
1441 4347 1828 4423 turbinibuS,

355 4439 494 4502 dum
532 4442 1000 4506 incentivorum
1043 4445 1247 4508 calore
1287 4445 1725 4509 inflammatur
1753 4448 1831 4509 ad

357 4539 652 4603 desideria
691 4542 921 4617 carnis,
955 4543 1110 4604 dum
1153 4544 1297 4624 igne
1338 4544 1832 4625 perturbationis

360 4640 707 4702 accenditur
735 4641 815 4703 ad
855 4639 1138 4704 furorem
1169 4650 1230 4704 et
1273 4643 1453 4716 iram,
1487 4643 1640 4704 dum
1672 4663 1834 4707 vana

362 4736 544 4816 gloria
581 4746 685 4801 aut
725 4740 996 4802 elatione
1039 4741 1350 4821 pulsatur,
1384 4741 1538 4804 dum
1577 4743 1834 4806 tristitia

367 4843 614 4899 mortem
643 4845 944 4920 operante
975 4839 1384 4921 opprimitur,
1418 4840 1572 4902 dum
1601 4842 1834 4904 acediae

365 4931 819 5016 impugnatione
859 4937 1242 5013 concutitur,
1284 4938 1437 5000 dum
1487 4940 1662 5000 omni
1712 4941 1837 5022 spi—

366 5031 557 5095 rituali
600 5033 846 5098 fervore
887 5034 1230 5110 subtracto,
1264 5037 1539 5119 quodam
1583 5046 1836 5120 torpore

363 5128 632 5204 tabescit,
675 5133 762 5194 ita
805 5139 876 5194 ut
917 5150 1046 5195 non
1097 5132 1302 5196 solum
1349 5134 1837 5216 cogitationibus

365 5227 537 5290 rectis
575 5247 646 5291 ac
682 5230 948 5293 fervidis
979 5231 1380 5308 destituatur,
1415 5233 1525 5295 sed
1568 5234 1841 5314 psalmo-

369 5323 468 5385 dia
492 5344 761 5410 quoque,
787 5330 986 5392 oratio
1015 5337 1080 5391 et
1109 5330 1284 5394 cellae
1314 5331 1581 5394 remotio
1611 5331 1732 5394 sibi
1765 5333 1844 5395 si-

1943 4355 2197 4429 ruptam
2245 4347 2442 4408 animi
2493 4346 2932 4410 fortitudinem
2982 4346 3434 4424 conservabat3

1902 4436 1911 4444 ’
1945 4447 2098 4507 dum
2139 4445 2291 4506 item
2324 4446 2498 4506 omni
2540 4445 2892 4507 substantia
2921 4444 3278 4526 opibusque
3314 4444 3437 4526 pri-

1943 4552 2126 4606 vatus
2165 4543 2329 4605 sedit
2360 4544 2423 4604 in
2457 4544 2879 4625 sterquilinio,
2913 4552 2975 4606 et
3005 4553 3304 4626 tanquam
3346 4563 3439 4606 se-
3480 4563 3595 4608 ιῡᾱι.
3618 4566 3718 4616 ms.

1943 4642 2316 4703 verissimus
2349 4641 2587 4723 proprii
2629 4642 2911 4722 corporis
2951 4642 3253 4718 carnifex,
3288 4663 3434 4706 cum

1944 4748 2104 4803 testa
2134 4739 2395 4802 detersit
2425 4739 2667 4801 saniem
2701 4739 3141 4821 profluentem,
3156 4760 3233 4804 ex
3262 4744 3438 4805 omni

1946 4857 2199 4923 quoque
2260 4845 2435 4920 parte
2496 4836 2929 4900 membrorum
2986 4839 3256 4903 detraxit
3303 4860 3439 4904 ver-

1949 4938 2150 5000 mium
2184 4936 2497 5009 cumuIOS,
2532 4935 2907 5017 imprimens
2939 4937 3167 5018 digitos
3209 4939 3274 5001 in
3304 4939 3442 5001 vul-

1948 5055 2173 5099 nerum
2228 5053 2488 5097 suorum
2538 5033 2871 5115 profunda.
2914 5036 2983 5097 In
3028 5035 3262 5117 quibus
3308 5055 3443 5099 om-

1950 5135 2138 5197 nibus
2184 5151 2587 5214 nequaquam
2641 5132 2855 5214 lapsus
2905 5141 3000 5194 est
3050 5133 3115 5194 in
3162 5133 3444 5216 aliquam

1951 5231 2415 5315 blasphemiam
2457 5230 2870 5312 desperando,
2905 5249 3021 5293 nec
3052 5239 3271 5294 contra
3301 5232 3443 5295 Cre-

1953 5319 2195 5395 atorem
2235 5349 2424 5392 suum
2461 5329 2881 5391 murmuravit
2919 5329 2983 5391 in
3018 5330 3233 5414 aliquo
3267 5348 3281 5394 ε
3315 5331 3443 5394 imo
