4359 6267
909 500 1028 566 320

1315 741 1819 806 CAPITULUM
1883 742 2006 805 III.

1007 889 1173 946 Unde
1203 895 1495 946 nascatur
1522 889 1977 946 indissolubilis
2005 890 2303 946 amicitia.

1060 1086 1185 1149 INC
1228 1088 1391 1150 inter
1424 1087 1640 1150 omnia
1678 1088 1797 1149 ista
1836 1106 2037 1149 unum
2076 1095 2172 1150 est
2212 1087 2407 1149 indis-

1089 1185 1360 1248 solubile
1403 1204 1603 1267 genus
1646 1185 2029 1260 dilectioni3‚
2067 1186 2236 1267 quod
2288 1204 2404 1246 nec

909 1286 1111 1366 gratia
1183 1284 1774 1360 commendationiS,
1845 1303 1962 1347 nec
2034 1285 2405 1366 magnitudo

913 1383 1196 1446 muneris
1245 1383 1380 1446 sive
1428 1382 1654 1458 officii,
1701 1403 1818 1446 nec
1869 1393 2252 1459 contractus,
2300 1402 2405 1446 ne-

911 1503 1035 1566 que
1079 1482 1444 1556 necessitaS,
1479 1483 1588 1544 sed
1634 1482 1766 1546 sola
1814 1483 2167 1545 similitudo
2208 1483 2405 1546 virtu-

911 1591 1048 1644 tum
1101 1583 1264 1664 parit
1311 1600 1387 1643 ac
1434 1582 1592 1643 unit.
1646 1581 1789 1645 Haec
1838 1590 1933 1644 est
1986 1583 2214 1644 caritas
2262 1601 2404 1664 quae

912 1683 1106 1746 nullis
1166 1700 1448 1763 unquam
1510 1681 1762 1744 casibus
1822 1681 2154 1756 scinditur,
2210 1702 2400 1764 quam

914 1780 1244 1843 intervalla
1293 1779 1574 1842 locorum
1633 1788 1741 1842 aut
1793 1788 2154 1861 temporum
2210 1780 2406 1842 disso-

1596 520 2011 567 COLLATIONUM
2053 521 2138 566 SS.
2173 520 2417 566 PA'mtm
2458 521 2632 567 LIBER
2675 522 2736 567 11.
2782 540 2863 550 —
2904 521 3189 568 COLLATIO
3230 521 3335 567 xvl

2433 690 2486 753 A
2516 691 2825 753 virtutum
2875 691 3239 767 foederatur,
3293 692 3687 755 contrahitur
3730 700 3795 754 et
3846 692 4017 756 fove-

2514 797 2619 851 tur
2652 807 2666 852 :
2700 790 3007 853 Dominus
3038 792 3209 854 enim
3242 790 3597 854 inhabitare
3636 789 3790 854 facit
3820 792 4013 854 unius
4040 806 4282 858 ramus*

2515 889 2710 951 moris
2751 891 2817 952 in
2855 890 3062 952 domo.
3096 891 3339 953 Idcirco
3378 890 3634 954 dilectio
3674 899 3880 974 potest
3918 890 4014 953 in-

2515 988 2769 1070 dirupta
2818 1007 3073 1050 manere
3113 996 3361 1052 tantum
3412 990 3479 1051 in
3521 989 3621 1051 his
3663 989 3732 1051 in
3774 989 4011 1070 quibus

2515 1087 2804 1149 consistit
2836 1106 3037 1149 unum
3077 1088 3498 1170 propositum,
3533 1107 3659 1149 una
3690 1087 4007 1160 voluntaS,

2515 1203 2716 1247 unum
2765 1185 2929 1247 velle
2976 1205 3050 1248 ac
3098 1185 3286 1250 nolle.
3330 1187 3527 1260 Quam
3578 1187 3903 1249 caritatem
3954 1188 4006 1248 si

2514 1284 2749 1365 cupitis
2791 1284 3245 1347 inviolabiliter
3278 1302 3673 1359 conservare,
3707 1284 4007 1347 festinare

2514 1382 2758 1445 debetis
2804 1392 2872 1445 ut
2915 1384 3089 1447 vitiis
3133 1385 3341 1466 primo
3389 1385 3696 1468 expulsiS‚
3742 1385 4009 1448 mortifi-

2514 1482 2670 1544 cetis
2721 1482 3009 1564 proprias
3052 1482 3429 1558 voluntateS,
3472 1491 3784 1567 quatenus
3828 1484 4007 1546 unito

2514 1580 2727 1643 studio
2766 1599 2840 1642 ac
2884 1581 3209 1662 proposito
3253 1582 3433 1664 quasi
3481 1581 3853 1644 naturaliter
3893 1582 4007 1644 im-

2516 1678 2741 1760 pleatis
2775 1679 2932 1741 illud
2968 1680 3414 1761 propheticum
3441 1699 3456 1742 ε
3482 1681 3643 1743 Ecce
3678 1700 3871 1762 quam
3900 1680 4007 1743 bo-
4050 1679 4282 1748 Panna,

2516 1796 2673 1839 num
2718 1785 2780 1838 et
2820 1795 3012 1858 quam
3052 1777 3411 1857 jucundum
3454 1778 3741 1840 habitare
3784 1777 4005 1841 fratres
4038 1767 4073 1804 ¹·

912 1880 1080 1942 ciare
1129 1887 1238 1941 aut
1291 1897 1617 1941 removere
1675 1896 1802 1941 non
1857 1878 2221 1960 praevalent,
2276 1879 2405 1940 imo
2441 1882 2488 1943 B
2518 1875 2583 1937 in
2616 1895 2835 1937 unum.
2872 1876 3047 1949 Quod
3077 1894 3203 1939 non
3235 1876 3539 1950 localiter,
3572 1878 3680 1940 sed
3718 1877 4008 1960 spiritua-

907 1995 1029 2038 nec
1061 1993 1229 2038 mors
1263 1977 1400 2058 ipsa
1438 1975 1701 2038 divellit.
1736 1976 1879 2038 Haec
1918 1983 2016 2038 e'st
2043 1994 2194 2037 vera
2221 1985 2285 2037 et
2314 1976 2406 2037 in-
2520 1975 2663 2036 liter
2693 1982 2942 2056 oportet
2972 1974 3261 2057 intelligi.
3285 1976 3456 2038 Nihil
3488 1977 3725 2038 etenim
3758 1977 4012 2059 prodest

909 2075 1164 2156 dirupta
1222 2074 1500 2148 dilectio,
1553 2093 1695 2157 quae
1751 2073 1980 2136 crescit
2025 2092 2098 2135 ac
2149 2074 2407 2154 proficit
2518 2073 2571 2135 si
2617 2073 2901 2136 moribus
2950 2093 3023 2135 ac
3067 2075 3395 2156 proposito
3436 2075 3869 2139 discordantes
3910 2076 4014 2138 ha-

910 2174 1163 2255 gemina
1221 2174 1575 2236 amicorum
1637 2173 1872 2235 virtute
1932 2192 2005 2234 ac
2063 2172 2404 2255 perfectio·
2518 2171 2823 2236 bitatione
2865 2172 3237 2254 jungantur,
3280 2174 3445 2236 sicut
3487 2193 3605 2236 nec
3647 2174 3828 2237 obest
3875 2174 4013 2237 fun-

911 2290 1045 2352 ne3
1097 2272 1281 2354 cujus
1329 2272 1536 2335 foedus
1587 2272 1785 2334 semel
1837 2273 2068 2334 initum
2126 2289 2252 2334 non
2311 2273 2404 2335 di-

913 2379 1168 2453 rumpet
1224 2371 1676 2434 desideriorum
1729 2370 2021 2444 varietaS,
2074 2390 2193 2433 nec
2252 2389 2403 2434 con-

911 2470 1178 2534 tentiosa
1207 2471 1613 2533 contrarietas
1651 2470 2071 2533 voluntatum.
2107 2471 2402 2533 Ceterum

912 2569 1145 2632 multos
1193 2569 1489 2632 novimus
1539 2570 1605 2632 in
1649 2569 2040 2651 professione
2090 2569 2207 2630 hac
2257 2586 2401 2631 con-

909 2667 1183 2741 stitutoS‚
1235 2667 1345 2749 qui
1395 2687 1594 2750 quum
1651 2675 1863 2730 essent
1914 2667 2239 2748 conjuncti
2288 2667 2400 2730 fla-

906 2767 1310 2848 grantissima
1351 2766 1677 2830 sodalitate
1720 2785 1798 2829 ex
1841 2766 2069 2830 Christi
2114 2767 2394 2841 caritate,

907 2885 1034 2930 non
1093 2874 1303 2928 tamen
1371 2873 1716 2948 potuerunt
1781 2885 1918 2928 eam
1987 2884 2238 2929 servare
2298 2867 2395 2928 in-

907 2966 1160 3048 dirupte
1209 2984 1411 3047 usque
1461 2965 1526 3027 in
1573 2964 1772 3027 finem
1827 2983 1840 3026 :
1893 2966 2196 3048 quoniam
2250 2965 2397 3027 licet

909 3065 1333 3128 inniterentur
1363 3064 1530 3127 bono
1558 3064 1877 3146 principio
1906 3065 2247 3139 societatiS,
2271 3082 2397 3126 non
2439 3063 2483 3128 C

908 3172 1122 3226 tamen
1153 3180 1281 3225 uno
1318 3163 1529 3226 studio
1567 3163 1830 3245 parique
1870 3163 2198 3245 diligentia
2228 3171 2405 3226 tenu-

911 3268 1098 3323 erunt
1135 3268 1459 3342 arreptum
1495 3261 1924 3343 propositum3
1957 3261 2209 3344 fuitque
2243 3262 2408 3323 inter

913 3377 1020 3422 eos
1062 3360 1342 3441 quaedam
1380 3360 1748 3441 temporalis
1787 3360 2065 3434 affecti0‚
2098 3361 2250 3443 quia
2283 3378 2409 3422 non

913 3457 1283 3520 servabatur
1338 3459 1474 3540 pari
1531 3458 1821 3540 profectu
1882 3460 2240 3533 amborum,
2298 3461 2409 3522 sed

917 3557 1222 3638 patientia
1273 3557 1460 3619 unius
1511 3558 1856 3619 dumtaxat.
1908 3558 2065 3620 Nam
2116 3559 2411 3641 quamvis

915 3663 1204 3718 teneatur
1267 3656 1755 3737 magnanimiter
1815 3676 1888 3718 ac
1953 3657 2268 3720 indefesse
2330 3657 2411 3720 ab

916 3773 1065 3828 uno,
1093 3755 1296 3817 nihilo
1328 3754 1539 3817 minus
1571 3756 1961 3838 dirumpitur
1990 3756 2412 3839 pusillanimi—

915 3861 1040 3916 tate
1089 3873 1161 3916 ac
1211 3852 1690 3918 defectuositate
1739 3856 2018 3918 alterius.
2073 3856 2412 3918 Infirmita-

916 3962 1008 4014 tes
1060 3972 1336 4035 namque
1389 3972 1611 4016 eorum
1660 3955 1770 4036 qui
1819 3955 1894 4016 ad
1951 3953 2409 4036 perfectionem

914 4049 1127 4131 tepide
1185 4051 1475 4124 tendunt,
1533 4059 2124 4133 quantumcumque
2186 4070 2412 4133 magna

913 4149 1248 4211 tolerantia
1286 4149 1720 4211 sustineantur
1755 4169 1791 4211 a
1830 4149 2126 4224 fortibuS,
2161 4167 2288 4213 non
2326 4157 2413 4212 ta-

915 4345 1086 4407 niam
1119 4344 1354 4407 habent
1396 4365 1616 4408 causas
1654 4345 2155 4409 commotionum
2191 4347 2410 4410 insitas

915 4443 1061 4518 sibi,
1104 4463 1246 4527 quae
1289 4462 1396 4507 eos
1437 4445 1766 4527 quiescere
1808 4462 1936 4508 non
1981 4446 2359 4527 permittunt
2393 4465 2406 4509 ε

916 4543 1457 4625 quemadmodum
1531 4545 1943 4626 corporaliter
2010 4543 2409 4608 infirmantes

914 4642 1119 4704 solent
1175 4641 1578 4706 infirmitates
1638 4663 1783 4706 suas
1844 4644 2159 4726 imputare
2214 4645 2410 4726 negli-

911 4740 1143 4822 gentiis
1213 4741 1650 4803 ministrorum
1719 4743 1853 4804 sive
1922 4760 2294 4825 coquorum,
2348 4751 2409 4806 et

910 4847 1504 4922 quantumcumque
1546 4841 1817 4904 sollicite
1858 4841 1951 4904 eis
1991 4843 2404 4917 deserviatur,

910 4938 1114 5000 nihilo
1165 4939 1377 5000 minus
1428 4939 1631 5001 solent
1680 4959 1900 5002 causas
1949 4960 2078 5004 suae
2127 4941 2407 5024 indispo-

909 5036 1158 5099 sitionis
1214 5037 1574 5100 adscribere
1633 5038 1824 5111 sanis,
1875 5057 2033 5121 quas
2086 5057 2212 5102 non
2266 5059 2406 5102 sen-

908 5134 1077 5196 tiunt
1109 5135 1234 5197 sibi
1266 5135 1472 5197 inesse
1509 5137 1782 5218 propriae
1810 5137 2195 5201 valetudinis
2225 5139 2400 5202 vitio.

990 5233 1253 5306 Idcirco,
1289 5241 1360 5295 ut
1397 5234 1698 5310 diximuS,
1730 5236 1865 5299 haec
1904 5227 2001 5298 'est
2043 5236 2175 5300 fida
2212 5245 2276 5300 et
2317 5237 2406 5299 in-

910 5331 1304 5395 dissolubilis
1350 5333 1646 5397 amicitiae
1689 5335 1862 5409 unio,
1905 5355 2046 5417 quae
2089 5337 2404 5419 parilitate

2518 2271 2679 2332 datis
2722 2271 2859 2352 pari
2902 2271 3161 2344 virtute,
3194 2289 3309 2354 per
3352 2271 3637 2334 locorum
3680 2272 4013 2336 intervalla

2515 2368 2769 2430 distare.
2834 2368 3164 2451 Siquidem
3226 2388 3437 2433 coram
3498 2372 3626 2433 Deo
3685 2371 4013 2453 conjungit

2515 2467 2743 2530 fratres
2794 2468 3204 2531 conformitas
3255 2487 3529 2544 morum,
3577 2488 3705 2533 non
3754 2471 4011 2534 cohabi-

2516 2567 2666 2628 tatio
2728 2566 2861 2629 sola
2920 2566 3243 2647 locorum3
3288 2587 3406 2631 nec
3468 2587 3751 2650 unquam
3808 2577 4013 2652 potest

2514 2665 2689 2746 pacis
2731 2664 3061 2748 integritas
3103 2667 3431 2742 custodiri,
3466 2667 3578 2730 ubi
3614 2669 4008 2732 voluntatum

2511 2763 2845 2828 diversitas
2892 2765 3235 2830 invenitur.

2918 3025 3429 3090 CAPITULUM
3494 3026 3608 3089 IV.

2519 3173 2957 3246 Interroqatio,
2987 3191 3071 3230 an
3099 3174 3349 3247 aliquid
3374 3175 3518 3244 fieri
3553 3175 3769 3232 debeat
3805 3183 4011 3234 contra

2946 3263 3311 3320 voluntatem
3339 3263 3587 3335 fratris,

2664 3465 3026 3529 ERMANUS
3073 3483 3087 3527 ε
3140 3466 3298 3539 Quid
3353 3485 3523 3548 ergo,
3578 3468 3630 3530 si
3691 3487 3857 3530 unus
3912 3486 4013 3530 vo-

2692 3564 2881 3627 luerit
2920 3563 3129 3628 facere
3168 3563 3412 3647 aliquid
3450 3567 3619 3648 quod
3660 3565 4009 3628 secundum

2522 3663 2721 3726 Deum
2775 3663 3006 3725 viderit
3057 3664 3465 3726 commodum
3515 3671 3578 3726 et
3626 3663 3903 3734 salubre,
3952 3672 4011 3726 et

2521 3761 2681 3823 alter
2730 3778 2855 3823 non
2912 3769 3168 3842 praestet
3214 3767 3601 3825 assensum?
3655 3762 4011 3845 Exsequen-

2523 3860 2761 3922 dumne
2792 3866 2889 3921 est
2919 3859 3077 3922 illud
3109 3868 3328 3922 contra
3358 3861 3745 3924 desiderium
3776 3861 4007 3934 fratris,

2521 3977 2602 4020 an
2644 3958 2720 4020 ad
2764 3957 3099 4020 arbitrium
3145 3958 3285 4040 ejus
3330 3960 3412 4021 sit
3453 3959 3945 4024 dimittendum?

2944 4216 3448 4280 CAPITULUM
3509 4215 3591 4278 V.

2630 4355 2961 4426 Responsio
2988 4356 3073 4411 ad
3092 4357 3476 4429 propositam
3502 4357 3913 4429 quoestionem.

2616 4552 2856 4615 OSEPH
2886 4571 2899 4615 ε
2928 4555 3073 4617 Ideo
3104 4554 3384 4618 diximus
3416 4553 3765 4636 perfectam
3796 4563 3856 4617 et
3890 4555 4015 4638 ple-

2634 4671 2779 4714 nam
2824 4652 3170 4714 amicitiam
3215 4671 3621 4735 perseverare
3662 4671 3791 4717 non
3833 4671 4013 4736 posse

2518 4751 2643 4813 nisi
2693 4751 2858 4813 inter
2898 4751 3069 4814 viros
3112 4749 3427 4833 perfectos
3477 4752 3543 4813 in
3586 4752 3824 4814 virtute
3874 4771 4015 4814 con—

2518 4849 2777 4923 formeS,
2811 4867 2969 4930 quos
3000 4851 3222 4913 eadem
3251 4850 3546 4913 voluntas
3575 4859 3639 4913 et
3670 4851 3843 4913 idem
3875 4869 4010 4935 pro-

2518 4948 2797 5030 positum
2848 4967 3177 5030 nunquam
3226 4955 3335 5011 aut
3377 4967 3519 5011 raro
3569 4949 3885 5031 permittit
3926 4950 4012 5012 di-

2518 5065 2700 5108 versa
2732 5047 2989 5118 sentire,
3023 5054 3132 5108 aut
3162 5045 3501 5109 dissentire
3533 5046 3598 5109 in
3630 5047 3731 5110 his
3761 5067 3907 5129 quae.
3934 5048 4008 5110 ad

2517 5143 2876 5225 profectum
2908 5143 3258 5226 spiritualis
3294 5144 3615 5226 pertinent
3641 5145 3811 5209 vitae.
3836 5145 4007 5220 Quod

2517 5241 2570 5303 si
2611 5241 2915 5304 animosis
2962 5241 3474 5306 contentionibus
3522 5243 3837 5325 coeperint
3880 5261 4008 5306 cor-

2515 5338 2730 5415 rixari,
2756 5347 3001 5402 constat
3026 5357 3133 5404 eos
3165 5359 3493 5424 nunquam
3520 5340 3720 5404 fuisse
3753 5359 4004 5406 concor-
