<?xml version="1.0" encoding="UTF-8"?>
<!DOCTYPE html PUBLIC "-//W3C//DTD XHTML 1.0 Transitional//EN"
    "http://www.w3.org/TR/xhtml1/DTD/xhtml1-transitional.dtd">
<html xmlns="http://www.w3.org/1999/xhtml" xml:lang="en" lang="en">
 <head>
  <title>
</title>
<meta http-equiv="Content-Type" content="text/html;charset=utf-8" />
  <meta name='ocr-system' content='tesseract 3.04.00' />
  <meta name='ocr-capabilities' content='ocr_page ocr_carea ocr_par ocr_line ocrx_word'/>
</head>
<body>
  <div class='ocr_page' id='page_1' title='image "./doctorisecstati03denigoog_0260.png"; bbox 0 0 4359 6267; ppageno 0'>
   <div class='ocr_carea' id='block_1_1' title="bbox 548 3652 766 3697">
    <p class='ocr_par' dir='ltr' id='par_1_1' title="bbox 548 3652 766 3697">
     <span class='ocr_line' id='line_1_1' title="bbox 548 3652 766 3697; baseline 0.005 -1"><span class='ocrx_word' id='word_1_1' title='bbox 548 3653 568 3675; x_wconf 76' lang='lat'><em>⁶</em></span> <span class='ocrx_word' id='word_1_2' title='bbox 593 3652 766 3697; x_wconf 71' lang='lat' dir='ltr'><strong>mittat</strong></span> 
     </span>
    </p>
   </div>
   <div class='ocr_carea' id='block_1_2' title="bbox 825 493 946 560">
    <p class='ocr_par' dir='ltr' id='par_1_2' title="bbox 825 493 946 560">
     <span class='ocr_line' id='line_1_2' title="bbox 825 493 946 560; baseline 0.017 -2"><span class='ocrx_word' id='word_1_3' title='bbox 825 493 946 560; x_wconf 75' lang='lat'><strong>252</strong></span> 
     </span>
    </p>
   </div>
   <div class='ocr_carea' id='block_1_3' title="bbox 1533 514 3215 562">
    <p class='ocr_par' dir='ltr' id='par_1_3' title="bbox 1533 514 3215 562">
     <span class='ocr_line' id='line_1_3' title="bbox 1533 514 3215 562; baseline -0.001 0"><span class='ocrx_word' id='word_1_4' title='bbox 1533 515 1950 562; x_wconf 75' lang='lat' dir='ltr'><strong>COLLATloNUu</strong></span> <span class='ocrx_word' id='word_1_5' title='bbox 1992 515 2076 560; x_wconf 88' lang='lat' dir='ltr'><strong>SS.</strong></span> <span class='ocrx_word' id='word_1_6' title='bbox 2113 514 2357 560; x_wconf 76' lang='lat' dir='ltr'><strong>PA&#39;muu</strong></span> <span class='ocrx_word' id='word_1_7' title='bbox 2399 515 2571 560; x_wconf 73' lang='lat' dir='ltr'>LIBER</span> <span class='ocrx_word' id='word_1_8' title='bbox 2615 515 2654 560; x_wconf 88' lang='lat' dir='ltr'><strong>l.</strong></span> <span class='ocrx_word' id='word_1_9' title='bbox 2700 533 2782 543; x_wconf 86' lang='lat'><strong>—</strong></span> <span class='ocrx_word' id='word_1_10' title='bbox 2821 515 3108 562; x_wconf 75' lang='lat' dir='ltr'><strong>COLLA&#39;rlo</strong></span> <span class='ocrx_word' id='word_1_11' title='bbox 3152 516 3215 560; x_wconf 77' lang='lat'><strong>11</strong></span> 
     </span>
    </p>
   </div>
   <div class='ocr_carea' id='block_1_4' title="bbox 821 680 3927 766">
    <p class='ocr_par' dir='ltr' id='par_1_4' title="bbox 821 680 3927 766">
     <span class='ocr_line' id='line_1_4' title="bbox 821 680 3927 766; baseline -0.001 -23"><span class='ocrx_word' id='word_1_12' title='bbox 821 683 932 758; x_wconf 89' lang='lat' dir='ltr'><strong>tio,</strong></span> <span class='ocrx_word' id='word_1_13' title='bbox 966 682 1334 766; x_wconf 90' lang='lat' dir='ltr'><strong>frequenter</strong></span> <span class='ocrx_word' id='word_1_14' title='bbox 1365 685 1568 748; x_wconf 83' lang='lat' dir='ltr'><strong>erexit</strong></span> <span class='ocrx_word' id='word_1_15' title='bbox 1599 685 1906 748; x_wconf 88' lang='lat' dir='ltr'><strong>affectum</strong></span> <span class='ocrx_word' id='word_1_16' title='bbox 1941 683 2315 766; x_wconf 85' lang='lat' dir='ltr'><strong>jacentium.</strong></span> <span class='ocrx_word' id='word_1_17' title='bbox 2351 683 2402 746; x_wconf 86' lang='grc' dir='ltr'>Α</span> <span class='ocrx_word' id='word_1_18' title='bbox 2434 702 2536 746; x_wconf 92' lang='lat' dir='ltr'><strong>me</strong></span> <span class='ocrx_word' id='word_1_19' title='bbox 2565 685 2854 759; x_wconf 82' lang='lat' dir='ltr'><strong>Domine,</strong></span> <span class='ocrx_word' id='word_1_20' title='bbox 2890 693 2959 746; x_wconf 88' lang='lat' dir='ltr'><strong>ut</strong></span> <span class='ocrx_word' id='word_1_21' title='bbox 2990 684 3223 748; x_wconf 80' lang='lat' dir='ltr'><strong>laetitiae</strong></span> <span class='ocrx_word' id='word_1_22' title='bbox 3252 681 3621 764; x_wconf 81' lang='lat' dir='ltr'><strong>magnitudo</strong></span> <span class='ocrx_word' id='word_1_23' title='bbox 3655 680 3927 743; x_wconf 81' lang='lat' dir='ltr'><strong>dictaret</strong></span> 
     </span>
    </p>
   </div>
   <div class='ocr_carea' id='block_1_5' title="bbox 813 780 2322 1633">
    <p class='ocr_par' dir='ltr' id='par_1_5' title="bbox 813 780 2322 1633">
     <span class='ocr_line' id='line_1_5' title="bbox 821 780 2322 866; baseline 0.001 -24"><span class='ocrx_word' id='word_1_24' title='bbox 821 781 1071 844; x_wconf 84' lang='lat' dir='ltr'><strong>Scimus</strong></span> <span class='ocrx_word' id='word_1_25' title='bbox 1115 782 1307 845; x_wconf 92' lang='lat' dir='ltr'><strong>etiam</strong></span> <span class='ocrx_word' id='word_1_26' title='bbox 1352 784 1519 865; x_wconf 92' lang='lat' dir='ltr'><strong>quod</strong></span> <span class='ocrx_word' id='word_1_27' title='bbox 1565 802 1731 866; x_wconf 81' lang='lat' dir='ltr'><strong>saepe</strong></span> <span class='ocrx_word' id='word_1_28' title='bbox 1776 801 1904 845; x_wconf 90' lang='lat' dir='ltr'><strong>non</strong></span> <span class='ocrx_word' id='word_1_29' title='bbox 1949 783 2161 845; x_wconf 89' lang='lat' dir='ltr'><strong>minus</strong></span> <span class='ocrx_word' id='word_1_30' title='bbox 2201 780 2322 844; x_wconf 91' lang='lat' dir='ltr'><strong>fui-</strong></span> 
     </span>
     <span class='ocr_line' id='line_1_6' title="bbox 821 881 2319 963; baseline -0.001 -21"><span class='ocrx_word' id='word_1_31' title='bbox 821 899 964 942; x_wconf 91' lang='lat' dir='ltr'><strong>mus</strong></span> <span class='ocrx_word' id='word_1_32' title='bbox 1010 881 1167 944; x_wconf 88' lang='lat' dir='ltr'><strong>moti</strong></span> <span class='ocrx_word' id='word_1_33' title='bbox 1211 882 1291 944; x_wconf 90' lang='lat' dir='ltr'><strong>ad</strong></span> <span class='ocrx_word' id='word_1_34' title='bbox 1336 881 1590 963; x_wconf 81' lang='lat' dir='ltr'>plenam</span> <span class='ocrx_word' id='word_1_35' title='bbox 1636 881 2195 962; x_wconf 83' lang='lat' dir='ltr'>compunctionem</span> <span class='ocrx_word' id='word_1_36' title='bbox 2243 899 2319 942; x_wconf 87' lang='lat' dir='ltr'><strong>ex</strong></span> 
     </span>
     <span class='ocr_line' id='line_1_7' title="bbox 819 979 2320 1061; baseline -0.001 -21"><span class='ocrx_word' id='word_1_37' title='bbox 819 987 1022 1043; x_wconf 89' lang='lat' dir='ltr'><strong>morte</strong></span> <span class='ocrx_word' id='word_1_38' title='bbox 1061 979 1336 1061; x_wconf 88' lang='lat' dir='ltr'><strong>alicujus</strong></span> <span class='ocrx_word' id='word_1_39' title='bbox 1376 980 1636 1058; x_wconf 83' lang='lat' dir='ltr'><strong>dilecti3</strong></span> <span class='ocrx_word' id='word_1_40' title='bbox 1675 979 2026 1042; x_wconf 80' lang='lat' dir='ltr'><strong>recordatio</strong></span> <span class='ocrx_word' id='word_1_41' title='bbox 2065 995 2320 1060; x_wconf 89' lang='lat' dir='ltr'><strong>quoque</strong></span> 
     </span>
     <span class='ocr_line' id='line_1_8' title="bbox 816 1077 2322 1160; baseline -0.002 -20"><span class='ocrx_word' id='word_1_42' title='bbox 816 1078 1056 1160; x_wconf 89' lang='lat' dir='ltr'><strong>teporis</strong></span> <span class='ocrx_word' id='word_1_43' title='bbox 1104 1086 1168 1140; x_wconf 90' lang='lat' dir='ltr'><strong>et</strong></span> <span class='ocrx_word' id='word_1_44' title='bbox 1213 1078 1615 1160; x_wconf 85' lang='lat' dir='ltr'><strong>negligentiae</strong></span> <span class='ocrx_word' id='word_1_45' title='bbox 1656 1087 1885 1141; x_wconf 81' lang='lat' dir='ltr'><strong>nostrae</strong></span> <span class='ocrx_word' id='word_1_46' title='bbox 1925 1077 2175 1140; x_wconf 84' lang='lat' dir='ltr'>induxit</span> <span class='ocrx_word' id='word_1_47' title='bbox 2214 1093 2322 1137; x_wconf 91' lang='lat' dir='ltr'><strong>no-</strong></span> 
     </span>
     <span class='ocr_line' id='line_1_9' title="bbox 818 1174 2314 1258; baseline -0.002 -20"><span class='ocrx_word' id='word_1_48' title='bbox 818 1176 917 1238; x_wconf 94' lang='lat' dir='ltr'><strong>bis</strong></span> <span class='ocrx_word' id='word_1_49' title='bbox 949 1177 1289 1258; x_wconf 89' lang='lat' dir='ltr'><strong>aliquando</strong></span> <span class='ocrx_word' id='word_1_50' title='bbox 1320 1176 1661 1238; x_wconf 89' lang='lat' dir='ltr'><strong>salutarem</strong></span> <span class='ocrx_word' id='word_1_51' title='bbox 1703 1177 1935 1238; x_wconf 91' lang='lat' dir='ltr'><strong>mentis</strong></span> <span class='ocrx_word' id='word_1_52' title='bbox 1977 1174 2314 1238; x_wconf 88' lang='lat' dir='ltr'><strong>fervorem.</strong></span> 
     </span>
     <span class='ocr_line' id='line_1_10' title="bbox 816 1272 2319 1357; baseline -0.003 -20"><span class='ocrx_word' id='word_1_53' title='bbox 816 1274 1021 1357; x_wconf 86' lang='lat' dir='ltr'><strong>Atque</strong></span> <span class='ocrx_word' id='word_1_54' title='bbox 1052 1276 1172 1337; x_wconf 90' lang='lat' dir='ltr'><strong>hoc</strong></span> <span class='ocrx_word' id='word_1_55' title='bbox 1207 1276 1394 1338; x_wconf 92' lang='lat' dir='ltr'><strong>modo</strong></span> <span class='ocrx_word' id='word_1_56' title='bbox 1425 1283 1668 1337; x_wconf 88' lang='lat' dir='ltr'><strong>certum</strong></span> <span class='ocrx_word' id='word_1_57' title='bbox 1697 1282 1794 1337; x_wconf 92' lang='lat' dir='ltr'><strong>est</strong></span> <span class='ocrx_word' id='word_1_58' title='bbox 1826 1272 2319 1337; x_wconf 87' lang='lat' dir='ltr'><strong>innumerabiles</strong></span> 
     </span>
     <span class='ocr_line' id='line_1_11' title="bbox 815 1371 2320 1455; baseline -0.003 -19"><span class='ocrx_word' id='word_1_59' title='bbox 815 1393 954 1436; x_wconf 87' lang='lat' dir='ltr'><strong>esse</strong></span> <span class='ocrx_word' id='word_1_60' title='bbox 985 1374 1371 1447; x_wconf 82' lang='lat' dir='ltr'><strong>occasioneS,</strong></span> <span class='ocrx_word' id='word_1_61' title='bbox 1409 1373 1645 1455; x_wconf 91' lang='lat' dir='ltr'><strong>quibus</strong></span> <span class='ocrx_word' id='word_1_62' title='bbox 1677 1381 1858 1455; x_wconf 90' lang='lat' dir='ltr'><strong>tepor</strong></span> <span class='ocrx_word' id='word_1_63' title='bbox 1897 1381 1958 1435; x_wconf 89' lang='lat' dir='ltr'><strong>et</strong></span> <span class='ocrx_word' id='word_1_64' title='bbox 2000 1371 2320 1453; x_wconf 85' lang='lat' dir='ltr'><strong>negligen-</strong></span> 
     </span>
     <span class='ocr_line' id='line_1_12' title="bbox 815 1470 2319 1554; baseline -0.003 -20"><span class='ocrx_word' id='word_1_65' title='bbox 815 1471 904 1534; x_wconf 91' lang='lat' dir='ltr'><strong>tia</strong></span> <span class='ocrx_word' id='word_1_66' title='bbox 954 1472 1161 1534; x_wconf 86' lang='lat' dir='ltr'><strong>cordis</strong></span> <span class='ocrx_word' id='word_1_67' title='bbox 1211 1472 1412 1534; x_wconf 89' lang='lat' dir='ltr'><strong>nostri</strong></span> <span class='ocrx_word' id='word_1_68' title='bbox 1467 1471 1668 1554; x_wconf 88' lang='lat' dir='ltr'><strong>possit</strong></span> <span class='ocrx_word' id='word_1_69' title='bbox 1720 1490 1835 1553; x_wconf 91' lang='lat' dir='ltr'><strong>per</strong></span> <span class='ocrx_word' id='word_1_70' title='bbox 1883 1471 1993 1532; x_wconf 91' lang='lat' dir='ltr'><strong>Dei</strong></span> <span class='ocrx_word' id='word_1_71' title='bbox 2048 1470 2319 1551; x_wconf 79' lang='lat' dir='ltr'><strong>gratiam</strong></span> 
     </span>
     <span class='ocr_line' id='line_1_13' title="bbox 813 1571 1096 1633; baseline 0 -1"><span class='ocrx_word' id='word_1_72' title='bbox 813 1571 1096 1633; x_wconf 90' lang='lat' dir='ltr'><strong>excitari.</strong></span> 
     </span>
    </p>
   </div>
   <div class='ocr_carea' id='block_1_6' title="bbox 1135 1826 1985 1890">
    <p class='ocr_par' dir='ltr' id='par_1_6' title="bbox 1135 1826 1985 1890">
     <span class='ocr_line' id='line_1_14' title="bbox 1135 1826 1985 1890; baseline -0.001 0"><span class='ocrx_word' id='word_1_73' title='bbox 1135 1826 1640 1890; x_wconf 87' lang='lat' dir='ltr'><strong>CAPITULUM</strong></span> <span class='ocrx_word' id='word_1_74' title='bbox 1703 1826 1985 1890; x_wconf 89' lang='lat' dir='ltr'>XXVII.</span> 
     </span>
    </p>
   </div>
   <div class='ocr_carea' id='block_1_7' title="bbox 872 1964 2249 2038">
    <p class='ocr_par' dir='ltr' id='par_1_7' title="bbox 872 1964 2249 2038">
     <span class='ocr_line' id='line_1_15' title="bbox 872 1964 2249 2038; baseline -0.001 -17"><span class='ocrx_word' id='word_1_75' title='bbox 872 1966 957 2022; x_wconf 82' lang='lat' dir='ltr'><strong>De</strong></span> <span class='ocrx_word' id='word_1_76' title='bbox 983 1966 1246 2022; x_wconf 76' lang='lat' dir='ltr'><strong>diversis</strong></span> <span class='ocrx_word' id='word_1_77' title='bbox 1273 1966 1794 2037; x_wconf 76' lang='lat' dir='ltr'><strong>compunctionum</strong></span> <span class='ocrx_word' id='word_1_78' title='bbox 1822 1964 2249 2038; x_wconf 79' lang='lat' dir='ltr'><strong>qualitatibus.</strong></span> 
     </span>
    </p>
   </div>
   <div class='ocr_carea' id='block_1_8' title="bbox 809 2158 2315 3029">
    <p class='ocr_par' dir='ltr' id='par_1_8' title="bbox 946 2158 2314 2242">
     <span class='ocr_line' id='line_1_16' title="bbox 946 2158 2314 2242; baseline 0.001 -22"><span class='ocrx_word' id='word_1_79' title='bbox 946 2159 1035 2221; x_wconf 85' lang='lat' dir='ltr'><strong>ST</strong></span> <span class='ocrx_word' id='word_1_80' title='bbox 1072 2167 1286 2222; x_wconf 90' lang='lat' dir='ltr'><strong>autem</strong></span> <span class='ocrx_word' id='word_1_81' title='bbox 1324 2158 1678 2222; x_wconf 78' lang='lat' dir='ltr'><strong>difficultas</strong></span> <span class='ocrx_word' id='word_1_82' title='bbox 1720 2177 1848 2222; x_wconf 92' lang='lat' dir='ltr'><strong>non</strong></span> <span class='ocrx_word' id='word_1_83' title='bbox 1893 2179 2107 2242; x_wconf 90' lang='lat' dir='ltr'><strong>parva,</strong></span> <span class='ocrx_word' id='word_1_84' title='bbox 2141 2160 2314 2222; x_wconf 91' lang='lat' dir='ltr'><strong>inda-</strong></span> 
     </span>
    </p>

    <p class='ocr_par' dir='ltr' id='par_1_9' title="bbox 809 2258 2315 3029">
     <span class='ocr_line' id='line_1_17' title="bbox 970 2258 2312 2340; baseline 0.001 -21"><span class='ocrx_word' id='word_1_85' title='bbox 970 2276 1117 2338; x_wconf 88' lang='lat' dir='ltr'><strong>gare</strong></span> <span class='ocrx_word' id='word_1_86' title='bbox 1167 2258 1440 2340; x_wconf 89' lang='lat' dir='ltr'><strong>qualiter</strong></span> <span class='ocrx_word' id='word_1_87' title='bbox 1487 2265 1551 2320; x_wconf 90' lang='lat' dir='ltr'><strong>et</strong></span> <span class='ocrx_word' id='word_1_88' title='bbox 1596 2258 1832 2339; x_wconf 90' lang='lat' dir='ltr'><strong>quibus</strong></span> <span class='ocrx_word' id='word_1_89' title='bbox 1887 2258 2090 2322; x_wconf 89' lang='lat' dir='ltr'><strong>modis</strong></span> <span class='ocrx_word' id='word_1_90' title='bbox 2142 2276 2312 2321; x_wconf 94' lang='lat' dir='ltr'><strong>com-</strong></span> 
     </span>
     <span class='ocr_line' id='line_1_18' title="bbox 813 2356 2312 2439; baseline 0.001 -22"><span class='ocrx_word' id='word_1_91' title='bbox 813 2357 1190 2439; x_wconf 80' lang='lat' dir='ltr'><strong>punctiones</strong></span> <span class='ocrx_word' id='word_1_92' title='bbox 1238 2356 1336 2420; x_wconf 83' lang='lat' dir='ltr'><strong>hae</strong></span> <span class='ocrx_word' id='word_1_93' title='bbox 1385 2359 1730 2439; x_wconf 83' lang='lat' dir='ltr'><strong>procedant</strong></span> <span class='ocrx_word' id='word_1_94' title='bbox 1773 2358 1850 2420; x_wconf 98' lang='grc'><strong>(16</strong></span> <span class='ocrx_word' id='word_1_95' title='bbox 1898 2357 2312 2420; x_wconf 89' lang='lat' dir='ltr'><strong>interioribus</strong></span> 
     </span>
     <span class='ocr_line' id='line_1_19' title="bbox 811 2454 2314 2536; baseline 0.001 -20"><span class='ocrx_word' id='word_1_96' title='bbox 811 2455 1059 2518; x_wconf 78' lang='lat' dir='ltr'><strong>animae.</strong></span> <span class='ocrx_word' id='word_1_97' title='bbox 1096 2455 1481 2536; x_wconf 87' lang='lat' dir='ltr'><strong>Frequenter</strong></span> <span class='ocrx_word' id='word_1_98' title='bbox 1519 2457 1690 2518; x_wconf 88' lang='lat' dir='ltr'><strong>enim</strong></span> <span class='ocrx_word' id='word_1_99' title='bbox 1734 2454 1970 2518; x_wconf 88' lang='lat' dir='ltr'><strong>fluctus</strong></span> <span class='ocrx_word' id='word_1_100' title='bbox 2011 2475 2123 2519; x_wconf 91' lang='lat' dir='ltr'><strong>seu</strong></span> <span class='ocrx_word' id='word_1_101' title='bbox 2163 2475 2314 2518; x_wconf 86' lang='lat' dir='ltr'><strong>exu-</strong></span> 
     </span>
     <span class='ocr_line' id='line_1_20' title="bbox 812 2553 2315 2637; baseline 0.001 -23"><span class='ocrx_word' id='word_1_102' title='bbox 812 2553 1098 2615; x_wconf 91' lang='lat' dir='ltr'><strong>berantia</strong></span> <span class='ocrx_word' id='word_1_103' title='bbox 1122 2553 1556 2617; x_wconf 63' lang='lat' dir='ltr'><strong>saluberrimae</strong></span> <span class='ocrx_word' id='word_1_104' title='bbox 1582 2553 2091 2637; x_wconf 89' lang='lat' dir='ltr'><strong>compunctionis</strong></span> <span class='ocrx_word' id='word_1_105' title='bbox 2118 2573 2315 2617; x_wconf 91' lang='lat' dir='ltr'><strong>emer-</strong></span> 
     </span>
     <span class='ocr_line' id='line_1_21' title="bbox 809 2651 2311 2734; baseline 0.001 -22"><span class='ocrx_word' id='word_1_106' title='bbox 809 2651 902 2733; x_wconf 85' lang='lat' dir='ltr'><strong>git</strong></span> <span class='ocrx_word' id='word_1_107' title='bbox 950 2660 1208 2734; x_wconf 88' lang='lat' dir='ltr'><strong>propter</strong></span> <span class='ocrx_word' id='word_1_108' title='bbox 1267 2651 1596 2715; x_wconf 80' lang='lat' dir='ltr'><strong>ineffabile</strong></span> <span class='ocrx_word' id='word_1_109' title='bbox 1652 2653 1958 2733; x_wconf 86' lang='lat' dir='ltr'><strong>gaudium</strong></span> <span class='ocrx_word' id='word_1_110' title='bbox 2016 2652 2311 2715; x_wconf 89' lang='lat' dir='ltr'><strong>alacrita-</strong></span> 
     </span>
     <span class='ocr_line' id='line_1_22' title="bbox 811 2751 2311 2833; baseline 0.002 -22"><span class='ocrx_word' id='word_1_111' title='bbox 811 2757 1068 2833; x_wconf 89' lang='lat' dir='ltr'><strong>temque</strong></span> <span class='ocrx_word' id='word_1_112' title='bbox 1100 2751 1355 2826; x_wconf 87' lang='lat' dir='ltr'><strong>mentis,</strong></span> <span class='ocrx_word' id='word_1_113' title='bbox 1391 2751 1477 2812; x_wconf 88' lang='lat' dir='ltr'><strong>ita</strong></span> <span class='ocrx_word' id='word_1_114' title='bbox 1509 2759 1578 2813; x_wconf 90' lang='lat' dir='ltr'><strong>ut</strong></span> <span class='ocrx_word' id='word_1_115' title='bbox 1607 2751 1800 2812; x_wconf 88' lang='lat' dir='ltr'><strong>etiam</strong></span> <span class='ocrx_word' id='word_1_116' title='bbox 1839 2759 2214 2833; x_wconf 88' lang='lat' dir='ltr'><strong>prorumpat</strong></span> <span class='ocrx_word' id='word_1_117' title='bbox 2245 2751 2311 2814; x_wconf 90' lang='lat' dir='ltr'><strong>in</strong></span> 
     </span>
     <span class='ocr_line' id='line_1_23' title="bbox 810 2849 2309 2931; baseline 0.001 -20"><span class='ocrx_word' id='word_1_118' title='bbox 810 2850 1118 2930; x_wconf 90' lang='lat' dir='ltr'><strong>quosdam</strong></span> <span class='ocrx_word' id='word_1_119' title='bbox 1159 2850 1464 2913; x_wconf 89' lang='lat' dir='ltr'><strong>clamores</strong></span> <span class='ocrx_word' id='word_1_120' title='bbox 1507 2868 1636 2931; x_wconf 86' lang='lat' dir='ltr'><strong>prae</strong></span> <span class='ocrx_word' id='word_1_121' title='bbox 1675 2849 2104 2911; x_wconf 88' lang='lat' dir='ltr'><strong>immensitate</strong></span> <span class='ocrx_word' id='word_1_122' title='bbox 2147 2849 2309 2913; x_wconf 90' lang='lat' dir='ltr'><strong>into-</strong></span> 
     </span>
     <span class='ocr_line' id='line_1_24' title="bbox 812 2947 2307 3029; baseline 0.001 -21"><span class='ocrx_word' id='word_1_123' title='bbox 812 2947 1092 3009; x_wconf 91' lang='lat' dir='ltr'><strong>lerabilis</strong></span> <span class='ocrx_word' id='word_1_124' title='bbox 1139 2947 1377 3029; x_wconf 87' lang='lat' dir='ltr'><strong>gaudii,</strong></span> <span class='ocrx_word' id='word_1_125' title='bbox 1418 2953 1480 3009; x_wconf 87' lang='lat' dir='ltr'><strong>et</strong></span> <span class='ocrx_word' id='word_1_126' title='bbox 1532 2947 1740 3009; x_wconf 91' lang='lat' dir='ltr'><strong>cordis</strong></span> <span class='ocrx_word' id='word_1_127' title='bbox 1784 2947 2153 3028; x_wconf 86' lang='lat' dir='ltr'><strong>jucunditas</strong></span> <span class='ocrx_word' id='word_1_128' title='bbox 2205 2967 2307 3010; x_wconf 87' lang='lat' dir='ltr'><strong>ex—</strong></span> 
     </span>
    </p>
   </div>
   <div class='ocr_carea' id='block_1_9' title="bbox 813 3143 2314 4112">
    <p class='ocr_par' dir='ltr' id='par_1_10' title="bbox 813 3143 2314 4112">
     <span class='ocr_line' id='line_1_25' title="bbox 813 3143 2308 3206; baseline 0.001 -2"><span class='ocrx_word' id='word_1_129' title='bbox 813 3143 1044 3205; x_wconf 88' lang='lat' dir='ltr'><strong>Fratris</strong></span> <span class='ocrx_word' id='word_1_130' title='bbox 1075 3143 1290 3206; x_wconf 88' lang='lat' dir='ltr'><strong>vicini..</strong></span> <span class='ocrx_word' id='word_1_131' title='bbox 1313 3144 1635 3205; x_wconf 86' lang='lat' dir='ltr'><strong>Interdum</strong></span> <span class='ocrx_word' id='word_1_132' title='bbox 1666 3151 1878 3206; x_wconf 88' lang='lat' dir='ltr'><strong>autem</strong></span> <span class='ocrx_word' id='word_1_133' title='bbox 1913 3143 2076 3206; x_wconf 90' lang='lat' dir='ltr'><strong>intra</strong></span> <span class='ocrx_word' id='word_1_134' title='bbox 2105 3163 2308 3206; x_wconf 90' lang='lat' dir='ltr'><strong>secre-</strong></span> 
     </span>
     <span class='ocr_line' id='line_1_26' title="bbox 813 3242 2312 3324; baseline 0.001 -22"><span class='ocrx_word' id='word_1_135' title='bbox 813 3249 950 3303; x_wconf 90' lang='lat' dir='ltr'><strong>tum</strong></span> <span class='ocrx_word' id='word_1_136' title='bbox 1001 3242 1332 3324; x_wconf 84' lang='lat' dir='ltr'><strong>profundae</strong></span> <span class='ocrx_word' id='word_1_137' title='bbox 1389 3242 1839 3304; x_wconf 87' lang='lat' dir='ltr'><strong>taciturnitatis</strong></span> <span class='ocrx_word' id='word_1_138' title='bbox 1897 3242 2312 3305; x_wconf 89' lang='lat' dir='ltr'><strong>absconditur</strong></span> 
     </span>
     <span class='ocr_line' id='line_1_27' title="bbox 814 3340 2311 3422; baseline 0.001 -20"><span class='ocrx_word' id='word_1_139' title='bbox 814 3348 989 3403; x_wconf 91' lang='lat' dir='ltr'><strong>tanto</strong></span> <span class='ocrx_word' id='word_1_140' title='bbox 1019 3340 1294 3414; x_wconf 89' lang='lat' dir='ltr'><strong>silenti0,</strong></span> <span class='ocrx_word' id='word_1_141' title='bbox 1328 3349 1397 3403; x_wconf 93' lang='lat' dir='ltr'><strong>ut</strong></span> <span class='ocrx_word' id='word_1_142' title='bbox 1436 3347 1658 3422; x_wconf 87' lang='lat' dir='ltr'><strong>stupor</strong></span> <span class='ocrx_word' id='word_1_143' title='bbox 1693 3341 2040 3422; x_wconf 83' lang='lat' dir='ltr'><strong>repentinae</strong></span> <span class='ocrx_word' id='word_1_144' title='bbox 2073 3340 2311 3403; x_wconf 78' lang='lat' dir='ltr'><strong>illumi-</strong></span> 
     </span>
     <span class='ocr_line' id='line_1_28' title="bbox 816 3437 2311 3520; baseline 0.003 -21"><span class='ocrx_word' id='word_1_145' title='bbox 816 3439 1092 3501; x_wconf 88' lang='lat' dir='ltr'><strong>nationis</strong></span> <span class='ocrx_word' id='word_1_146' title='bbox 1141 3437 1436 3500; x_wconf 86' lang='lat' dir='ltr'><strong>excludat</strong></span> <span class='ocrx_word' id='word_1_147' title='bbox 1483 3455 1737 3500; x_wconf 88' lang='lat' dir='ltr'><strong>omnem</strong></span> <span class='ocrx_word' id='word_1_148' title='bbox 1785 3439 2038 3520; x_wconf 90' lang='lat' dir='ltr'><strong>penitus</strong></span> <span class='ocrx_word' id='word_1_149' title='bbox 2083 3457 2311 3502; x_wconf 91' lang='lat' dir='ltr'><strong>sonum</strong></span> 
     </span>
     <span class='ocr_line' id='line_1_29' title="bbox 815 3535 2312 3610; baseline 0.001 -12"><span class='ocrx_word' id='word_1_150' title='bbox 815 3538 1014 3610; x_wconf 80' lang='lat' dir='ltr'><strong>vociS,</strong></span> <span class='ocrx_word' id='word_1_151' title='bbox 1050 3544 1112 3599; x_wconf 92' lang='lat' dir='ltr'><strong>et</strong></span> <span class='ocrx_word' id='word_1_152' title='bbox 1145 3555 1324 3599; x_wconf 88' lang='lat' dir='ltr'><strong>mens</strong></span> <span class='ocrx_word' id='word_1_153' title='bbox 1355 3537 1526 3598; x_wconf 90' lang='lat' dir='ltr'><strong>intus</strong></span> <span class='ocrx_word' id='word_1_154' title='bbox 1558 3535 1880 3598; x_wconf 88' lang='lat' dir='ltr'><strong>contineat</strong></span> <span class='ocrx_word' id='word_1_155' title='bbox 1919 3555 2140 3600; x_wconf 91' lang='lat' dir='ltr'><strong>omnes</strong></span> <span class='ocrx_word' id='word_1_156' title='bbox 2171 3557 2312 3600; x_wconf 91' lang='lat' dir='ltr'><strong>sen-</strong></span> 
     </span>
     <span class='ocr_line' id='line_1_30' title="bbox 819 3634 2313 3708; baseline 0 -10"><span class='ocrx_word' id='word_1_157' title='bbox 819 3655 926 3698; x_wconf 90' lang='lat' dir='ltr'><strong>sus</strong></span> <span class='ocrx_word' id='word_1_158' title='bbox 955 3636 1270 3708; x_wconf 80' lang='lat' dir='ltr'><strong>attonitOS,</strong></span> <span class='ocrx_word' id='word_1_159' title='bbox 1287 3635 1387 3697; x_wconf 93' lang='lat' dir='ltr'><strong>vel</strong></span> <span class='ocrx_word' id='word_1_160' title='bbox 1412 3634 1744 3708; x_wconf 79' lang='lat' dir='ltr'><strong>admittat*,</strong></span> <span class='ocrx_word' id='word_1_161' title='bbox 1768 3643 1832 3696; x_wconf 90' lang='lat' dir='ltr'><strong>et</strong></span> <span class='ocrx_word' id='word_1_162' title='bbox 1854 3635 2166 3698; x_wconf 88' lang='lat' dir='ltr'><strong>desideria</strong></span> <span class='ocrx_word' id='word_1_163' title='bbox 2201 3655 2313 3698; x_wconf 91' lang='lat' dir='ltr'><strong>sua</strong></span> 
     </span>
     <span class='ocr_line' id='line_1_31' title="bbox 817 3732 2310 3813; baseline -0.001 -16"><span class='ocrx_word' id='word_1_164' title='bbox 817 3733 1107 3797; x_wconf 82' lang='lat' dir='ltr'><strong>effundat</strong></span> <span class='ocrx_word' id='word_1_165' title='bbox 1143 3732 1674 3796; x_wconf 87' lang='lat' dir='ltr'><strong>inenarrabilibus</strong></span> <span class='ocrx_word' id='word_1_166' title='bbox 1712 3732 2057 3813; x_wconf 85' lang='lat' dir='ltr'><strong>gemitibus</strong></span> <span class='ocrx_word' id='word_1_167' title='bbox 2099 3751 2310 3796; x_wconf 89' lang='lat' dir='ltr'><strong>coram</strong></span> 
     </span>
     <span class='ocr_line' id='line_1_32' title="bbox 816 3831 2314 3913; baseline -0.001 -17"><span class='ocrx_word' id='word_1_168' title='bbox 816 3834 963 3896; x_wconf 91' lang='lat' dir='ltr'><strong>Deo.</strong></span> <span class='ocrx_word' id='word_1_169' title='bbox 1016 3833 1312 3895; x_wconf 91' lang='lat' dir='ltr'><strong>Vicissim</strong></span> <span class='ocrx_word' id='word_1_170' title='bbox 1361 3850 1512 3894; x_wconf 91' lang='lat' dir='ltr'><strong>vero</strong></span> <span class='ocrx_word' id='word_1_171' title='bbox 1570 3831 1853 3913; x_wconf 90' lang='lat' dir='ltr'><strong>repletur</strong></span> <span class='ocrx_word' id='word_1_172' title='bbox 1909 3851 2090 3894; x_wconf 90' lang='lat' dir='ltr'><strong>mens</strong></span> <span class='ocrx_word' id='word_1_173' title='bbox 2141 3840 2314 3896; x_wconf 89' lang='lat' dir='ltr'><strong>tanta</strong></span> 
     </span>
     <span class='ocr_line' id='line_1_33' title="bbox 817 3930 2313 4014; baseline -0.001 -20"><span class='ocrx_word' id='word_1_174' title='bbox 817 3931 1327 4014; x_wconf 88' lang='lat' dir='ltr'><strong>compunctionis</strong></span> <span class='ocrx_word' id='word_1_175' title='bbox 1384 3931 1772 3993; x_wconf 89' lang='lat' dir='ltr'><strong>abundantia</strong></span> <span class='ocrx_word' id='word_1_176' title='bbox 1829 3938 1894 3992; x_wconf 88' lang='lat' dir='ltr'><strong>et</strong></span> <span class='ocrx_word' id='word_1_177' title='bbox 1952 3930 2189 4005; x_wconf 89' lang='lat' dir='ltr'><strong>dolore,</strong></span> <span class='ocrx_word' id='word_1_178' title='bbox 2242 3939 2313 3992; x_wconf 90' lang='lat' dir='ltr'><strong>ut</strong></span> 
     </span>
     <span class='ocr_line' id='line_1_34' title="bbox 815 4027 2309 4112; baseline -0.001 -20"><span class='ocrx_word' id='word_1_179' title='bbox 815 4048 940 4092; x_wconf 92' lang='lat' dir='ltr'><strong>non</strong></span> <span class='ocrx_word' id='word_1_180' title='bbox 991 4036 1180 4112; x_wconf 89' lang='lat' dir='ltr'><strong>queat</strong></span> <span class='ocrx_word' id='word_1_181' title='bbox 1227 4047 1368 4091; x_wconf 90' lang='lat' dir='ltr'><strong>eam</strong></span> <span class='ocrx_word' id='word_1_182' title='bbox 1416 4028 1701 4109; x_wconf 86' lang='lat' dir='ltr'><strong>digerere</strong></span> <span class='ocrx_word' id='word_1_183' title='bbox 1750 4027 1934 4090; x_wconf 90' lang='lat' dir='ltr'><strong>aliter</strong></span> <span class='ocrx_word' id='word_1_184' title='bbox 1981 4048 2173 4110; x_wconf 90' lang='lat' dir='ltr'><strong>quam</strong></span> <span class='ocrx_word' id='word_1_185' title='bbox 2225 4030 2309 4091; x_wconf 91' lang='lat' dir='ltr'><strong>la-</strong></span> 
     </span>
    </p>
   </div>
   <div class='ocr_carea' id='block_1_10' title="bbox 2426 778 3928 1852">
    <p class='ocr_par' dir='ltr' id='par_1_11' title="bbox 2426 778 3928 1852">
     <span class='ocr_line' id='line_1_35' title="bbox 2434 778 3925 864; baseline -0.005 -19"><span class='ocrx_word' id='word_1_186' title='bbox 2434 782 2590 845; x_wconf 91' lang='lat' dir='ltr'><strong>mihi</strong></span> <span class='ocrx_word' id='word_1_187' title='bbox 2650 800 2777 845; x_wconf 94' lang='lat' dir='ltr'><strong>non</strong></span> <span class='ocrx_word' id='word_1_188' title='bbox 2836 782 3067 845; x_wconf 90' lang='lat' dir='ltr'><strong>debere</strong></span> <span class='ocrx_word' id='word_1_189' title='bbox 3123 801 3225 845; x_wconf 91' lang='lat' dir='ltr'><strong>me</strong></span> <span class='ocrx_word' id='word_1_190' title='bbox 3284 782 3618 864; x_wconf 88' lang='lat' dir='ltr'><strong>desperare</strong></span> <span class='ocrx_word' id='word_1_191' title='bbox 3666 778 3925 841; x_wconf 89' lang='lat' dir='ltr'><strong>veniam</strong></span> 
     </span>
     <span class='ocr_line' id='line_1_36' title="bbox 2432 877 3926 964; baseline -0.004 -21"><span class='ocrx_word' id='word_1_192' title='bbox 2432 889 2837 964; x_wconf 91' lang='lat' dir='ltr'><strong>peccatorum</strong></span> <span class='ocrx_word' id='word_1_193' title='bbox 2871 897 3179 944; x_wconf 90' lang='lat' dir='ltr'><strong>meorum.</strong></span> <span class='ocrx_word' id='word_1_194' title='bbox 3215 880 3348 955; x_wconf 86' lang='lat' dir='ltr'><strong>Quo</strong></span> <span class='ocrx_word' id='word_1_195' title='bbox 3386 886 3550 942; x_wconf 86' lang='lat' dir='ltr'><strong>statu</strong></span> <span class='ocrx_word' id='word_1_196' title='bbox 3590 895 3735 940; x_wconf 90' lang='lat' dir='ltr'><strong>reor</strong></span> <span class='ocrx_word' id='word_1_197' title='bbox 3764 877 3926 938; x_wconf 90' lang='lat' dir='ltr'><strong>nihil</strong></span> 
     </span>
     <span class='ocr_line' id='line_1_37' title="bbox 2431 975 3927 1058; baseline -0.004 -16"><span class='ocrx_word' id='word_1_198' title='bbox 2431 980 2771 1043; x_wconf 90' lang='lat' dir='ltr'><strong>sublimius</strong></span> <span class='ocrx_word' id='word_1_199' title='bbox 2812 999 2951 1042; x_wconf 91' lang='lat' dir='ltr'><strong>esse</strong></span> <span class='ocrx_word' id='word_1_200' title='bbox 2990 980 3057 1042; x_wconf 91' lang='lat' dir='ltr'><strong>in</strong></span> <span class='ocrx_word' id='word_1_201' title='bbox 3094 979 3228 1041; x_wconf 89' lang='lat' dir='ltr'><strong>vita</strong></span> <span class='ocrx_word' id='word_1_202' title='bbox 3265 979 3406 1052; x_wconf 85' lang='lat' dir='ltr'><strong>ista,</strong></span> <span class='ocrx_word' id='word_1_203' title='bbox 3439 978 3493 1039; x_wconf 91' lang='lat' dir='ltr'><strong>si</strong></span> <span class='ocrx_word' id='word_1_204' title='bbox 3528 975 3927 1058; x_wconf 87' lang='lat' dir='ltr'><strong>recuperatio</strong></span> 
     </span>
     <span class='ocr_line' id='line_1_38' title="bbox 2430 1076 3925 1161; baseline -0.003 -20"><span class='ocrx_word' id='word_1_205' title='bbox 2430 1079 2570 1160; x_wconf 89' lang='lat' dir='ltr'><strong>ejus</strong></span> <span class='ocrx_word' id='word_1_206' title='bbox 2614 1079 2975 1161; x_wconf 88' lang='lat' dir='ltr'><strong>subjaceret</strong></span> <span class='ocrx_word' id='word_1_207' title='bbox 3018 1087 3235 1141; x_wconf 91' lang='lat' dir='ltr'><strong>nostro</strong></span> <span class='ocrx_word' id='word_1_208' title='bbox 3276 1077 3559 1140; x_wconf 85' lang='lat' dir='ltr'><strong>arbitrio.</strong></span> <span class='ocrx_word' id='word_1_209' title='bbox 3596 1076 3925 1138; x_wconf 87' lang='lat' dir='ltr'><strong>Interdum</strong></span> 
     </span>
     <span class='ocr_line' id='line_1_39' title="bbox 2430 1175 3925 1260; baseline -0.003 -20"><span class='ocrx_word' id='word_1_210' title='bbox 2430 1197 2707 1260; x_wconf 90' lang='lat' dir='ltr'><strong>namque</strong></span> <span class='ocrx_word' id='word_1_211' title='bbox 2737 1179 3003 1260; x_wconf 89' lang='lat' dir='ltr'><strong>cupiens</strong></span> <span class='ocrx_word' id='word_1_212' title='bbox 3034 1178 3183 1240; x_wconf 89' lang='lat' dir='ltr'><strong>totis</strong></span> <span class='ocrx_word' id='word_1_213' title='bbox 3220 1176 3466 1238; x_wconf 89' lang='lat' dir='ltr'><strong>viribus</strong></span> <span class='ocrx_word' id='word_1_214' title='bbox 3509 1194 3610 1238; x_wconf 92' lang='lat' dir='ltr'><strong>me</strong></span> <span class='ocrx_word' id='word_1_215' title='bbox 3646 1175 3925 1238; x_wconf 86' lang='lat' dir='ltr'><strong>excitare</strong></span> 
     </span>
     <span class='ocr_line' id='line_1_40' title="bbox 2430 1276 3925 1359; baseline -0.003 -21"><span class='ocrx_word' id='word_1_216' title='bbox 2430 1277 3034 1359; x_wconf 90' lang='lat' dir='ltr'><strong>compunctionibus</strong></span> <span class='ocrx_word' id='word_1_217' title='bbox 3080 1276 3506 1350; x_wconf 87' lang='lat' dir='ltr'><strong>lacrimarum,</strong></span> <span class='ocrx_word' id='word_1_218' title='bbox 3539 1282 3604 1336; x_wconf 88' lang='lat' dir='ltr'><strong>et</strong></span> <span class='ocrx_word' id='word_1_219' title='bbox 3638 1280 3925 1336; x_wconf 88' lang='lat' dir='ltr'><strong>statuens</strong></span> 
     </span>
     <span class='ocr_line' id='line_1_41' title="bbox 2427 1373 3922 1455; baseline -0.003 -18"><span class='ocrx_word' id='word_1_220' title='bbox 2427 1383 2574 1437; x_wconf 91' lang='lat' dir='ltr'><strong>ante</strong></span> <span class='ocrx_word' id='word_1_221' title='bbox 2623 1375 2840 1437; x_wconf 91' lang='lat' dir='ltr'><strong>oculos</strong></span> <span class='ocrx_word' id='word_1_222' title='bbox 2892 1391 3065 1436; x_wconf 87' lang='lat' dir='ltr'><strong>meos</strong></span> <span class='ocrx_word' id='word_1_223' title='bbox 3118 1373 3414 1436; x_wconf 89' lang='lat' dir='ltr'><strong>universa</strong></span> <span class='ocrx_word' id='word_1_224' title='bbox 3455 1380 3714 1455; x_wconf 86' lang='lat' dir='ltr'><strong>peccata</strong></span> <span class='ocrx_word' id='word_1_225' title='bbox 3760 1389 3922 1444; x_wconf 87' lang='lat' dir='ltr'><strong>mea,</strong></span> 
     </span>
     <span class='ocr_line' id='line_1_42' title="bbox 2428 1469 3928 1537; baseline -0.004 -1"><span class='ocrx_word' id='word_1_226' title='bbox 2428 1492 2723 1537; x_wconf 87' lang='lat' dir='ltr'><strong>revocare</strong></span> <span class='ocrx_word' id='word_1_227' title='bbox 2782 1492 2909 1537; x_wconf 93' lang='lat' dir='ltr'><strong>non</strong></span> <span class='ocrx_word' id='word_1_228' title='bbox 2956 1473 3137 1536; x_wconf 92' lang='lat' dir='ltr'><strong>valeo</strong></span> <span class='ocrx_word' id='word_1_229' title='bbox 3186 1472 3361 1534; x_wconf 90' lang='lat' dir='ltr'><strong>illam</strong></span> <span class='ocrx_word' id='word_1_230' title='bbox 3418 1470 3691 1534; x_wconf 90' lang='lat' dir='ltr'><strong>fletuum</strong></span> <span class='ocrx_word' id='word_1_231' title='bbox 3743 1469 3928 1532; x_wconf 88' lang='lat' dir='ltr'><strong>uber-</strong></span> 
     </span>
     <span class='ocr_line' id='line_1_43' title="bbox 2431 1568 3925 1647; baseline -0.003 -13"><span class='ocrx_word' id='word_1_232' title='bbox 2431 1579 2645 1647; x_wconf 88' lang='lat' dir='ltr'><strong>tatem,</strong></span> <span class='ocrx_word' id='word_1_233' title='bbox 2696 1581 2761 1634; x_wconf 92' lang='lat' dir='ltr'><strong>et</strong></span> <span class='ocrx_word' id='word_1_234' title='bbox 2811 1573 2897 1634; x_wconf 86' lang='lat' dir='ltr'><strong>ita</strong></span> <span class='ocrx_word' id='word_1_235' title='bbox 2952 1571 3121 1634; x_wconf 92' lang='lat' dir='ltr'><strong>oculi</strong></span> <span class='ocrx_word' id='word_1_236' title='bbox 3174 1571 3299 1634; x_wconf 87' lang='lat' dir='ltr'><strong>mei</strong></span> <span class='ocrx_word' id='word_1_237' title='bbox 3347 1571 3547 1632; x_wconf 91' lang='lat' dir='ltr'><strong>instar</strong></span> <span class='ocrx_word' id='word_1_238' title='bbox 3593 1568 3925 1631; x_wconf 87' lang='lat' dir='ltr'><strong>durissimi</strong></span> 
     </span>
     <span class='ocr_line' id='line_1_44' title="bbox 2426 1668 3927 1748; baseline -0.003 -14"><span class='ocrx_word' id='word_1_239' title='bbox 2426 1672 2562 1734; x_wconf 85' lang='lat' dir='ltr'><strong>saxi</strong></span> <span class='ocrx_word' id='word_1_240' title='bbox 2627 1672 2957 1744; x_wconf 88' lang='lat' dir='ltr'><strong>durantur,</strong></span> <span class='ocrx_word' id='word_1_241' title='bbox 3024 1677 3095 1732; x_wconf 92' lang='lat' dir='ltr'><strong>ut</strong></span> <span class='ocrx_word' id='word_1_242' title='bbox 3162 1669 3338 1732; x_wconf 90' lang='lat' dir='ltr'><strong>nulla</strong></span> <span class='ocrx_word' id='word_1_243' title='bbox 3404 1668 3679 1730; x_wconf 82' lang='lat' dir='ltr'><strong>lacrimae</strong></span> <span class='ocrx_word' id='word_1_244' title='bbox 3747 1675 3927 1748; x_wconf 84' lang='lat' dir='ltr'><strong>gutta</strong></span> 
     </span>
     <span class='ocr_line' id='line_1_45' title="bbox 2427 1766 3925 1852; baseline -0.004 -20"><span class='ocrx_word' id='word_1_245' title='bbox 2427 1769 2628 1852; x_wconf 89' lang='lat' dir='ltr'><strong>possit</strong></span> <span class='ocrx_word' id='word_1_246' title='bbox 2674 1768 2981 1832; x_wconf 90' lang='lat' dir='ltr'><strong>distillare</strong></span> <span class='ocrx_word' id='word_1_247' title='bbox 3028 1787 3105 1830; x_wconf 84' lang='lat' dir='ltr'><strong>ex</strong></span> <span class='ocrx_word' id='word_1_248' title='bbox 3154 1768 3266 1830; x_wconf 89' lang='lat' dir='ltr'><strong>eis.</strong></span> <span class='ocrx_word' id='word_1_249' title='bbox 3311 1768 3457 1830; x_wconf 92' lang='lat' dir='ltr'><strong>Ideo</strong></span> <span class='ocrx_word' id='word_1_250' title='bbox 3499 1774 3811 1848; x_wconf 91' lang='lat' dir='ltr'><strong>quantum</strong></span> <span class='ocrx_word' id='word_1_251' title='bbox 3858 1766 3925 1827; x_wconf 90' lang='lat' dir='ltr'><strong>in</strong></span> 
     </span>
    </p>
   </div>
   <div class='ocr_carea' id='block_1_11' title="bbox 2350 1863 3929 1940">
    <p class='ocr_par' dir='ltr' id='par_1_12' title="bbox 2350 1863 3929 1940">
     <span class='ocr_line' id='line_1_46' title="bbox 2350 1863 3929 1940; baseline 0.001 -14"><span class='ocrx_word' id='word_1_252' title='bbox 2350 1863 2396 1925; x_wconf 93' lang='lat' dir='ltr'><strong>B</strong></span> <span class='ocrx_word' id='word_1_253' title='bbox 2430 1868 2835 1930; x_wconf 91' lang='lat' dir='ltr'><strong>lacrimarum</strong></span> <span class='ocrx_word' id='word_1_254' title='bbox 2873 1867 3190 1930; x_wconf 90' lang='lat' dir='ltr'><strong>effusione</strong></span> <span class='ocrx_word' id='word_1_255' title='bbox 3228 1865 3497 1940; x_wconf 84' lang='lat' dir='ltr'><strong>exsulto,</strong></span> <span class='ocrx_word' id='word_1_256' title='bbox 3530 1872 3779 1927; x_wconf 89' lang='lat' dir='ltr'><strong>tantum</strong></span> <span class='ocrx_word' id='word_1_257' title='bbox 3822 1864 3929 1927; x_wconf 90' lang='lat' dir='ltr'><strong>do-</strong></span> 
     </span>
    </p>
   </div>
   <div class='ocr_carea' id='block_1_12' title="bbox 2423 1962 3927 2145">
    <p class='ocr_par' dir='ltr' id='par_1_13' title="bbox 2423 1962 3927 2145">
     <span class='ocr_line' id='line_1_47' title="bbox 2428 1962 3927 2047; baseline -0.001 -22"><span class='ocrx_word' id='word_1_258' title='bbox 2428 1964 2525 2028; x_wconf 80' lang='lat' dir='ltr'><strong>leo</strong></span> <span class='ocrx_word' id='word_1_259' title='bbox 2568 1965 2737 2046; x_wconf 90' lang='lat' dir='ltr'><strong>quod</strong></span> <span class='ocrx_word' id='word_1_260' title='bbox 2786 1983 2892 2027; x_wconf 91' lang='lat' dir='ltr'><strong>eas</strong></span> <span class='ocrx_word' id='word_1_261' title='bbox 2937 1983 3311 2047; x_wconf 88' lang='lat' dir='ltr'><strong>recuperare</strong></span> <span class='ocrx_word' id='word_1_262' title='bbox 3357 1981 3624 2046; x_wconf 88' lang='lat' dir='ltr'><strong>nequeo,</strong></span> <span class='ocrx_word' id='word_1_263' title='bbox 3666 1962 3927 2044; x_wconf 91' lang='lat' dir='ltr'><strong>quando</strong></span> 
     </span>
     <span class='ocr_line' id='line_1_48' title="bbox 2423 2063 3163 2145; baseline 0 -20"><span class='ocrx_word' id='word_1_264' title='bbox 2423 2071 2485 2125; x_wconf 90' lang='lat' dir='ltr'><strong>et</strong></span> <span class='ocrx_word' id='word_1_265' title='bbox 2528 2071 2839 2145; x_wconf 92' lang='lat' dir='ltr'><strong>quantum</strong></span> <span class='ocrx_word' id='word_1_266' title='bbox 2882 2063 3163 2126; x_wconf 87' lang='lat' dir='ltr'><strong>voluero.</strong></span> 
     </span>
    </p>
   </div>
   <div class='ocr_carea' id='block_1_13' title="bbox 2758 2319 3581 2383">
    <p class='ocr_par' dir='ltr' id='par_1_14' title="bbox 2758 2319 3581 2383">
     <span class='ocr_line' id='line_1_49' title="bbox 2758 2319 3581 2383; baseline 0 -1"><span class='ocrx_word' id='word_1_267' title='bbox 2758 2319 3263 2383; x_wconf 84' lang='lat' dir='ltr'><strong>CAPITULUM</strong></span> <span class='ocrx_word' id='word_1_268' title='bbox 3326 2319 3581 2382; x_wconf 89' lang='lat' dir='ltr'>XXIX.</span> 
     </span>
    </p>
   </div>
   <div class='ocr_carea' id='block_1_14' title="bbox 2494 2468 3861 2632">
    <p class='ocr_par' dir='ltr' id='par_1_15' title="bbox 2494 2468 3861 2632">
     <span class='ocr_line' id='line_1_50' title="bbox 2494 2468 3861 2540; baseline 0.001 -17"><span class='ocrx_word' id='word_1_269' title='bbox 2494 2469 2825 2539; x_wconf 79' lang='lat' dir='ltr'><strong>Responsio</strong></span> <span class='ocrx_word' id='word_1_270' title='bbox 2854 2468 2928 2524; x_wconf 83' lang='lat' dir='ltr'><strong>de</strong></span> <span class='ocrx_word' id='word_1_271' title='bbox 2952 2468 3310 2524; x_wconf 79' lang='lat' dir='ltr'><strong>diversitale</strong></span> <span class='ocrx_word' id='word_1_272' title='bbox 3336 2468 3861 2540; x_wconf 78' lang='lat' dir='ltr'><strong>compunctionum</strong></span> 
     </span>
     <span class='ocr_line' id='line_1_51' title="bbox 2672 2559 3675 2632; baseline -0.001 -17"><span class='ocrx_word' id='word_1_273' title='bbox 2672 2575 2809 2632; x_wconf 83' lang='lat' dir='ltr'><strong>quoe</strong></span> <span class='ocrx_word' id='word_1_274' title='bbox 2828 2575 2947 2631; x_wconf 84' lang='lat' dir='ltr'><strong>per</strong></span> <span class='ocrx_word' id='word_1_275' title='bbox 2972 2559 3261 2616; x_wconf 70' lang='lat' dir='ltr'><strong>lacrimas</strong></span> <span class='ocrx_word' id='word_1_276' title='bbox 3288 2559 3675 2631; x_wconf 75' lang='lat' dir='ltr'><strong>diqeruntur.</strong></span> 
     </span>
    </p>
   </div>
   <div class='ocr_carea' id='block_1_15' title="bbox 2422 2754 3918 3034">
    <p class='ocr_par' dir='ltr' id='par_1_16' title="bbox 2422 2754 3918 3034">
     <span class='ocr_line' id='line_1_52' title="bbox 2502 2754 3915 2819; baseline 0 -1"><span class='ocrx_word' id='word_1_277' title='bbox 2502 2755 2695 2819; x_wconf 87' lang='lat' dir='ltr'>SAAC</span> <span class='ocrx_word' id='word_1_278' title='bbox 2742 2775 2755 2819; x_wconf 93' lang='lat'>:</span> <span class='ocrx_word' id='word_1_279' title='bbox 2798 2755 2935 2818; x_wconf 86' lang='lat' dir='ltr'><strong>Non</strong></span> <span class='ocrx_word' id='word_1_280' title='bbox 2980 2755 3187 2818; x_wconf 91' lang='lat' dir='ltr'><strong>omnis</strong></span> <span class='ocrx_word' id='word_1_281' title='bbox 3230 2754 3466 2818; x_wconf 91' lang='lat' dir='ltr'><strong>effusio</strong></span> <span class='ocrx_word' id='word_1_282' title='bbox 3511 2755 3915 2818; x_wconf 89' lang='lat' dir='ltr'><strong>lacrimarum</strong></span> 
     </span>
     <span class='ocr_line' id='line_1_53' title="bbox 2523 2852 3918 2936; baseline -0.001 -20"><span class='ocrx_word' id='word_1_283' title='bbox 2523 2855 2811 2936; x_wconf 90' lang='lat' dir='ltr'><strong>procedit</strong></span> <span class='ocrx_word' id='word_1_284' title='bbox 2840 2872 2916 2916; x_wconf 83' lang='lat' dir='ltr'><strong>ex</strong></span> <span class='ocrx_word' id='word_1_285' title='bbox 2958 2872 3084 2916; x_wconf 91' lang='lat' dir='ltr'><strong>uno</strong></span> <span class='ocrx_word' id='word_1_286' title='bbox 3119 2852 3357 2916; x_wconf 89' lang='lat' dir='ltr'><strong>affectu</strong></span> <span class='ocrx_word' id='word_1_287' title='bbox 3397 2862 3507 2915; x_wconf 90' lang='lat' dir='ltr'><strong>aut</strong></span> <span class='ocrx_word' id='word_1_288' title='bbox 3545 2853 3765 2916; x_wconf 89' lang='lat' dir='ltr'><strong>eadem</strong></span> <span class='ocrx_word' id='word_1_289' title='bbox 3794 2853 3918 2915; x_wconf 90' lang='lat' dir='ltr'><strong>vir-</strong></span> 
     </span>
     <span class='ocr_line' id='line_1_54' title="bbox 2422 2951 3917 3034; baseline -0.001 -19"><span class='ocrx_word' id='word_1_290' title='bbox 2422 2961 2575 3016; x_wconf 86' lang='lat' dir='ltr'><strong>tute.</strong></span> <span class='ocrx_word' id='word_1_291' title='bbox 2632 2953 2831 3015; x_wconf 85' lang='lat' dir='ltr'><strong>Aliter</strong></span> <span class='ocrx_word' id='word_1_292' title='bbox 2886 2953 3061 3015; x_wconf 93' lang='lat' dir='ltr'><strong>enim</strong></span> <span class='ocrx_word' id='word_1_293' title='bbox 3118 2960 3370 3015; x_wconf 90' lang='lat' dir='ltr'><strong>emanat</strong></span> <span class='ocrx_word' id='word_1_294' title='bbox 3421 2951 3611 3014; x_wconf 90' lang='lat' dir='ltr'><strong>fletus</strong></span> <span class='ocrx_word' id='word_1_295' title='bbox 3669 2952 3781 3034; x_wconf 90' lang='lat' dir='ltr'><strong>qui</strong></span> <span class='ocrx_word' id='word_1_296' title='bbox 3838 2972 3917 3014; x_wconf 88' lang='lat' dir='ltr'><strong>ex</strong></span> 
     </span>
    </p>
   </div>
   <div class='ocr_carea' id='block_1_16' title="bbox 784 3045 4232 3527">
    <p class='ocr_par' dir='ltr' id='par_1_17' title="bbox 784 3045 4232 3527">
     <span class='ocr_line' id='line_1_55' title="bbox 784 3045 3917 3134; baseline 0.002 -28"><span class='ocrx_word' id='word_1_297' title='bbox 784 3045 1296 3128; x_wconf 30' lang='lat' dir='ltr'><strong>„sultationisque</strong></span> <span class='ocrx_word' id='word_1_298' title='bbox 1339 3045 1706 3126; x_wconf 86' lang='lat' dir='ltr'><strong>magnitudo</strong></span> <span class='ocrx_word' id='word_1_299' title='bbox 1747 3051 2036 3127; x_wconf 91' lang='lat' dir='ltr'><strong>penetret</strong></span> <span class='ocrx_word' id='word_1_300' title='bbox 2075 3046 2303 3108; x_wconf 90' lang='lat' dir='ltr'><strong>cellam</strong></span> <span class='ocrx_word' id='word_1_301' title='bbox 2346 3055 2389 3118; x_wconf 90' lang='lat' dir='ltr'>C</span> <span class='ocrx_word' id='word_1_302' title='bbox 2423 3059 2831 3134; x_wconf 88' lang='lat' dir='ltr'><strong>peccatorum</strong></span> <span class='ocrx_word' id='word_1_303' title='bbox 2904 3050 3339 3114; x_wconf 86' lang='lat' dir='ltr'><strong>recordatione</strong></span> <span class='ocrx_word' id='word_1_304' title='bbox 3406 3059 3470 3113; x_wconf 90' lang='lat' dir='ltr'><strong>et</strong></span> <span class='ocrx_word' id='word_1_305' title='bbox 3538 3051 3917 3114; x_wconf 88' lang='lat' dir='ltr'><strong>contritione</strong></span> 
     </span>
     <span class='ocr_line' id='line_1_56' title="bbox 2422 3148 4211 3232; baseline -0.001 -20"><span class='ocrx_word' id='word_1_306' title='bbox 2422 3150 2829 3224; x_wconf 89' lang='lat' dir='ltr'><strong>diffunditur,</strong></span> <span class='ocrx_word' id='word_1_307' title='bbox 2873 3151 2949 3212; x_wconf 91' lang='lat' dir='ltr'><strong>de</strong></span> <span class='ocrx_word' id='word_1_308' title='bbox 2996 3167 3123 3232; x_wconf 90' lang='lat' dir='ltr'><strong>quo</strong></span> <span class='ocrx_word' id='word_1_309' title='bbox 3165 3149 3401 3211; x_wconf 88' lang='lat' dir='ltr'><strong>dicitur</strong></span> <span class='ocrx_word' id='word_1_310' title='bbox 3443 3169 3457 3213; x_wconf 78' lang='lat' dir='ltr'><strong>t</strong></span> <span class='ocrx_word' id='word_1_311' title='bbox 3500 3148 3803 3211; x_wconf 88' lang='lat' dir='ltr'><strong>Laboravi</strong></span> <span class='ocrx_word' id='word_1_312' title='bbox 3850 3149 3917 3211; x_wconf 90' lang='lat' dir='ltr'><strong>in</strong></span> <span class='ocrx_word' id='word_1_313' title='bbox 3976 3166 4211 3218; x_wconf 51' lang='lat' dir='ltr'><strong>Pauus.</strong></span> 
     </span>
     <span class='ocr_line' id='line_1_57' title="bbox 2406 3247 3915 3330; baseline -0.001 -20"><span class='ocrx_word' id='word_1_314' title='bbox 2406 3249 2664 3330; x_wconf 82' lang='lat' dir='ltr'><strong>gemitu</strong></span> <span class='ocrx_word' id='word_1_315' title='bbox 2710 3266 2872 3320; x_wconf 91' lang='lat' dir='ltr'><strong>meo,</strong></span> <span class='ocrx_word' id='word_1_316' title='bbox 2917 3247 3139 3309; x_wconf 90' lang='lat' dir='ltr'><strong>lavabo</strong></span> <span class='ocrx_word' id='word_1_317' title='bbox 3184 3266 3299 3328; x_wconf 92' lang='lat' dir='ltr'><strong>per</strong></span> <span class='ocrx_word' id='word_1_318' title='bbox 3344 3247 3625 3328; x_wconf 89' lang='lat' dir='ltr'><strong>singulas</strong></span> <span class='ocrx_word' id='word_1_319' title='bbox 3674 3254 3915 3318; x_wconf 80' lang='lat' dir='ltr'><strong>nocteS,</strong></span> 
     </span>
     <span class='ocr_line' id='line_1_58' title="bbox 2422 3345 4232 3426; baseline -0.002 -17"><span class='ocrx_word' id='word_1_320' title='bbox 2422 3354 2580 3425; x_wconf 89' lang='lat' dir='ltr'><strong>etc.;</strong></span> <span class='ocrx_word' id='word_1_321' title='bbox 2630 3355 2693 3408; x_wconf 92' lang='lat' dir='ltr'><strong>et</strong></span> <span class='ocrx_word' id='word_1_322' title='bbox 2752 3347 3006 3420; x_wconf 88' lang='lat' dir='ltr'><strong>iterum,</strong></span> <span class='ocrx_word' id='word_1_323' title='bbox 3058 3346 3273 3408; x_wconf 91' lang='lat' dir='ltr'><strong>Deduc</strong></span> <span class='ocrx_word' id='word_1_324' title='bbox 3330 3345 3513 3426; x_wconf 89' lang='lat' dir='ltr'><strong>quasi</strong></span> <span class='ocrx_word' id='word_1_325' title='bbox 3571 3352 3917 3407; x_wconf 89' lang='lat' dir='ltr'><strong>torrentem</strong></span> <span class='ocrx_word' id='word_1_326' title='bbox 3988 3373 4232 3426; x_wconf 47' lang='lat' dir='ltr'><strong>mmm,</strong></span> 
     </span>
     <span class='ocr_line' id='line_1_59' title="bbox 2424 3439 4019 3527; baseline -0.001 -20"><span class='ocrx_word' id='word_1_327' title='bbox 2424 3446 2717 3508; x_wconf 88' lang='lat' dir='ltr'><strong>lacrimas</strong></span> <span class='ocrx_word' id='word_1_328' title='bbox 2768 3463 2880 3527; x_wconf 92' lang='lat' dir='ltr'><strong>per</strong></span> <span class='ocrx_word' id='word_1_329' title='bbox 2922 3444 3093 3506; x_wconf 90' lang='lat' dir='ltr'><strong>diem</strong></span> <span class='ocrx_word' id='word_1_330' title='bbox 3144 3451 3207 3505; x_wconf 92' lang='lat' dir='ltr'><strong>et</strong></span> <span class='ocrx_word' id='word_1_331' title='bbox 3255 3451 3529 3517; x_wconf 91' lang='lat' dir='ltr'><strong>noctem,</strong></span> <span class='ocrx_word' id='word_1_332' title='bbox 3564 3451 3683 3505; x_wconf 91' lang='lat' dir='ltr'><strong>etc.</strong></span> <span class='ocrx_word' id='word_1_333' title='bbox 3718 3443 3922 3506; x_wconf 85' lang='lat' dir='ltr'><strong>Aliter</strong></span> <span class='ocrx_word' id='word_1_334' title='bbox 3952 3439 4019 3479; x_wconf 82' lang='lat'><strong>¹⁸·</strong></span> 
     </span>
    </p>
   </div>
   <div class='ocr_carea' id='block_1_17' title="bbox 2420 3541 3923 4096">
    <p class='ocr_par' dir='ltr' id='par_1_18' title="bbox 2420 3541 3923 4096">
     <span class='ocr_line' id='line_1_60' title="bbox 2424 3541 3923 3625; baseline 0 -21"><span class='ocrx_word' id='word_1_335' title='bbox 2424 3543 2689 3625; x_wconf 87' lang='lat' dir='ltr'><strong>profluit</strong></span> <span class='ocrx_word' id='word_1_336' title='bbox 2719 3542 2909 3605; x_wconf 89' lang='lat' dir='ltr'><strong>fletus</strong></span> <span class='ocrx_word' id='word_1_337' title='bbox 2949 3541 3073 3622; x_wconf 78' lang='lat' dir='ltr'><strong>qui.</strong></span> <span class='ocrx_word' id='word_1_338' title='bbox 3101 3541 3305 3603; x_wconf 85' lang='lat' dir='ltr'><strong>oritur</strong></span> <span class='ocrx_word' id='word_1_339' title='bbox 3333 3541 3412 3603; x_wconf 92' lang='lat' dir='ltr'><strong>de</strong></span> <span class='ocrx_word' id='word_1_340' title='bbox 3447 3541 3923 3623; x_wconf 89' lang='lat' dir='ltr'><strong>contemplatio-</strong></span> 
     </span>
     <span class='ocr_line' id='line_1_61' title="bbox 2423 3638 3921 3705; baseline -0.001 -2"><span class='ocrx_word' id='word_1_341' title='bbox 2423 3661 2503 3705; x_wconf 91' lang='lat' dir='ltr'><strong>ne</strong></span> <span class='ocrx_word' id='word_1_342' title='bbox 2543 3649 2923 3704; x_wconf 84' lang='lat' dir='ltr'><strong>aeternorum</strong></span> <span class='ocrx_word' id='word_1_343' title='bbox 2965 3640 3277 3703; x_wconf 91' lang='lat' dir='ltr'><strong>bonorum</strong></span> <span class='ocrx_word' id='word_1_344' title='bbox 3316 3657 3391 3702; x_wconf 91' lang='lat' dir='ltr'><strong>ac</strong></span> <span class='ocrx_word' id='word_1_345' title='bbox 3425 3640 3738 3703; x_wconf 89' lang='lat' dir='ltr'><strong>desiderio</strong></span> <span class='ocrx_word' id='word_1_346' title='bbox 3774 3638 3921 3702; x_wconf 91' lang='lat' dir='ltr'><strong>feli-</strong></span> 
     </span>
     <span class='ocr_line' id='line_1_62' title="bbox 2423 3736 3920 3822; baseline -0.001 -20"><span class='ocrx_word' id='word_1_347' title='bbox 2423 3740 2630 3803; x_wconf 90' lang='lat' dir='ltr'><strong>citatis</strong></span> <span class='ocrx_word' id='word_1_348' title='bbox 2682 3741 2933 3814; x_wconf 79' lang='lat' dir='ltr'><strong>futurae,</strong></span> <span class='ocrx_word' id='word_1_349' title='bbox 2976 3757 3092 3822; x_wconf 87' lang='lat' dir='ltr'><strong>pro</strong></span> <span class='ocrx_word' id='word_1_350' title='bbox 3142 3758 3268 3821; x_wconf 91' lang='lat' dir='ltr'><strong>qua</strong></span> <span class='ocrx_word' id='word_1_351' title='bbox 3314 3745 3661 3820; x_wconf 90' lang='lat' dir='ltr'><strong>erumpunt</strong></span> <span class='ocrx_word' id='word_1_352' title='bbox 3707 3736 3920 3801; x_wconf 86' lang='lat' dir='ltr'><strong>fontes</strong></span> 
     </span>
     <span class='ocr_line' id='line_1_63' title="bbox 2426 3835 3923 3917; baseline -0.001 -17"><span class='ocrx_word' id='word_1_353' title='bbox 2426 3839 2830 3901; x_wconf 91' lang='lat' dir='ltr'><strong>lacrimarum</strong></span> <span class='ocrx_word' id='word_1_354' title='bbox 2879 3837 3204 3900; x_wconf 91' lang='lat' dir='ltr'><strong>uberiores</strong></span> <span class='ocrx_word' id='word_1_355' title='bbox 3247 3856 3325 3899; x_wconf 90' lang='lat' dir='ltr'><strong>ex</strong></span> <span class='ocrx_word' id='word_1_356' title='bbox 3373 3835 3774 3900; x_wconf 84' lang='lat' dir='ltr'><strong>intolerantia</strong></span> <span class='ocrx_word' id='word_1_357' title='bbox 3818 3837 3923 3917; x_wconf 85' lang='lat' dir='ltr'><strong>ju-</strong></span> 
     </span>
     <span class='ocr_line' id='line_1_64' title="bbox 2422 3935 3917 4010; baseline -0.001 -12"><span class='ocrx_word' id='word_1_358' title='bbox 2422 3937 2765 4000; x_wconf 89' lang='lat' dir='ltr'><strong>cunditatis</strong></span> <span class='ocrx_word' id='word_1_359' title='bbox 2799 3943 2864 3998; x_wconf 89' lang='lat' dir='ltr'><strong>et</strong></span> <span class='ocrx_word' id='word_1_360' title='bbox 2900 3936 3327 3998; x_wconf 83' lang='lat' dir='ltr'><strong>immensitate</strong></span> <span class='ocrx_word' id='word_1_361' title='bbox 3363 3935 3727 4010; x_wconf 85' lang='lat' dir='ltr'><strong>alacritatis,</strong></span> <span class='ocrx_word' id='word_1_362' title='bbox 3758 3935 3917 3997; x_wconf 90' lang='lat' dir='ltr'><strong>dum</strong></span> 
     </span>
     <span class='ocr_line' id='line_1_65' title="bbox 2420 4031 3918 4096; baseline -0.001 0"><span class='ocrx_word' id='word_1_363' title='bbox 2420 4034 2554 4096; x_wconf 86' lang='lat' dir='ltr'><strong>sitit</strong></span> <span class='ocrx_word' id='word_1_364' title='bbox 2599 4035 2814 4096; x_wconf 90' lang='lat' dir='ltr'><strong>anima</strong></span> <span class='ocrx_word' id='word_1_365' title='bbox 2870 4041 3083 4095; x_wconf 90' lang='lat' dir='ltr'><strong>nostra</strong></span> <span class='ocrx_word' id='word_1_366' title='bbox 3139 4032 3218 4094; x_wconf 90' lang='lat' dir='ltr'><strong>ad</strong></span> <span class='ocrx_word' id='word_1_367' title='bbox 3272 4033 3473 4095; x_wconf 91' lang='lat' dir='ltr'><strong>Deum</strong></span> <span class='ocrx_word' id='word_1_368' title='bbox 3531 4031 3773 4096; x_wconf 88' lang='lat' dir='ltr'><strong>fontem</strong></span> <span class='ocrx_word' id='word_1_369' title='bbox 3820 4033 3918 4094; x_wconf 90' lang='lat' dir='ltr'><strong>vi-</strong></span> 
     </span>
    </p>
   </div>
   <div class='ocr_carea' id='block_1_18' title="bbox 815 4127 4229 4688">
    <p class='ocr_par' dir='ltr' id='par_1_19' title="bbox 815 4127 4229 4688">
     <span class='ocr_line' id='line_1_66' title="bbox 815 4127 4229 4214; baseline 0.002 -23"><span class='ocrx_word' id='word_1_370' title='bbox 815 4129 1160 4191; x_wconf 89' lang='lat' dir='ltr'><strong>crimarum</strong></span> <span class='ocrx_word' id='word_1_371' title='bbox 1205 4127 1540 4190; x_wconf 89' lang='lat' dir='ltr'><strong>effusione.</strong></span> <span class='ocrx_word' id='word_1_372' title='bbox 2418 4152 2595 4208; x_wconf 90' lang='lat' dir='ltr'><strong>vum,</strong></span> <span class='ocrx_word' id='word_1_373' title='bbox 2629 4133 2847 4195; x_wconf 88' lang='lat' dir='ltr'><strong>dicens</strong></span> <span class='ocrx_word' id='word_1_374' title='bbox 2881 4151 2895 4195; x_wconf 91' lang='lat'>:</span> <span class='ocrx_word' id='word_1_375' title='bbox 2929 4131 3189 4205; x_wconf 89' lang='lat' dir='ltr'><strong>Quando</strong></span> <span class='ocrx_word' id='word_1_376' title='bbox 3218 4129 3471 4193; x_wconf 90' lang='lat' dir='ltr'><strong>veniam</strong></span> <span class='ocrx_word' id='word_1_377' title='bbox 3502 4140 3567 4192; x_wconf 91' lang='lat' dir='ltr'><strong>et</strong></span> <span class='ocrx_word' id='word_1_378' title='bbox 3593 4131 3915 4214; x_wconf 88' lang='lat' dir='ltr'><strong>apparebo</strong></span> <span class='ocrx_word' id='word_1_379' title='bbox 3943 4153 4229 4206; x_wconf 42' lang='lat' dir='ltr'><strong>pamas.</strong></span> 
     </span>
     <span class='ocr_line' id='line_1_67' title="bbox 2339 4229 3914 4297; baseline -0.001 -2"><span class='ocrx_word' id='word_1_380' title='bbox 2339 4236 2387 4297; x_wconf 89' lang='lat' dir='ltr'>D</span> <span class='ocrx_word' id='word_1_381' title='bbox 2416 4238 2561 4293; x_wconf 90' lang='lat' dir='ltr'><strong>ante</strong></span> <span class='ocrx_word' id='word_1_382' title='bbox 2610 4231 2842 4293; x_wconf 90' lang='lat' dir='ltr'><strong>faciem</strong></span> <span class='ocrx_word' id='word_1_383' title='bbox 2891 4229 3053 4292; x_wconf 74' lang='lat' dir='ltr'><strong>Dei?</strong></span> <span class='ocrx_word' id='word_1_384' title='bbox 3098 4229 3379 4291; x_wconf 86' lang='lat' dir='ltr'><strong>Fuerunt</strong></span> <span class='ocrx_word' id='word_1_385' title='bbox 3426 4229 3585 4291; x_wconf 90' lang='lat' dir='ltr'><strong>mihi</strong></span> <span class='ocrx_word' id='word_1_386' title='bbox 3638 4229 3914 4294; x_wconf 79' lang='lat' dir='ltr'><strong>lacrimae</strong></span> 
     </span>
     <span class='ocr_line' id='line_1_68' title="bbox 2420 4327 3913 4411; baseline 0 -21"><span class='ocrx_word' id='word_1_387' title='bbox 2420 4349 2576 4392; x_wconf 81' lang='lat' dir='ltr'><strong>meaa</strong></span> <span class='ocrx_word' id='word_1_388' title='bbox 2608 4348 2801 4411; x_wconf 92' lang='lat' dir='ltr'><strong>panes</strong></span> <span class='ocrx_word' id='word_1_389' title='bbox 2832 4329 2935 4391; x_wconf 90' lang='lat' dir='ltr'><strong>die</strong></span> <span class='ocrx_word' id='word_1_390' title='bbox 2964 4335 3028 4390; x_wconf 90' lang='lat' dir='ltr'><strong>et</strong></span> <span class='ocrx_word' id='word_1_391' title='bbox 3058 4335 3264 4402; x_wconf 87' lang='lat' dir='ltr'><strong>nocte,</strong></span> <span class='ocrx_word' id='word_1_392' title='bbox 3300 4327 3595 4390; x_wconf 88' lang='lat' dir='ltr'><strong>clamanti</strong></span> <span class='ocrx_word' id='word_1_393' title='bbox 3628 4328 3913 4409; x_wconf 91' lang='lat' dir='ltr'><strong>quotidie</strong></span> 
     </span>
     <span class='ocr_line' id='line_1_69' title="bbox 2419 4425 4227 4508; baseline 0.004 -19"><span class='ocrx_word' id='word_1_394' title='bbox 2419 4446 2567 4489; x_wconf 91' lang='lat' dir='ltr'><strong>cum</strong></span> <span class='ocrx_word' id='word_1_395' title='bbox 2617 4427 2859 4508; x_wconf 89' lang='lat' dir='ltr'><strong>ejulatu</strong></span> <span class='ocrx_word' id='word_1_396' title='bbox 2910 4434 2972 4489; x_wconf 91' lang='lat' dir='ltr'><strong>et</strong></span> <span class='ocrx_word' id='word_1_397' title='bbox 3022 4425 3494 4501; x_wconf 89' lang='lat' dir='ltr'><strong>lamentatione,</strong></span> <span class='ocrx_word' id='word_1_398' title='bbox 3540 4426 3673 4488; x_wconf 85' lang='lat' dir='ltr'><strong>Heu</strong></span> <span class='ocrx_word' id='word_1_399' title='bbox 3727 4425 3908 4502; x_wconf 87' lang='lat' dir='ltr'><strong>mihi,</strong></span> <span class='ocrx_word' id='word_1_400' title='bbox 3940 4451 4227 4502; x_wconf 48' lang='lat' dir='ltr'><strong>emam&amp;</strong></span> 
     </span>
     <span class='ocr_line' id='line_1_70' title="bbox 2419 4524 3909 4608; baseline -0.001 -21"><span class='ocrx_word' id='word_1_401' title='bbox 2419 4526 2590 4608; x_wconf 90' lang='lat' dir='ltr'><strong>quod</strong></span> <span class='ocrx_word' id='word_1_402' title='bbox 2636 4524 2945 4588; x_wconf 91' lang='lat' dir='ltr'><strong>incolatus</strong></span> <span class='ocrx_word' id='word_1_403' title='bbox 2987 4544 3167 4587; x_wconf 91' lang='lat' dir='ltr'><strong>meus</strong></span> <span class='ocrx_word' id='word_1_404' title='bbox 3211 4525 3617 4606; x_wconf 87' lang='lat' dir='ltr'><strong>prolongatus</strong></span> <span class='ocrx_word' id='word_1_405' title='bbox 3656 4531 3789 4587; x_wconf 86' lang='lat' dir='ltr'><strong>est!</strong></span> <span class='ocrx_word' id='word_1_406' title='bbox 3822 4532 3909 4599; x_wconf 91' lang='lat' dir='ltr'><strong>et,</strong></span> 
     </span>
     <span class='ocr_line' id='line_1_71' title="bbox 2418 4622 4180 4688; baseline -0.001 -1"><span class='ocrx_word' id='word_1_407' title='bbox 2418 4625 2684 4687; x_wconf 89' lang='lat' dir='ltr'><strong>Multum</strong></span> <span class='ocrx_word' id='word_1_408' title='bbox 2728 4624 2935 4688; x_wconf 87' lang='lat' dir='ltr'><strong>incola</strong></span> <span class='ocrx_word' id='word_1_409' title='bbox 2971 4622 3095 4686; x_wconf 89' lang='lat' dir='ltr'><strong>fuit</strong></span> <span class='ocrx_word' id='word_1_410' title='bbox 3135 4623 3350 4686; x_wconf 90' lang='lat' dir='ltr'><strong>anima</strong></span> <span class='ocrx_word' id='word_1_411' title='bbox 3394 4641 3551 4685; x_wconf 89' lang='lat' dir='ltr'><strong>mea.</strong></span> <span class='ocrx_word' id='word_1_412' title='bbox 3585 4622 3783 4685; x_wconf 84' lang='lat' dir='ltr'><strong>Aliter</strong></span> <span class='ocrx_word' id='word_1_413' title='bbox 3820 4623 3912 4686; x_wconf 90' lang='lat' dir='ltr'><strong>ef·</strong></span> <span class='ocrx_word' id='word_1_414' title='bbox 3986 4641 4180 4686; x_wconf 57' lang='lat' dir='ltr'><strong>mas.</strong></span> 
     </span>
    </p>
   </div>
   <div class='ocr_carea' id='block_1_19' title="bbox 2419 4721 3916 4804">
    <p class='ocr_par' dir='ltr' id='par_1_20' title="bbox 2419 4721 3916 4804">
     <span class='ocr_line' id='line_1_72' title="bbox 2419 4721 3916 4804; baseline -0.001 -17"><span class='ocrx_word' id='word_1_415' title='bbox 2419 4724 2631 4787; x_wconf 90' lang='lat' dir='ltr'><strong>fluunt</strong></span> <span class='ocrx_word' id='word_1_416' title='bbox 2690 4723 2967 4786; x_wconf 80' lang='lat' dir='ltr'><strong>lacrimae</strong></span> <span class='ocrx_word' id='word_1_417' title='bbox 3024 4742 3166 4804; x_wconf 82' lang='lat' dir='ltr'><strong>quae</strong></span> <span class='ocrx_word' id='word_1_418' title='bbox 3223 4721 3465 4803; x_wconf 89' lang='lat' dir='ltr'><strong>absque</strong></span> <span class='ocrx_word' id='word_1_419' title='bbox 3528 4721 3916 4785; x_wconf 90' lang='lat' dir='ltr'><strong>conscientia</strong></span> 
     </span>
    </p>
   </div>
   <div class='ocr_carea' id='block_1_20' title="bbox 1116 4389 2001 4454">
    <p class='ocr_par' dir='ltr' id='par_1_21' title="bbox 1116 4389 2001 4454">
     <span class='ocr_line' id='line_1_73' title="bbox 1116 4389 2001 4454; baseline -0.002 0"><span class='ocrx_word' id='word_1_420' title='bbox 1116 4391 1622 4454; x_wconf 86' lang='lat' dir='ltr'><strong>CAPITULUM</strong></span> <span class='ocrx_word' id='word_1_421' title='bbox 1684 4389 2001 4452; x_wconf 84' lang='lat' dir='ltr'><strong>XXVIII.</strong></span> 
     </span>
    </p>
   </div>
   <div class='ocr_carea' id='block_1_21' title="bbox 865 4538 2255 4702">
    <p class='ocr_par' dir='ltr' id='par_1_22' title="bbox 865 4538 2255 4702">
     <span class='ocr_line' id='line_1_74' title="bbox 865 4538 2255 4611; baseline -0.002 -16"><span class='ocrx_word' id='word_1_422' title='bbox 865 4540 1279 4610; x_wconf 64' lang='lat' dir='ltr'><strong>Inter-rogatio</strong></span> <span class='ocrx_word' id='word_1_423' title='bbox 1307 4539 1381 4594; x_wconf 88' lang='lat' dir='ltr'><strong>de</strong></span> <span class='ocrx_word' id='word_1_424' title='bbox 1407 4555 1474 4594; x_wconf 84' lang='lat' dir='ltr'><strong>eo</strong></span> <span class='ocrx_word' id='word_1_425' title='bbox 1503 4538 1666 4611; x_wconf 82' lang='lat' dir='ltr'><strong>quod</strong></span> <span class='ocrx_word' id='word_1_426' title='bbox 1690 4554 1812 4593; x_wconf 83' lang='lat' dir='ltr'><strong>non</strong></span> <span class='ocrx_word' id='word_1_427' title='bbox 1841 4538 1923 4592; x_wconf 78' lang='lat' dir='ltr'><strong>sit</strong></span> <span class='ocrx_word' id='word_1_428' title='bbox 1951 4539 2018 4592; x_wconf 79' lang='lat' dir='ltr'><strong>in</strong></span> <span class='ocrx_word' id='word_1_429' title='bbox 2043 4543 2255 4593; x_wconf 80' lang='lat' dir='ltr'><strong>nostra</strong></span> 
     </span>
     <span class='ocr_line' id='line_1_75' title="bbox 1068 4625 2048 4702; baseline -0.004 -16"><span class='ocrx_word' id='word_1_430' title='bbox 1068 4634 1365 4702; x_wconf 78' lang='lat' dir='ltr'><strong>potestate</strong></span> <span class='ocrx_word' id='word_1_431' title='bbox 1393 4629 1787 4684; x_wconf 80' lang='lat' dir='ltr'><strong>lacrimarum</strong></span> <span class='ocrx_word' id='word_1_432' title='bbox 1813 4625 2048 4699; x_wconf 78' lang='lat' dir='ltr'><strong>effusio.</strong></span> 
     </span>
    </p>
   </div>
   <div class='ocr_carea' id='block_1_22' title="bbox 809 4824 2309 5402">
    <p class='ocr_par' dir='ltr' id='par_1_23' title="bbox 809 4824 2309 5402">
     <span class='ocr_line' id='line_1_76' title="bbox 954 4824 2307 4906; baseline -0.004 -15"><span class='ocrx_word' id='word_1_433' title='bbox 954 4827 1313 4891; x_wconf 86' lang='lat' dir='ltr'><strong>ERMANUS</strong></span> <span class='ocrx_word' id='word_1_434' title='bbox 1349 4845 1362 4888; x_wconf 93' lang='lat'>:</span> <span class='ocrx_word' id='word_1_435' title='bbox 1406 4824 1712 4888; x_wconf 89' lang='lat' dir='ltr'><strong>Ultimum</strong></span> <span class='ocrx_word' id='word_1_436' title='bbox 1758 4825 1954 4887; x_wconf 92' lang='lat' dir='ltr'><strong>istum</strong></span> <span class='ocrx_word' id='word_1_437' title='bbox 2001 4842 2307 4906; x_wconf 89' lang='lat' dir='ltr'><strong>compun-</strong></span> 
     </span>
     <span class='ocr_line' id='line_1_77' title="bbox 972 4923 2309 5005; baseline -0.004 -16"><span class='ocrx_word' id='word_1_438' title='bbox 972 4926 1202 4989; x_wconf 91' lang='lat' dir='ltr'><strong>ctionis</strong></span> <span class='ocrx_word' id='word_1_439' title='bbox 1225 4924 1534 4987; x_wconf 87' lang='lat' dir='ltr'><strong>affectum</strong></span> <span class='ocrx_word' id='word_1_440' title='bbox 1559 4923 1752 4985; x_wconf 90' lang='lat' dir='ltr'><strong>etiam</strong></span> <span class='ocrx_word' id='word_1_441' title='bbox 1786 4923 2062 5005; x_wconf 84' lang='lat' dir='ltr'><strong>parvitas</strong></span> <span class='ocrx_word' id='word_1_442' title='bbox 2095 4930 2309 4985; x_wconf 87' lang='lat' dir='ltr'><strong>nostra</strong></span> 
     </span>
     <span class='ocr_line' id='line_1_78' title="bbox 809 5021 2307 5109; baseline -0.005 -19"><span class='ocrx_word' id='word_1_443' title='bbox 809 5046 887 5090; x_wconf 86' lang='lat' dir='ltr'><strong>ex</strong></span> <span class='ocrx_word' id='word_1_444' title='bbox 920 5034 1096 5109; x_wconf 88' lang='lat' dir='ltr'><strong>parte</strong></span> <span class='ocrx_word' id='word_1_445' title='bbox 1126 5024 1341 5106; x_wconf 87' lang='lat' dir='ltr'><strong>aliqua</strong></span> <span class='ocrx_word' id='word_1_446' title='bbox 1371 5022 1564 5085; x_wconf 91' lang='lat' dir='ltr'><strong>novit.</strong></span> <span class='ocrx_word' id='word_1_447' title='bbox 1602 5022 1990 5104; x_wconf 88' lang='lat' dir='ltr'><strong>Frequenter</strong></span> <span class='ocrx_word' id='word_1_448' title='bbox 2026 5021 2199 5083; x_wconf 90' lang='lat' dir='ltr'><strong>enim</strong></span> <span class='ocrx_word' id='word_1_449' title='bbox 2230 5040 2307 5083; x_wconf 89' lang='lat' dir='ltr'><strong>ex</strong></span> 
     </span>
     <span class='ocr_line' id='line_1_79' title="bbox 811 5118 2307 5188; baseline -0.005 0"><span class='ocrx_word' id='word_1_450' title='bbox 811 5124 1243 5188; x_wconf 88' lang='lat' dir='ltr'><strong>recordatione</strong></span> <span class='ocrx_word' id='word_1_451' title='bbox 1292 5121 1671 5184; x_wconf 90' lang='lat' dir='ltr'><strong>delictorum</strong></span> <span class='ocrx_word' id='word_1_452' title='bbox 1727 5138 2016 5182; x_wconf 90' lang='lat' dir='ltr'><strong>meorum</strong></span> <span class='ocrx_word' id='word_1_453' title='bbox 2070 5138 2169 5182; x_wconf 92' lang='lat' dir='ltr'><strong>me</strong></span> <span class='ocrx_word' id='word_1_454' title='bbox 2221 5118 2307 5181; x_wconf 90' lang='lat' dir='ltr'><strong>la-</strong></span> 
     </span>
     <span class='ocr_line' id='line_1_80' title="bbox 809 5218 2306 5302; baseline -0.004 -17"><span class='ocrx_word' id='word_1_455' title='bbox 809 5225 1140 5296; x_wconf 90' lang='lat' dir='ltr'><strong>crimante,</strong></span> <span class='ocrx_word' id='word_1_456' title='bbox 1203 5223 1290 5284; x_wconf 85' lang='lat' dir='ltr'><strong>ita</strong></span> <span class='ocrx_word' id='word_1_457' title='bbox 1338 5228 1662 5302; x_wconf 88' lang='lat' dir='ltr'><strong>vegetatus</strong></span> <span class='ocrx_word' id='word_1_458' title='bbox 1721 5237 1864 5281; x_wconf 92' lang='lat' dir='ltr'><strong>sum</strong></span> <span class='ocrx_word' id='word_1_459' title='bbox 1923 5218 2138 5280; x_wconf 90' lang='lat' dir='ltr'><strong>subito</strong></span> <span class='ocrx_word' id='word_1_460' title='bbox 2186 5218 2306 5280; x_wconf 93' lang='lat' dir='ltr'><strong>hoc</strong></span> 
     </span>
     <span class='ocr_line' id='line_1_81' title="bbox 809 5316 2305 5402; baseline -0.002 -19"><span class='ocrx_word' id='word_1_461' title='bbox 809 5319 1148 5394; x_wconf 91' lang='lat' dir='ltr'><strong>ineffabili,</strong></span> <span class='ocrx_word' id='word_1_462' title='bbox 1184 5327 1251 5383; x_wconf 88' lang='lat' dir='ltr'><strong>ut</strong></span> <span class='ocrx_word' id='word_1_463' title='bbox 1283 5319 1582 5402; x_wconf 84' lang='lat' dir='ltr'><strong>praefatus</strong></span> <span class='ocrx_word' id='word_1_464' title='bbox 1612 5337 1702 5393; x_wconf 82' lang='lat' dir='ltr'><strong>eS,</strong></span> <span class='ocrx_word' id='word_1_465' title='bbox 1734 5317 1986 5399; x_wconf 86' lang='lat' dir='ltr'><strong>gaudio,</strong></span> <span class='ocrx_word' id='word_1_466' title='bbox 2007 5316 2305 5380; x_wconf 87' lang='lat' dir='ltr'><strong>visitante</strong></span> 
     </span>
    </p>
   </div>
   <div class='ocr_carea' id='block_1_23' title="bbox 2417 4820 3921 5100">
    <p class='ocr_par' dir='ltr' id='par_1_24' title="bbox 2417 4820 3921 5100">
     <span class='ocr_line' id='line_1_82' title="bbox 2417 4820 3917 4904; baseline 0 -20"><span class='ocrx_word' id='word_1_467' title='bbox 2417 4821 2644 4904; x_wconf 85' lang='lat' dir='ltr'><strong>culpae,</strong></span> <span class='ocrx_word' id='word_1_468' title='bbox 2705 4828 3054 4885; x_wconf 87' lang='lat' dir='ltr'><strong>nascuntur</strong></span> <span class='ocrx_word' id='word_1_469' title='bbox 3114 4839 3193 4883; x_wconf 90' lang='lat' dir='ltr'><strong>ex</strong></span> <span class='ocrx_word' id='word_1_470' title='bbox 3257 4828 3430 4882; x_wconf 90' lang='lat' dir='ltr'><strong>metu</strong></span> <span class='ocrx_word' id='word_1_471' title='bbox 3490 4820 3795 4901; x_wconf 64' lang='lat' dir='ltr'><strong>gehennas</strong></span> <span class='ocrx_word' id='word_1_472' title='bbox 3852 4829 3917 4884; x_wconf 87' lang='lat' dir='ltr'><strong>et-</strong></span> 
     </span>
     <span class='ocr_line' id='line_1_83' title="bbox 2418 4918 3920 5000; baseline -0.001 -18"><span class='ocrx_word' id='word_1_473' title='bbox 2418 4921 2919 4983; x_wconf 88' lang='lat' dir='ltr'><strong>consideratione</strong></span> <span class='ocrx_word' id='word_1_474' title='bbox 2978 4919 3486 4982; x_wconf 87' lang='lat' dir='ltr'><strong>metuendissimi</strong></span> <span class='ocrx_word' id='word_1_475' title='bbox 3544 4918 3772 5000; x_wconf 89' lang='lat' dir='ltr'><strong>judicii</strong></span> <span class='ocrx_word' id='word_1_476' title='bbox 3825 4919 3920 4981; x_wconf 91' lang='lat' dir='ltr'><strong>di-</strong></span> 
     </span>
     <span class='ocr_line' id='line_1_84' title="bbox 2418 5017 3921 5100; baseline 0 -20"><span class='ocrx_word' id='word_1_477' title='bbox 2418 5019 2583 5082; x_wconf 81' lang='lat' dir='ltr'><strong>vinae</strong></span> <span class='ocrx_word' id='word_1_478' title='bbox 2609 5018 2895 5100; x_wconf 84' lang='lat' dir='ltr'><strong>justitiae,</strong></span> <span class='ocrx_word' id='word_1_479' title='bbox 2922 5017 3107 5099; x_wconf 88' lang='lat' dir='ltr'><strong>cujus</strong></span> <span class='ocrx_word' id='word_1_480' title='bbox 3139 5025 3377 5080; x_wconf 90' lang='lat' dir='ltr'><strong>terrore</strong></span> <span class='ocrx_word' id='word_1_481' title='bbox 3408 5035 3749 5099; x_wconf 90' lang='lat' dir='ltr'><strong>percussus</strong></span> <span class='ocrx_word' id='word_1_482' title='bbox 3778 5017 3921 5080; x_wconf 78' lang='lat' dir='ltr'><strong>Pro—</strong></span> 
     </span>
    </p>
   </div>
   <div class='ocr_carea' id='block_1_24' title="bbox 2418 5114 4223 5200">
    <p class='ocr_par' dir='ltr' id='par_1_25' title="bbox 2418 5114 4223 5200">
     <span class='ocr_line' id='line_1_85' title="bbox 2418 5114 4223 5200; baseline -0.001 -20"><span class='ocrx_word' id='word_1_483' title='bbox 2418 5118 2609 5200; x_wconf 90' lang='lat' dir='ltr'><strong>pheta</strong></span> <span class='ocrx_word' id='word_1_484' title='bbox 2650 5116 2992 5178; x_wconf 91' lang='lat' dir='ltr'><strong>Dominum</strong></span> <span class='ocrx_word' id='word_1_485' title='bbox 3038 5115 3321 5178; x_wconf 89' lang='lat' dir='ltr'><strong>exoravit</strong></span> <span class='ocrx_word' id='word_1_486' title='bbox 3364 5132 3378 5176; x_wconf 92' lang='lat'><strong>:</strong></span> <span class='ocrx_word' id='word_1_487' title='bbox 3421 5114 3559 5177; x_wconf 94' lang='lat' dir='ltr'><strong>Non</strong></span> <span class='ocrx_word' id='word_1_488' title='bbox 3608 5115 3805 5176; x_wconf 88' lang='lat' dir='ltr'><strong>intres</strong></span> <span class='ocrx_word' id='word_1_489' title='bbox 3850 5115 3917 5177; x_wconf 90' lang='lat' dir='ltr'><strong>in</strong></span> <span class='ocrx_word' id='word_1_490' title='bbox 3948 5134 4223 5188; x_wconf 53' lang='lat' dir='ltr'><strong>noma.</strong></span> 
     </span>
    </p>
   </div>
   <div class='ocr_carea' id='block_1_25' title="bbox 2414 5213 3919 5397">
    <p class='ocr_par' dir='ltr' id='par_1_26' title="bbox 2414 5213 3919 5397">
     <span class='ocr_line' id='line_1_86' title="bbox 2414 5213 3917 5297; baseline -0.002 -18"><span class='ocrx_word' id='word_1_491' title='bbox 2414 5215 2731 5297; x_wconf 88' lang='lat' dir='ltr'><strong>judicium</strong></span> <span class='ocrx_word' id='word_1_492' title='bbox 2763 5233 2912 5276; x_wconf 92' lang='lat' dir='ltr'><strong>cum</strong></span> <span class='ocrx_word' id='word_1_493' title='bbox 2942 5231 3125 5276; x_wconf 92' lang='lat' dir='ltr'><strong>servo</strong></span> <span class='ocrx_word' id='word_1_494' title='bbox 3158 5221 3286 5287; x_wconf 90' lang='lat' dir='ltr'><strong>tuo,</strong></span> <span class='ocrx_word' id='word_1_495' title='bbox 3300 5213 3757 5295; x_wconf 89' lang='lat' dir='ltr'><strong>Domine,quia</strong></span> <span class='ocrx_word' id='word_1_496' title='bbox 3786 5231 3917 5276; x_wconf 91' lang='lat' dir='ltr'><strong>non</strong></span> 
     </span>
     <span class='ocr_line' id='line_1_87' title="bbox 2417 5310 3919 5397; baseline -0.003 -19"><span class='ocrx_word' id='word_1_497' title='bbox 2417 5313 2883 5397; x_wconf 86' lang='lat' dir='ltr'><strong>justificabitur</strong></span> <span class='ocrx_word' id='word_1_498' title='bbox 2932 5312 2997 5374; x_wconf 90' lang='lat' dir='ltr'><strong>in</strong></span> <span class='ocrx_word' id='word_1_499' title='bbox 3048 5319 3393 5394; x_wconf 86' lang='lat' dir='ltr'><strong>conspectu</strong></span> <span class='ocrx_word' id='word_1_500' title='bbox 3448 5319 3579 5386; x_wconf 88' lang='lat' dir='ltr'><strong>tuo,</strong></span> <span class='ocrx_word' id='word_1_501' title='bbox 3630 5318 3751 5374; x_wconf 87' lang='lat' dir='ltr'><strong>etc.</strong></span> <span class='ocrx_word' id='word_1_502' title='bbox 3806 5310 3919 5374; x_wconf 81' lang='lat' dir='ltr'><strong>Est</strong></span> 
     </span>
    </p>
   </div>
  </div>
 </body>
</html>
