4359 6267
582 3928 601 3949 ·
618 3926 824 3983 adoptan-

554 3990 625 4033 dis

865 484 983 548 144

1259 724 1761 789 CAPITULUM
1804 724 1954 787 XV.

1218 872 1303 927 De
1350 870 1806 943 contemplando
1850 870 1991 925 Deo.

986 1074 1519 1138 ONTEMPLATIO
1558 1074 1671 1137 Dei
1712 1074 1930 1136 multis
1971 1074 2175 1136 modis
2209 1091 2354 1136 con-

1014 1173 1267 1255 cipitur.
1324 1173 1481 1235 Nam
1540 1173 1707 1235 Deus
1764 1171 2165 1253 cognoscitur
2225 1189 2351 1233 non
2440 1228 2446 1233 .

861 1271 995 1334 sola
1042 1270 1459 1332 admiratione
1508 1268 2174 1351 incomprehensibilis
2221 1288 2352 1331 suae

860 1368 1229 1431 substantiae
1269 1368 1334 1431 in
1374 1387 1442 1430 se
1482 1369 1639 1449 ipsa,
1672 1368 1841 1449 quod
1879 1374 2093 1429 tamen
2131 1368 2198 1428 in
2238 1385 2351 1448 spe

858 1467 1299 1549 promissionis
1360 1467 1567 1528 adhuc
1624 1472 1827 1527 exstat
1881 1464 2348 1537 absconditum,

858 1565 968 1627 sed
1026 1566 1219 1626 etiam
1270 1563 1647 1644 intelligitur
1695 1563 2131 1645 magnitudine
2185 1580 2352 1624 crea-

854 1670 1140 1724 turarum
1188 1681 1471 1737 suarum,
1517 1662 1617 1724 vel
1668 1662 2171 1724 consideratione
2220 1680 2350 1723 suae

852 1759 1136 1839 justitiae,
1184 1760 1286 1822 vel
1327 1759 1564 1821 auxilio
1610 1759 2101 1841 dispensationis
2146 1759 2350 1840 quoti-

1594 506 2011 554 coLLATloNUIu
2052 508 2138 554 SS.
2171 508 2416 553 PATRUM
2456 506 2632 553 LIBER
2671 508 2710 553 1.
2755 526 2856 561 —,
2877 507 3164 554 commo
3202 510 3225 554 1

2379 674 2432 737 A
2461 674 2560 737 lus
2593 676 3059 738 incessabiliter
3088 678 3314 752 tenuit,
3349 678 3417 739 in
3447 696 3575 759 quo
3605 678 3816 741 adhuc
3843 678 3962 740 ali-

2370 778 2376 784 ’
2460 773 2614 855 quid
2656 773 3004 836 carnalium
3045 774 3398 838 affectuum
3434 777 3615 851 vivit,
3649 777 3958 859 quoniam

2459 861 2766 935 Dominus
2797 874 2958 935 dixit
2988 892 3002 935 ε
3030 874 3168 937 Non
3203 874 3440 957 poteris
3469 875 3686 938 videre
3721 875 3957 937 faciem
4051 890 4234 996 ama-b

3985 966 4144 1003 mul,
4180 987 4204 997 -
4237 987 4248 997 .

2461 987 2716 1049 meam3
2767 988 2894 1034 non
2952 970 3125 1034 enim
3173 971 3417 1035 videbit
3465 991 3566 1034 me
3624 975 3838 1046 homo,
3889 982 3956 1036 et

2458 1067 2648 1130 vivet.

2831 1312 3336 1377 CAPITULUM
3389 1315 3573 1378 XVI.

2521 1460 2934 1531 Interroyatio
2962 1462 3036 1517 de
3061 1462 3500 1533 coqitationum
3527 1463 3889 1521 mobilitate.

2600 1657 3012 1721 ERMANUS
3047 1676 3061 1721 :
3099 1660 3259 1732 Quid
3299 1678 3448 1741 ergo
3485 1669 3602 1737 est,
3643 1664 3816 1744 quod
3855 1682 3958 1725 su-

2628 1755 2893 1838 perfluae
2935 1757 3346 1838 cogitationes
3387 1759 3476 1822 ita
3515 1759 3838 1822 subtiliter
3877 1780 3954 1823 ac

855 1857 1097 1920 dianae:
1131 1858 1385 1939 quando
1418 1858 1716 1920 videlicet
1755 1864 1965 1919 mente
2005 1857 2347 1938 purissima
2381 1854 2430 1917 B
2460 1851 2726 1915 latenter
2777 1854 3088 1917 inhaerent
3139 1857 3324 1919 nobis
3378 1857 3765 1933 nolentibuS,
3819 1860 3954 1921 imo

854 1955 1181 2017 intuemur
1211 1975 1352 2037 quae
1390 1955 1590 2035 egerit
1628 1974 1742 2038 per
1772 1955 2051 2036 singulas
2088 1973 2348 2035 genera-

854 2052 1057 2115 tiones
1088 2071 1236 2114 cum
1276 2053 1519 2115 Sanctis
1550 2052 1705 2127 suis,
1738 2053 2019 2133 dumque
2049 2054 2348 2115 trementi

854 2151 1043 2213 corde
1073 2151 1381 2213 miramur
1410 2150 1613 2231 ipsius
1644 2150 2016 2231 potentiam,
2049 2169 2175 2231 qua
2208 2152 2346 2212 uni-

851 2266 1034 2310 versa
1062 2247 1394 2329 gubernat,
1429 2248 1814 2321 moderatur,
1846 2266 1920 2309 ac
1949 2248 2131 2328 regit,
2155 2255 2345 2330 atque

851 2344 1348 2408 immensitatem
1408 2345 1690 2409 scientiae
1746 2346 1909 2426 ejuS,
1966 2352 2030 2407 et
2086 2346 2345 2408 oculum

852 2463 1046 2525 quem
1076 2451 1318 2506 secreta
1348 2444 1637 2511 cordium
1677 2444 1870 2505 latere
1901 2461 2029 2506 non
2059 2451 2343 2525 queunt3

851 2544 1005 2605 dum
1046 2542 1395 2622 cogitamus
1434 2542 1493 2604 ei
1534 2542 1787 2623 cognita
1821 2560 1961 2604 esse
1992 2561 2066 2604 ac
2105 2542 2348 2603 dimen-

849 2660 921 2703 sa
955 2660 1211 2703 arenam
1260 2624 1455 2703 maris
1497 2659 1965 2722 numerumque
2001 2641 2340 2715 undarum,

850 2741 1003 2802 dum
1043 2740 1565 2821 obstupescentes
1605 2739 2114 2821 contemplamur
2144 2739 2346 2801 scien-

851 2838 953 2902 tiae
989 2838 1130 2919 ejus
1168 2838 1474 2901 adsistere
1503 2857 1577 2900 ac
1609 2845 1823 2920 patere
1854 2846 2063 2919 guttas
2104 2838 2345 2919 pluvia·

846 2956 1014 3011 rum,
1048 2937 1182 2999 dies
1225 2944 1288 2998 et
1330 2936 1515 2999 horas
1564 2936 1963 3011 saeculorum,
1998 2937 2338 3019 praeterita,

2457 1958 2520 2012 et
2554 1951 3009 2027 nescientibus,
3045 1962 3115 2015 ut
3149 1973 3277 2018 non
3313 1956 3520 2018 solum
3555 1956 3828 2018 difficile
3867 1957 3956 2019 sit

2455 2067 2560 2110 eas
2600 2049 2940 2131 expellere,
2973 2052 3083 2113 sed
3122 2053 3316 2115 etiam
3355 2054 3710 2135 intelligere
3743 2074 3819 2116 ac
3849 2056 3957 2117 de—

2457 2147 2894 2228 prehendere?
2933 2150 3222 2213 Potestne
3267 2168 3418 2230 ergo
3461 2170 3640 2214 mens
3683 2151 3765 2214 ab
3811 2152 3956 2215 istis

2454 2244 2797 2325 aliquando
2828 2265 3026 2308 vacua
3055 2248 3346 2330 reperiri,
3380 2256 3442 2310 et
3472 2268 3804 2331 nunquam
3835 2250 3955 2312 hu-

2452 2341 2736 2422 jusmodi
2778 2343 3188 2407 illusionibus
3233 2346 3588 2409 incursari?

2811 2596 3315 2662 CAPITULUM
3372 2599 3588 2663 XVII.

2515 2744 2870 2815 Responsio,
2893 2746 3048 2818 quid
3081 2762 3246 2801 mens
3274 2748 3474 2818 possit
3511 2764 3695 2820 super
3731 2756 3898 2805 statu

2643 2834 3102 2905 coqitationum,
3133 2841 3191 2891 et
3219 2837 3372 2908 quid
3399 2854 3522 2893 non
3540 2839 3760 2910 possit.

847 3034 1204 3118 praesentia,
1256 3041 1320 3096 et
1368 3034 1602 3096 futura.
1656 3034 1820 3096 Dum
1878 3034 2140 3116 insuper
2192 3053 2339 3096 cum
2376 3034 2419 3097 C
2608 3028 2898 3093 OYSES:
2939 3032 3340 3114 Impossibile
3381 3042 3478 3097 est
3521 3042 3800 3098 mentem
3845 3054 3950 3099 co-

844 3133 1122 3215 quodam
1186 3132 1624 3194 admirationis
1684 3150 1950 3194 excessu
2015 3132 2342 3194 intuemur

844 3229 1246 3293 ineffabilem
1276 3230 1416 3310 ejus
1458 3230 1883 3304 clementiam,
1915 3249 2041 3312 qua
2070 3229 2342 3293 indefes-

844 3348 913 3391 sa
978 3328 1456 3409 longanimitate
1522 3327 1793 3390 sustinet
1851 3328 2341 3391 innumerabilia

843 3426 1089 3507 flagitia
1118 3444 1259 3507 quae
1289 3426 1357 3487 in
1386 3426 1527 3507 ejus
1563 3433 1907 3507 conspectu
1943 3427 2344 3488 committun-

844 3533 951 3587 tur
998 3543 1111 3607 per
1154 3523 1403 3604 singula
1447 3542 1715 3605 quaeque
1765 3532 2120 3603 momenta3
2160 3542 2342 3587 voca-

848 3623 1088 3685 tionem
1129 3639 1383 3703 quoque
1426 3635 1553 3703 qna
1596 3639 1710 3684 nos
1754 3640 1869 3703 per
1904 3622 2171 3702 gratiam
2211 3642 2340 3686 suae

850 3720 1277 3783 miserationis
1305 3719 1562 3781 attraxit
1599 3719 1795 3781 nullis
1835 3720 2340 3800 praecedentibus

850 3819 1094 3881 meritis
1134 3817 1389 3890 nostriS,
1422 3823 1485 3879 et
1525 3818 1888 3880 occasiones
1929 3817 2150 3880 salutis
2180 3837 2338 3900 quas

847 3917 1073 3980 tribuit
1119 3915 1433 3997 adoptatis
1450 3920 1499 3989 *,
1540 3923 1604 3977 et
1650 3916 1817 3996 quod
1866 3914 1953 3977 ita
2000 3934 2114 3978 nos
2162 3916 2339 3979 nasci

850 4014 1174 4097 praecepit,
1209 4020 1278 4075 ut
1307 4013 1386 4075 ab
1428 4013 1584 4096 ipsis
1616 4012 1950 4075 cunabulis
1989 4014 2341 4076 traderetur

849 4113 1035 4176 nobis
1084 4111 1287 4194 gratia
1340 4118 1404 4172 et
1461 4111 1617 4193 legis
1670 4131 1801 4175 suae
1859 4112 2117 4190 notitia3
2169 4112 2339 4193 quod

2633 3128 3048 3209 gitationibus
3101 3148 3229 3194 non
3283 3132 3522 3214 pulsari
3575 3134 3710 3196 sive
3756 3135 3946 3209 adiri,

2449 3225 2774 3307 suscipere
2830 3246 2982 3291 vero
3039 3247 3145 3291 eas
3203 3230 3338 3292 sive
3395 3249 3716 3313 respuere,
3768 3233 3950 3295 omni

2449 3324 2731 3385 studenti
2761 3326 3068 3407 possibile
3097 3335 3206 3389 est.
3221 3328 3767 3401 Quemadmodum
3795 3349 3952 3412 ergo

2451 3428 2626 3483 ortus
2668 3424 3122 3503 cogitationum
3162 3443 3291 3488 non
3335 3427 3568 3508 pendet
3609 3428 3872 3491 omnino
3908 3449 3952 3491 a

2451 3519 2658 3593 nobiS,
2694 3520 2781 3582 ita
2821 3521 2888 3582 in
2928 3522 3114 3585 nobis
3155 3524 3445 3586 consistit
3482 3524 3774 3606 probatio
3811 3527 3950 3589 sive

2451 3617 2678 3680 electio
2707 3620 3094 3682 earumdem.
3129 3621 3257 3683 Nec
3299 3628 3510 3684 tamen
3553 3642 3631 3685 ex
3661 3641 3738 3686 eo
3775 3625 3948 3705 quod

2451 3716 2730 3779 diximus
2762 3717 3159 3799 impossibile
3189 3738 3329 3782 esse
3360 3729 3636 3783 mentem
3669 3722 3956 3803 cogitati-

2451 3814 2677 3878 onibus
2709 3834 2834 3878 non
2874 3817 3056 3890 adiri,
3088 3826 3294 3880 totum
3333 3820 3811 3883 attribuendum
3853 3831 3951 3884 est

2451 3914 2759 3988 incursui,
2792 3922 2901 3977 aut
2945 3915 3072 3977 illis
3117 3916 3449 3997 spiritibus
3495 3919 3608 3999 qui
3655 3918 3952 3982 nituntur

2451 4030 2555 4074 eas
2604 4012 2890 4093 ingerere
2938 4014 3155 4093 nobis;
3186 4015 3424 4097 alioqui
3467 4016 3743 4079 liberum
3781 4018 3950 4080 arbi-

2450 4110 2646 4171 trium
2687 4128 2815 4173 non
2856 4120 3140 4173 maneret
3183 4113 3248 4174 in
3299 4112 3578 4187 homine,
3616 4134 3736 4177 nec
3777 4124 3945 4179 esset

848 4211 986 4294 ipse
1015 4210 1449 4273 adversarium
1478 4210 1742 4272 vincens
1781 4209 1847 4271 in
1878 4209 2087 4285 nobiS,
2123 4229 2342 4272 mune·
2369 4213 2418 4273 D
2450 4208 2514 4270 in
2546 4208 2731 4271 nobis
2761 4210 3033 4291 propriae
3063 4211 3575 4291 reprehensionis
3606 4214 3938 4277 industria.

847 4317 943 4372 rat
986 4327 1102 4371 nos
1143 4307 1448 4371 felicitate
1494 4314 1729 4371 aeterna
1775 4315 1965 4389 atque
2013 4309 2339 4390 perpetuis

848 4407 1127 4490 praemiis
1159 4424 1274 4489 pro
1303 4406 1438 4468 solo
1468 4404 1649 4469 bonae
1678 4405 2022 4468 voluntatis
2050 4424 2334 4468 assensu.

846 4506 1053 4579 Quum
1104 4511 1425 4587 postremo
1472 4504 1880 4586 speculamur
1927 4504 2342 4586 dispensatio-

847 4622 994 4666 nem
1044 4602 1495 4665 incarnationis
1544 4621 1674 4665 suae
1722 4621 1912 4683 quam
1948 4614 2078 4684 ‘pro
2127 4611 2342 4666 nostra

847 4700 1132 4782 suscepit
1167 4701 1390 4772 salute,
1422 4718 1497 4761 ac
1534 4698 1854 4761 mirabilia
1892 4699 2340 4782 mysteriorum

846 4817 1131 4873 suorum,
1183 4818 1324 4881 quae
1372 4797 1437 4860 in
1487 4798 1734 4860 cunctis
1778 4797 2075 4879 gentibus
2125 4799 2342 4861 dilata-

844 4898 957 4962 vit.
1011 4898 1170 4961 Sunt
1215 4904 1430 4958 autem
1477 4901 1540 4957 et
1586 4895 1726 4959 aliae
1774 4896 2142 4976 hujusmodi
2194 4915 2340 4959 con-

844 4995 1291 5079 templationes
1348 4994 1721 5068 innumerae,
1782 5014 1924 5076 quae
1982 4994 2047 5056 in
2106 4996 2341 5057 nostris

844 5092 1145 5157 cordibus
1201 5090 1496 5155 oriuntur
1538 5090 1720 5171 juxta
1765 5092 1912 5155 vitae
1969 5091 2340 5174 qualitatem

844 5190 1179 5272 cordisque
1210 5189 1575 5272 puritatem,
1609 5188 1845 5271 quibus
1875 5190 2041 5252 Deus
2082 5190 2340 5253 mundis

843 5289 1095 5352 videtur
1120 5286 1551 5370 adspectibuS,
1584 5287 1686 5350 vel
1714 5294 1984 5349 tenetur.
2010 5287 2173 5361 Quas
2205 5287 2340 5349 nul-

2450 4308 2570 4370 Sed
2609 4313 2898 4369 nostrum
2937 4315 3034 4369 est
3065 4327 3291 4390 magna
3329 4328 3407 4371 ex
3446 4319 3646 4391 parte,
3679 4320 3754 4373 ut
3785 4313 3952 4395 cogi-

2450 4405 2761 4468 tationum
2791 4406 3056 4487 qualitas
3085 4408 3548 4483 emendetur,et
3576 4409 3678 4471 vel
3711 4419 3944 4474 sanctae

2448 4510 2510 4565 et
2550 4503 2912 4584 spirituales
2953 4506 3385 4585 cogitationeS,
3419 4506 3520 4567 vel
3549 4513 3816 4571 terrenae
3853 4515 3943 4570 at-

2448 4622 2573 4684 que
2604 4602 2886 4665 carnales
2927 4612 3213 4666 crescant
3250 4604 3315 4665 in
3349 4604 3648 4667 cordibus
3685 4607 3939 4669 nostris·

2447 4700 2686 4764 Idcirco
2713 4700 3031 4764 interdum
3058 4703 3387 4766 adhibetur
3415 4703 3603 4767 lectio
3631 4701 3942 4786 frequenS,

2448 4806 2511 4861 et
2538 4798 2710 4879 jugis
2741 4800 3069 4862 meditatio
3099 4800 3592 4883 Scripturarum‚
3616 4810 3686 4863 ut
3711 4803 3942 4865 exinde

2449 4896 2805 4977 praebeatur
2834 4898 3019 4960 nobis
3051 4899 3299 4961 occasio
3329 4900 3679 4982 spiritualis
3711 4918 3947 4965 memo-

2449 4996 2579 5057 riae.
2634 4996 2780 5058 Ideo
2829 4996 3183 5060 decantatio
3232 4997 3500 5060 celebris
3547 4998 3940 5061 Psalmorum

2446 5093 2810 5175 apponitur,
2863 5102 3175 5176 quatenus
3225 5096 3480 5159 assidua
3531 5098 3942 5179 compunctio

2448 5190 2632 5254 nobis
2664 5191 2730 5253 in
2761 5192 2883 5254 hoc
2914 5193 3328 5256 ministretur.
3361 5194 3522 5256 Hinc
3549 5194 3938 5275 vigiliarum,

2445 5287 2839 5369 jejuniorum
2869 5297 2933 5351 et
2956 5291 3314 5353 orationum
3341 5292 3644 5355 sedulitas
3672 5293 3943 5356 assumi-
