4359 6267
933 484 1054 549 246
1650 501 2066 549 commouent
2109 500 2195 545 ss.
2228 498 2473 544 mrum
2514 497 2688 542 Lmen
2730 498 2768 542 1.
2814 516 2895 526 -
2935 496 3222 544 contario
3262 498 3325 542 ix

933 673 1102 754 quod
1148 671 1306 734 mihi
1357 671 1705 734 absurdum
1754 671 2025 734 videtur.
2066 670 2205 732 Non
2255 667 2427 730 enim
2456 665 2507 728 A
2537 666 2802 728 deuntes
2832 667 3114 748 antiqua,
3139 667 3377 730 erimus
3410 666 3499 729 rei
3530 666 3891 730 orationum
3922 681 4023 726 no-

933 771 1287 853 putandum
1333 777 1430 832 est
1477 770 1784 852 Spiritum
1836 770 2135 832 Sanctum
2186 766 2427 848 aliquid
2535 771 2805 827 strarum
2840 765 2975 826 sive
3000 773 3387 838 votorum,et
3416 763 4021 828 audiemuszMelius
4049 780 4253 854 pectava.

935 887 1047 950 per
1075 869 1448 951 Apostolum
1483 868 1824 950 protulisse
1863 867 2100 950 passim
2143 873 2253 927 aut
2290 865 2429 926 sine
2534 870 2631 924 est
2670 881 2796 925 non
2842 881 3093 938 vovere,
3127 882 3317 945 quam
3358 883 3588 927 vovere
3628 872 3691 925 et
3731 880 3859 925 non
3898 841 4247 924 red-¹⁰²“ffl·

932 968 1158 1030 idonea
1206 967 1466 1030 ratione.
1520 967 1667 1028 Ideo
1717 965 1967 1047 singula
2012 971 2429 1027 retractemus
2537 961 2703 1022 dere.
2740 961 2915 1034 Quod
2957 961 3168 1024 Graece
3208 961 3301 1023 sic
3341 961 3467 1023 dici
3513 968 3719 1043 potest
3754 979 3769 1024 :
3812 959 4021 1022 Melius

930 1067 1152 1131 ordine
1210 1066 1434 1128 eodem
1487 1083 1615 1147 quo
1673 1065 2008 1146 coepimuS,
2073 1062 2126 1126 si
2186 1060 2431 1124 dederit
2536 1065 2787 1121 estnon
2818 1077 3019 1132 orare,
3054 1079 3247 1141 quam
3277 1076 3455 1122 orare
3491 1069 3554 1122 et
3584 1076 3711 1122 non
3745 1058 4017 1120 reddere.

661 1777 905 1829 trim.11,¹.

650 3163 726 3207 Pe.
740 3177 834 3213 cxv,
845 3167 858 3205 1
869 3165 909 3206 t.

667 3457 913 3507 Eccle.v‚3.

642 3522 768 3576 juxta
799 3518 915 3561 Lxx.

670 5129 708 5173 u
725 5127 830 5172 Cor.
845 5140 918 5178 vn,

657 5195 721 5236 ¹0.

932 1165 1260 1229 Dominus,

1333 1419 1836 1485 CAPITULUM
1901 1417 2022 1480 XI.

1408 1563 1496 1618 De
1525 1559 1953 1616 obsecratione.

1077 1757 1423 1821 EPRECOR
1453 1757 1665 1839 itaque
1705 1754 1915 1837 primo
1952 1751 2242 1815 omnium
2286 1749 2426 1811 fieri

2905 1311 3409 1376 CAPITULUM
3467 1312 3657 1376 XIII.

3017 1453 3104 1508 De
3125 1452 3560 1525 postulatione.

2574 1679 2579 1684 ·
2668 1648 2934 1711 ERTIO
2989 1649 3127 1711 loco
3174 1655 3501 1731 ponuntur
3550 1647 4017 1730 postulationeS,

2684 1767 2826 1830 quae
2855 1756 3004 1810 sunt
3033 1749 3371 1830 petitiones
3412 1767 3569 1830 quas
3609 1748 3885 1811 solemus
3915 1765 4020 1829 pro

1077 1856 1566 1920 obsecrationes.
1603 1851 1967 1916 Obsecratio
1999 1858 2095 1912 est
2136 1848 2431 1931 implora·
2464 1847 2510 1909 B
2538 1845 2681 1907 aliis
2714 1844 3169 1920 fundere‚dum
3200 1846 3526 1909 constituti
3561 1866 3784 1908 sumus
3814 1846 3877 1908 in
3906 1846 4022 1927 spi-

940 1955 1027 2017 tio
1074 1974 1186 2018 seu
1235 1953 1459 2036 petitio
1507 1969 1625 2034 pro
1671 1949 1949 2032 peccatis
2007 1946 2427 2018 dimittendiS,

936 2070 1064 2133 qua
1103 2052 1543 2133 unusquisque
1583 2055 2006 2131 compunctus
2035 2045 2289 2109 veniam
2328 2043 2433 2105 de-

937 2157 1231 2232 precatur
1275 2167 1390 2231 pro
1428 2147 1706 2230 peccatis
1745 2146 1878 2208 suis
1918 2143 2256 2227 praeteritis
2296 2142 2431 2204 sive

936 2248 1376 2331 praesentibus,

1319 2502 1824 2567 CAPITULUM
1887 2501 2043 2565 XII.

1476 2643 1562 2698 De
1590 2643 1884 2698 oratione.

1080 2840 1458 2904 RATIONES
1511 2847 1660 2902 sunt
1712 2838 1946 2921 quibus
2005 2836 2133 2899 Deo
2188 2834 2431 2917 aliquid

1098 2939 1433 3002 offerimus
1476 2946 1584 3000 aut
1627 2955 1957 3009 vovemus,
2003 2933 2172 3016 quod
2220 2933 2431 2997 Graece

937 3038 1172 3102 dicitur
1216 3039 1380 3122 εὐχή,
1418 3038 1480 3099 id
1523 3043 1620 3098 est
1661 3042 1902 3108 votum,
1941 3033 2123 3114 juxta
2163 3031 2321 3093 illud
2366 3031 2431 3093 in
2466 3037 2509 3100 C

941 3137 1186 3200 Psalmo
1221 3156 1235 3200 ε
1267 3137 1424 3198 Vota
1465 3153 1605 3197 mea
1634 3133 1904 3196 Domino
1942 3131 2222 3193 reddam.
2258 3130 2433 3204 Quod

940 3235 1292 3297 secundum
1326 3232 1777 3315 proprietatem
1808 3228 1986 3292 verbi
2027 3229 2119 3290 sic
2159 3227 2433 3310 exprimi

942 3339 1149 3414 potest
1193 3349 1207 3393 τ
1250 3331 1574 3394 Orationes
1622 3347 1792 3390 meas
1838 3326 2105 3390 Domino
2150 3327 2428 3388 reddam.

941 3431 1105 3494 Illud
1142 3448 1398 3513 quoque
1437 3427 1832 3489 Ecclesiastae
1877 3445 1889 3489 :
1938 3425 2001 3487 Si
2041 3425 2293 3487 voveris
2332 3441 2436 3487 vo-

945 3537 1082 3591 tum
1130 3527 1420 3600 Domino,
1474 3545 1552 3588 ne
1603 3542 1845 3587 moram
1896 3522 2124 3585 feceris
2173 3523 2435 3585 reddere

942 3628 1144 3706 illud3
1184 3626 1354 3707 quod
1395 3625 1577 3705 juxta
1621 3622 1908 3686 Graecum
1952 3620 2044 3683 sic
2088 3629 2270 3684 sonat
2314 3639 2327 3682 :
2372 3621 2434 3683 Si

938 3726 1220 3789 oraveris
1250 3723 1602 3786 orationem
1634 3721 1926 3794 Domino,
1961 3738 2040 3782 ne
2071 3737 2314 3781 moram
2346 3719 2437 3782 fe-

939 3823 1102 3887 ceris
1145 3821 1407 3885 reddere
1452 3821 1648 3883 illam.

1018 3921 1193 3996 Quod
1225 3921 1314 3982 ita
1346 3919 1426 3981 ab
1459 3935 1840 4000 unoquoque
1881 3923 2170 3979 nostrum
2214 3915 2436 3997 imple-

937 4020 1129 4082 bitur.
1167 4019 1453 4092 OramuS‚
1478 4035 1677 4099 quum
1709 4016 1860 4077 huic
1891 4015 2128 4077 mundo
2159 4015 2439 4076 renunti-

936 4127 1137 4194 anteS,
1163 4116 1595 4201 promittimus
1635 4115 1762 4177 Deo
1793 4114 1962 4196 quod
1993 4113 2052 4175 ei
2083 4113 2436 4175 serviemus

936 4225 1069 4280 tota
1099 4216 1330 4279 mentis
1363 4214 1739 4287 intentione,
1777 4211 2144 4274 mortificati
2188 4212 2435 4273 cunctis
2467 4219 2517 4281 D

937 4314 1186 4378 actibus
1225 4313 1441 4378 saeculi
1473 4320 1534 4374 et
1569 4310 2030 4374 conversationi
2076 4309 2433 4372 mundanae.

939 4414 1226 4486 oramus,
1276 4413 1430 4474 dum
1484 4415 1850 4490 contempto
1901 4407 2189 4471 saeculari
2248 4407 2439 4470 hono-

939 4531 1007 4575 re
1049 4521 1113 4574 et
1156 4510 1385 4593 spretis
1434 4508 1702 4571 terrenis
1752 4506 2015 4580 divit-iis,
2065 4505 2441 4588 pollicemur

941 4610 1107 4693 quod
1155 4607 1616 4671 adhaerebimus
1662 4606 1785 4668 Deo
1827 4623 1975 4667 cum
2014 4604 2192 4667 omni
2232 4604 2439 4667 cordis

943 4707 1322 4770 contritione
1352 4724 1425 4766 ae
1456 4703 1717 4786 spiritus
1750 4710 2137 4784 paupertate.
2175 4701 2439 4764 Oramus

944 4804 1200 4888 quando
1238 4803 1672 4887 promittimus
1711 4800 2119 4882 purissimam
2156 4801 2440 4882 corporis

947 4905 1297 4969 castitatem
1341 4910 1450 4965 aut
1488 4900 1883 4963 immobilem
1926 4899 2295 4980 patientiam
2336 4899 2441 4961 ob·

947 5019 1230 5080 servare3
1257 5001 1356 5062 vel
1385 4999 1536 5062 dum
1565 5016 1870 5061 vovemus
1900 4999 1977 5059 de
2008 4998 2196 5059 corde
2228 5005 2443 5060 nostro

946 5101 1237 5166 funditus
1277 5098 1626 5179 exstirpare
1667 5096 1908 5158 radices
1951 5096 2079 5168 irae,
2112 5103 2220 5157 aut
2254 5095 2445 5157 tristi-

946 5201 1052 5264 tiae
1087 5205 1356 5262 mortem
1391 5193 1710 5278 operantis
1743 5211 1759 5254 ε
1792 5213 1934 5275 quae
1968 5193 2121 5254 dum
2155 5210 2285 5254 non
2327 5193 2443 5255 im-

947 5299 1200 5383 plemus
1228 5294 1490 5358 resoluti
1521 5291 1780 5375 pigritia
1817 5297 2007 5373 atque
2045 5291 2124 5353 ad
2163 5291 2320 5354 vitia
2352 5309 2445 5353 re-

2540 1943 2751 2005 rituali
2801 1944 3069 2016 fervore,
3117 1945 3354 2008 orando
3401 1963 3518 2026 pro
3564 1945 3727 2007 caris
3776 1944 4017 2016 nostriS‚

2538 2049 2647 2104 aut
2700 2059 2815 2123 pro
2867 2061 3022 2124 pace
3073 2041 3292 2103 mundi
3339 2043 3553 2115 totiuS‚
3596 2050 3659 2104 et
3711 2051 3780 2104 ut
3818 2041 4019 2104 verbis

2539 2147 2679 2202 utar
2717 2141 3024 2222 Apostoli,
3071 2141 3225 2203 dum
3268 2141 3707 2223 supplicamus
3749 2159 3861 2223 pro
3900 2159 4020 2204 om·
4060 2155 4254 2200 irenam.

2538 2238 2729 2300 nibus
2778 2239 3175 2313 hominibus,
3219 2257 3336 2321 pro
3388 2239 3669 2321 regibus,
3716 2248 3778 2302 et
3826 2222 4079 2302 omni-²·

2537 2337 2658 2400 bus
2701 2339 2812 2420 qui
2856 2339 2922 2399 in
2966 2338 3355 2401 sublimitate
3398 2347 3563 2401 sunt.

2865 2592 3440 2656 CAPITULUM
3503 2593 3708 2657 XIV.

2911 2734 2999 2789 De
3024 2733 3370 2803 qratiarum
3400 2734 3659 2789 actione.

2684 2929 2933 2992 UARTO
2993 2930 3131 2994 loco
3185 2931 3531 3012 gratiarum
3588 2931 3865 2994 actiones
3920 2947 4019 3012 po-

2702 3035 2961 3100 nuntur,
2996 3048 3153 3110 quas
3189 3046 3367 3090 mens
3403 3047 3517 3110 per
3548 3047 3842 3091 excessus
3877 3027 4022 3090 inef-

2539 3125 2767 3188 fabiles
2825 3125 3027 3188 reddit
3091 3126 3239 3200 Deo,
3300 3126 3453 3187 dum
3516 3127 3834 3207 praeterita
3886 3125 4019 3206 ejus

2540 3223 2859 3287 beneficia
2910 3225 3295 3298 recordatur,
3341 3231 3451 3286 aut
3503 3225 3838 3306 praesentia
3886 3243 4022 3286 con-

2542 3323 2898 3405 templatur,
2922 3330 3031 3385 aut
3062 3324 3345 3385 intuetur
3369 3343 3506 3404 quae
3534 3325 3725 3386 etiam
3753 3331 3811 3387 et
3842 3343 4022 3406 quan·
4047 3339 4272 3384 iconas..

2541 3430 2604 3484 ta
2634 3421 3083 3504 praeparaverit
3112 3423 3277 3483 Deus
3311 3421 3377 3484 in
3410 3420 3627 3485 futuro
3665 3422 3767 3484 his
3803 3422 3908 3504 qui
3941 3421 4023 3483 di·

2544 3521 2749 3602 ligunt
2789 3539 2957 3582 eum.
3006 3519 3095 3580 Ex
3138 3538 3263 3600 qua
3307 3520 3809 3584 consideratione
3850 3519 4021 3582 fundi

2544 3618 2749 3681 solent
2781 3617 3103 3679 interdum
3144 3635 3364 3699 preces
3400 3618 3749 3692 uberiores,
3781 3618 4025 3700 quando

2545 3715 2905 3799 purissimis
2936 3716 3139 3778 oculis
3170 3716 3579 3798 speculamur
3609 3717 3868 3798 praemia
3890 3717 4025 3778 San-

2545 3815 2663 3877 ctis
2704 3814 2769 3876 in
2810 3813 3026 3877 futuro
3066 3815 3365 3896 reposita,
3407 3822 3594 3896 atque
3634 3834 3713 3878 ex
3754 3816 3868 3878 hoc
3905 3815 4023 3897 spi-

2545 3914 2704 3976 ritus
2744 3920 2957 3975 noster
2991 3913 3327 3994 instigatur
3360 3913 3593 3993 gratias
3634 3913 3762 3977 Deo
3800 3913 4024 3976 referre

2546 4030 2695 4074 cum
2737 4012 2967 4094 gaudio
3012 4011 3288 4075 infinito.

2938 4263 3441 4330 CAPITULUM
3504 4268 3653 4335 XV.

2548 4421 2759 4476 Utrum
2804 4426 3070 4492 quatuor
3114 4421 3339 4492 species
3382 4423 3687 4478 orationis
3729 4423 3853 4478 sint
3898 4423 4027 4478 tmi-

2616 4520 2833 4591 cuique
2876 4520 3237 4574 neces-sarim
3281 4519 3607 4591 sigillatim
3647 4526 3705 4576 et
3742 4521 4023 4580 vicissim,

2618 4621 2699 4662 an
2736 4607 3013 4663 omnibus
3048 4612 3105 4662 et
3141 4607 3344 4663 simul.

2680 4803 2731 4863 X
2776 4801 2875 4863 his
2915 4809 3186 4883 quatuor
3224 4802 3562 4883 speciebus
3602 4804 3898 4866 orationis
3935 4823 4027 4866 so-

2708 4899 2841 4962 lent
2868 4899 3156 4979 generari
3197 4899 3462 4963 diversae
3500 4901 3858 4964 occasiones
3888 4921 4027 4984 sup·

2549 4998 2985 5081 plicationum.
3062 4997 3365 5060 Novimus
3442 5000 3613 5062 enim
3692 5001 4029 5082 saepissime

2550 5115 2769 5178 preces
2802 5095 3301 5157 ferventissimas
3332 5102 3395 5157 et
3421 5096 3651 5178 ignitas
3681 5099 3929 5181 prodire
3958 5099 4029 5160 de

2551 5193 2763 5276 specie
2804 5192 3261 5256 obsecrationis
3302 5213 3443 5276 quae
3482 5197 3765 5259 nascitur
3790 5215 3863 5258 ex
3896 5215 4033 5279 pec-

2552 5298 2837 5354 catorum
2872 5291 3402 5373 compunctione;
3434 5293 3732 5358 similiter
3760 5296 3833 5358 de
3868 5303 4027 5358 statu
