4359 6267
818 481 939 547 212
1520 508 1936 557 couumonmi
1977 511 2064 556 ss.
2098 511 2342 557 uranu
2384 511 2559 558 mmm
2598 512 2638 557 1.
2685 530 2767 540 -—
2806 511 3093 559 comario
3133 512 3219 558 vn

1773 903 2593 1017 COLLATIO
2719 907 2970 1017 vll

1851 1146 2228 1242 (Abbatis
2265 1148 2554 1224 Sereni
2582 1151 2887 1250 prima)

1186 1395 1289 1446 DE
1358 1394 1843 1446 MOBILITATE
1909 1393 2195 1445 ANIMAE
2261 1394 2361 1446 ET
2424 1395 3043 1450 SPIRITUALIBUS
3110 1399 3553 1458 NEQUITIIS.

1030 1717 1612 1782 CAPITULUM
1682 1717 2096 1782 PRIMUM.

1100 1869 1186 1923 De
1213 1866 1495 1922 castitate
1522 1865 1768 1922 abbatis
1793 1867 2027 1922 Sereni.

942 2065 1311 2129 UPIENTES
1362 2063 1768 2126 manifestare
1813 2062 2135 2125 mentibus
2185 2071 2315 2124 stu-

967 2165 1315 2236 diosorum,
1368 2162 1579 2225 virum
1634 2180 1902 2224 summae
1959 2161 2313 2224 sanctitatis

815 2283 890 2326 ac
921 2262 1350 2334 continentiae,
1382 2261 1678 2323 abbatem
1718 2259 1979 2322 nomine
2015 2267 2078 2322 et
2113 2279 2180 2322 re
2214 2261 2316 2322 Se-

817 2380 1067 2434 renum,
1119 2360 1476 2423 serenitatis
1536 2359 1893 2441 speculum,
1946 2377 2139 2441 quem
2187 2359 2315 2420 sin-

816 2459 1021 2542 gulari
1060 2459 1466 2522 veneratione
1511 2477 1732 2520 sumus
1779 2477 1906 2540 prae
1948 2457 2175 2520 ceteris
2214 2477 2317 2520 ve-

817 2558 1042 2632 nerati,
1095 2557 1481 2619 arbitramur
1539 2574 1666 2619 non
1723 2556 1908 2618 aliter
1965 2573 2148 2638 posse
2200 2573 2314 2618 nos

815 2657 1167 2739 adimplere
1206 2656 1594 2718 desiderium
1639 2663 1949 2725 nostrum,
1983 2654 2108 2716 nisi
2150 2655 2316 2717 inse-

817 2775 1032 2818 ramus
1080 2755 1315 2818 nostris
1374 2754 1610 2817 libellis
1660 2753 2026 2816 collationes
2089 2753 2309 2835 ipsius.

2342 1668 2393 1731 A
2425 1669 2719 1750 puritatis
2748 1670 3078 1748 affectum,
3110 1681 3173 1735 et
3202 1673 3399 1755 coepit
3427 1673 3931 1737 ferventioribus

2423 1767 2992 1844 obsecrationibuS‚
3042 1770 3395 1834 acrioribus
3453 1790 3711 1854 quoque
3756 1773 3931 1854 Jeju-

2424 1867 2549 1929 niis
2606 1867 2955 1950 deprecari,
3012 1876 3083 1930 ut
3140 1869 3550 1933 mortificatio
3608 1871 3933 1952 passionis

2423 1965 2617 2046 hujus
2657 1986 2798 2048 quae
2840 1966 3124 2030 interiori
3170 1968 3415 2030 homini
3458 1985 3577 2031 suo
3614 1968 3735 2030 fuit
3778 1987 3935 2032 con-

2424 2082 2602 2126 cessa
2664 2064 2798 2127 solo
2855 2065 3023 2128 dono
3078 2065 3295 2147 gratiae
3353 2066 3488 2141 Dei,
3550 2067 3616 2128 in
3677 2074 3935 2128 tantum

2424 2163 2870 2225 extenderetur
2905 2171 3095 2246 atque
3136 2165 3500 2246 perveniret
3539 2165 3619 2226 ad
3658 2166 3939 2228 exterio-

2424 2261 2511 2322 ris
2541 2261 2820 2324 hominis
2852 2263 3218 2344 puritatem,
3238 2270 3309 2324 ut.
3339 2282 3457 2326 nec
3485 2264 3758 2326 ulterius
3791 2265 3937 2346 pul-

2424 2367 2669 2421 saretur
2710 2360 2819 2423 illo
2860 2361 3129 2422 naturali
3170 2379 3244 2423 ac
3275 2361 3555 2444 simplici
3600 2371 3776 2425 motu
3814 2364 3935 2444 qui

2423 2457 2616 2520 etiam
2661 2456 2727 2519 in
2772 2459 3053 2540 parvulis
3096 2467 3286 2541 atque
3332 2459 3715 2522 lactentibus
3756 2461 3935 2522 exci-

2423 2563 2610 2618 tatur.
2644 2556 2738 2618 Ad
2770 2557 2939 2638 quod
2982 2557 3327 2639 petendum
3364 2558 3571 2620 fuerat
3604 2559 3933 2621 animatus

2424 2655 2861 2736 experimento
2902 2655 3113 2738 adepti
3161 2657 3467 2730 muneriS‚
3502 2665 3723 2738 utpote
3766 2676 3933 2738 prae-

2425 2753 2609 2816 dictae
2639 2753 2946 2815 castitatis
2986 2753 3327 2828 interioriS‚
3360 2754 3530 2837 quod
3564 2775 3632 2818 se
3662 2765 3935 2818 noverat

818 2855 930 2917 Cui
964 2862 1092 2916 tam
1128 2852 1434 2936 peculiari
1466 2851 1786 2916 beneficio
1818 2851 1952 2925 Dei,
1979 2851 2191 2914 infusa
2220 2859 2315 2914 est
2345 2852 2393 2914 B
2425 2859 2838 2914 consecutum
2879 2870 3005 2915 non
3050 2853 3276 2914 merito
3306 2870 3569 2915 suorum
3610 2853 3933 2928 laborum,

816 2954 1018 3016 virtus
1057 2953 1360 3016 castitatis
1397 2971 1590 3034 supra
1620 2970 1842 3015 omnes
1873 2951 2141 3014 virtutes
2173 2971 2315 3033 quae

815 3072 930 3134 per
959 3052 1071 3114 Dei
1105 3051 1371 3132 gratiam
1417 3050 1817 3132 refulgebant
1846 3067 1972 3112 non
2009 3049 2214 3112 solum
2250 3049 2313 3110 in

815 3152 956 3233 ejus
988 3151 1192 3224 vultu,
1227 3150 1337 3212 sed
1373 3150 1564 3212 etiam
1609 3150 1672 3211 in
1714 3157 1858 3211 actu
1901 3148 2316 3231 moribusque

818 3249 1042 3331 ipsiuS,
1077 3256 1145 3309 ut
1177 3267 1294 3309 nec
1326 3248 1390 3309 in
1423 3265 1648 3329 sopore
1680 3247 1942 3309 sentiret.
1973 3266 2039 3308 se
2073 3247 2318 3328 inquie—

817 3347 935 3410 tari
987 3346 1258 3409 stimulis
1304 3345 1535 3418 carniS‚
1580 3345 1709 3406 imo
1755 3364 1872 3406 nec
1919 3345 2316 3407 naturalibus

819 3443 1176 3508 incentivis
1213 3444 1305 3507 Ad
1346 3462 1537 3526 quam
1581 3450 1708 3504 tam
1753 3443 2140 3525 praecipuam
2188 3462 2318 3504 car-

817 3545 918 3607 nis
962 3545 1303 3626 puritatem
1354 3543 1627 3626 qualiter
1669 3543 2030 3624 pervenerit
2077 3543 2317 3605 auxilio

815 3644 1033 3727 gratiae
1063 3643 1197 3717 Dei,
1231 3642 1662 3704 necessarium
1707 3659 1846 3704 reor
1878 3641 2176 3723 primitus
2210 3660 2315 3703 ex-

819 3743 1078 3824 plicare,
1122 3741 1271 3823 quia
1312 3740 1565 3802 videtur
1612 3739 1810 3802 fuisse
1859 3759 2052 3822 supra
2100 3741 2315 3802 condi-

819 3842 1056 3905 tionem
1101 3849 1340 3903 naturae
1384 3840 1696 3903 humanae.

1240 4096 1745 4161 CAPITULUM
1807 4096 1894 4158 ΙΙ.

963 4247 1375 4318 Interroyatio
1406 4245 1670 4318 proefati
1708 4245 1870 4301 senis
1907 4245 1980 4300 de
2017 4250 2182 4301 statu

1145 4335 1582 4406 coqitationum
1619 4339 1983 4390 nostrarum.

972 4531 1042 4594 lC
1089 4531 1283 4613 igitur
1329 4529 1525 4592 abbas
1577 4547 1691 4611 pro
1739 4529 1986 4591 interna
2030 4528 2317 4591 castitate

999 4629 1206 4692 cordis
1250 4647 1321 4690 ac
1362 4629 1590 4691 animae
1634 4628 1980 4691 obtinenda
2017 4627 2317 4690 insistens

821 4728 1299 4811 infatigabiliter
1340 4728 1668 4791 nocturnis
1708 4727 2083 4809 diurnisque
2114 4727 2317 4809 preci-

817 4828 961 4902 buS,
992 4827 1257 4909 jejuniis
1298 4835 1486 4908 atque
1523 4825 1783 4907 vigiliis,
1818 4845 2017 4908 quum
2054 4826 2319 4890 vidisset

819 4945 886 4989 se
937 4925 1290 4990 obtinuisse
1342 4932 1488 4988 vota
1546 4945 1658 4987 seu
1713 4924 2028 4987 desideria
2084 4925 2319 4988 oratio-

819 5044 976 5087 num
1035 5043 1319 5097 suarum,
1371 5030 1434 5085 et
1485 5023 1816 5086 universos
1875 5023 2130 5086 ardores
2181 5043 2318 5086 car-

821 5123 982 5186 nalis
1041 5121 1577 5205 concupiscentiae
1641 5139 1780 5184 esse
1842 5121 2189 5184 exstinctos
2253 5122 2321 5183 in

2424 2950 2533 3012 sed
2578 2949 2778 3030 gratia
2828 2950 2937 3012 Dei
2986 2968 2999 3011 ε
3044 2950 3307 3013 credens
3352 2952 3552 3013 Deum
3598 2952 3803 3014 multo
3840 2951 3938 3014 fa-

2425 3049 2612 3110 cilius
2656 3066 2839 3130 posse
2871 3049 3175 3111 radicitus
3217 3048 3606 3113 mortificare
3642 3069 3716 3112 ac
3748 3050 3937 3114 tolle-

2426 3166 2491 3210 re
2536 3148 2651 3210 hos
2695 3147 2989 3210 stimulos
3030 3148 3261 3222 carniS‚
3304 3166 3463 3230 quos
3506 3157 3571 3210 ct
3615 3149 3940 3213 industria

2422 3246 2577 3308 artis
2612 3245 2908 3308 humanae
2938 3246 3095 3308 solet
3126 3247 3507 3328 quandoque
3536 3247 3789 3310 auferre
3819 3267 3941 3330 po-

2425 3344 2588 3406 culis
2629 3344 2731 3406 vel
2776 3344 3278 3419 medicamentiS‚
3320 3353 3427 3407 aut
3472 3344 3625 3408 ferri
3674 3346 3939 3410 incisio-

2425 3461 2541 3521 ne3
2582 3462 2781 3525 quum
2828 3442 2959 3524 jam
3009 3444 3175 3506 Deus
3224 3444 3283 3505 ei
3333 3444 3610 3507 dedisset
3659 3463 3937 3508 munere

2423 3542 2699 3622 gratioso
2743 3543 2951 3604 cordis
3002 3543 3342 3624 puritatem
3385 3563 3530 3625 quae
3571 3543 3760 3606 altior
3804 3551 3931 3618 est,

2424 3648 2487 3703 et
2517 3660 2709 3723 quam
2752 3641 3151 3723 impossibile
3190 3649 3285 3704 est
3315 3641 3605 3705 obtinere
3643 3642 3937 3705 humano

2426 3740 2637 3803 labore
2696 3759 2769 3802 ac
2829 3741 3057 3803 studio,
3110 3740 3445 3823 Quumque
3503 3741 3937 3804 obsecrationi

2423 3839 2574 3900 huic
2604 3857 2751 3900 cum
2794 3839 3075 3901 lacrimis
3117 3839 3551 3902 indesinenter
3580 3840 3935 3912 insisteret,

2424 3936 2599 4000 venit
2637 3938 2716 3999 ad
2760 3955 2908 4000 eum
2953 3937 3217 4019 angelus
3262 3936 3372 4000 Dei
3425 3937 3491 3999 in
3530 3938 3777 4001 visione
3821 3957 3942 4002 no-

2346 4039 2389 4103 C
2424 4045 2670 4111 cturna‚
2733 4044 2796 4098 et
2853 4036 3036 4118 quasi
3093 4035 3387 4118 aperiens
3448 4045 3703 4099 uterum
3760 4037 3935 4118 ejuS‚

2422 4135 2654 4198 avulsit
2677 4136 3017 4218 quamdam
3044 4143 3352 4197 strumam
3383 4135 3650 4217 ignitam
3680 4136 3758 4198 de
3787 4135 3945 4219 ipsi-

2424 4255 2499 4297 us
2524 4235 3209 4317 visceribuS‚illamque
3240 4235 3599 4317 projiciens
3620 4243 3681 4297 et
3713 4237 3940 4298 omnia

2426 4333 2726 4396 intestina
2766 4353 2880 4396 sua
2920 4333 3197 4416 propriis
3243 4333 3399 4396 loeis
3439 4333 3807 4408 restituenS,
3841 4335 3941 4398 di-

2425 4432 2517 4495 xit
2564 4449 2577 4494 :
2631 4432 2793 4494 Ecce
2844 4431 3164 4495 incentiva
3214 4431 3423 4494 carnis
3472 4439 3597 4495 tuae
3645 4431 3938 4496 abscissa

2425 4537 2594 4605 sunt,
2638 4537 2699 4592 et
2745 4529 2907 4592 scias
2953 4537 3014 4591 'te
3061 4529 3246 4592 hodie
3292 4529 3653 4612 percepisse
3703 4550 3938 4613 perpe-

2424 4636 2601 4690 tuam
2651 4627 2934 4709 corporis
2991 4627 3343 4690 castitatem
3396 4646 3589 4710 quam
3651 4626 3941 4691 fideliter

2427 4726 2791 4809 poposcisti.
2846 4727 2975 4788 Hoc
3028 4726 3308 4789 breviter
3356 4726 3591 4788 dixisse
3645 4726 3943 4790 sufficiat

2425 4826 2503 4887 de
2547 4825 2747 4906 gratia
2793 4824 2945 4887 huic
2990 4824 3126 4887 seni
3174 4825 3583 4906 peculiariter
3624 4824 3789 4887 data.
3826 4826 3945 4889 Ce-

2425 4932 2634 4986 terum
2686 4923 3091 5005 superfluum
3141 4929 3297 5006 puto
3340 4922 3580 5004 aliquid
3631 4922 3811 5005 loqui
3857 4925 3943 4987 de

2428 5021 2654 5085 ceteris
2698 5021 2839 5103 ejus
2884 5021 3252 5097 virtutibuS,
3296 5041 3455 5104 quas
3504 5023 3947 5085 communiter

2428 5121 2793 5205 possidebat
2832 5139 2979 5184 cum
3020 5120 3286 5203 reliquis
3328 5120 3600 5183 summis
3640 5121 3824 5196 viris,
3858 5143 3945 5185 ne

820 5224 1010 5286 corde
1050 5238 1188 5296 suo,
1221 5239 1526 5283 accensus
1564 5228 1754 5302 gustu
1797 5220 2176 5283 suavissimo
2210 5241 2325 5303 pu·
2350 5223 2401 5284 D
2430 5219 2727 5303 specialis
2758 5219 3033 5282 narratio
3060 5218 3226 5282 facta
3250 5218 3330 5281 de
3356 5237 3453 5293 eo,
3472 5218 3617 5282 aliis
3641 5219 3949 5282 videatur

822 5321 1048 5395 ritatiS,
1092 5319 1227 5384 zelo
1273 5319 1580 5383 castitatis
1623 5319 1858 5381 exarsit
1905 5318 1970 5381 in
2015 5318 2321 5400 majorem

2434 5318 2687 5383 auferre
2731 5319 2899 5400 quod
2943 5318 3021 5382 de
3066 5335 3142 5381 eo
3192 5317 3599 5400 singulariter
3642 5319 3947 5384 recitare—
