4359 6267
150 889 358 935 March.

91 964 226 1003 tvm,
262 956 310 995 ³.

113 1960 130 2002 l
149 1960 330 2003 Thess.
343 1972 400 2009 iv,

102 2026 122 2066 1
131 2026 154 2065 1
161 2054 176 2067 .

1322 510 1402 555 DE
1445 510 1772 556 msrl‘rmls
1815 509 1901 555 SS.
1939 508 2200 554 mmm.
2243 524 2324 535 --
2364 507 2539 553 LIBER
2580 508 2623 553 11

423 678 685 741 sibimet
723 679 1088 742 blandiatur
1121 697 1136 741 ε
1171 680 1302 742 imo
1335 678 1427 741 sic
1462 678 1762 742 omnibus
1799 684 1925 740 stu·
1951 676 2005 739 A

423 777 568 841 deat
616 778 900 852 obedire,
951 786 1266 860 quatenus
1311 778 1494 859 juxta
1541 777 1774 842 Christi
1821 777 1925 839 do-

425 876 720 951 ctrinam,
783 876 942 939 sciat
1003 876 1398 939 redeundum
1462 875 1586 937 sibi
1649 894 1786 937 esse
1845 875 1924 936 ad

427 973 764 1036 infantiam
815 974 1148 1056 pristinam
1199 992 1310 1036 seu
1370 974 1783 1056 parvulorum
1831 972 1926 1033 in-

425 1072 812 1145 nocentiam,
845 1071 1006 1134 nihil
1048 1071 1170 1134 sibi
1212 1090 1604 1154 praesumens
1643 1089 1721 1132 ex
1763 1070 1925 1131 mul-

427 1169 702 1233 titudine
749 1188 1062 1233 annorum
1112 1188 1271 1251 quos
1324 1169 1390 1231 in
1443 1169 1676 1232 saeculo
1725 1167 1924 1230 infru-

425 1276 648 1331 ctuose
689 1268 1089 1349 consumpsit
1129 1286 1204 1329 ac
1247 1267 1546 1349 perdidit,
1581 1267 1690 1329 sed
1733 1267 1925 1328 etiam

423 1365 791 1447 Junioribus
833 1364 1104 1429 subdere
1147 1384 1216 1427 se
1257 1383 1383 1427 non
1421 1366 1626 1426 tardet
1667 1370 1928 1445 propter

425 1462 840 1543 exiguitatem
868 1463 1077 1525 meriti
1105 1463 1613 1525 rudimentorum
1639 1479 1922 1533 suorum,

427 1568 491 1621 et
535 1560 887 1622 novitatem
934 1560 1284 1642 spiritualis
1335 1559 1580 1622 militiae
1623 1577 1814 1641 quam
1859 1576 1926 1620 se

427 1658 496 1719 in
537 1657 769 1720 Christi
816 1657 1126 1739 obsequio
1173 1656 1422 1719 subisse
1471 1655 1722 1719 fatetur.
1769 1655 1927 1737 Ope-

425 1774 575 1817 rum
603 1772 860 1837 quoque
890 1762 954 1816 et
982 1755 1270 1821 laborum
1301 1755 1563 1817 sudores
1592 1760 1723 1816 tam
1753 1771 1926 1816 man-

3448 487 3530 551 25

2439 733 2942 798 CAPITULUM
3006 734 3120 797 IV.

2031 880 2203 948 Quod
2230 897 2346 952 per
2377 884 2704 953 AEyyptum
2740 888 2797 937 et
2834 882 3187 937 Thebaidem
3222 880 3527 937 duodena-

2161 970 2296 1025 rius
2326 986 2605 1026 numerus
2628 970 3000 1043 psalmorum
3025 971 3388 1027 observetur.

2110 1164 2341 1229 GITUR
2368 1185 2483 1248 per
2513 1165 2877 1229 universam
2897 1167 2997 1247 (ut
3024 1166 3331 1248 diximus)
3350 1167 3529 1248 AEgy-

2129 1272 2310 1346 ptum
2348 1272 2539 1345 atque
2569 1264 2953 1327 Thebaidem
2988 1264 3325 1327 duodecim
3366 1264 3531 1345 psal-

2036 1362 2123 1423 mi
2156 1362 2477 1435 dicuntur,
2513 1369 2639 1424 tam
2686 1364 2751 1424 in
2795 1362 3177 1444 vespertinis
3221 1380 3413 1446 quam
3462 1361 3528 1424 in

2036 1461 2365 1522 nocturnis
2417 1460 2687 1535 Officiis,
2740 1460 2825 1523 ita
2880 1461 3207 1523 dumtaxat
3263 1468 3334 1522 ut
3386 1467 3530 1542 post

2037 1577 2377 1621 numerum
2408 1559 2602 1621 istum
2634 1559 3025 1641 psalmorum
3055 1561 3195 1622 duae
3226 1558 3527 1621 lectiones

2035 1662 2403 1737 sequantur,
2464 1675 2590 1718 una
2647 1658 2881 1719 veteris
2940 1656 3345 1730 Testamenti,
3406 1656 3531 1718 alia

2037 1753 2207 1816 novi.
2259 1754 2375 1827 Qui
2437 1756 2661 1817 modus
2720 1755 3071 1838 antiquitus
3121 1754 3526 1826 constitutuS,
3584 1761 3591 1771 ‘

427 1860 608 1915 suete
656 1871 980 1915 assumere
1027 1853 1294 1934 cogitur,
1345 1860 1416 1915 ut
1458 1852 1640 1933 juxta
1699 1870 1928 1933 praece-
1962 1854 2010 1917 B
2039 1850 2275 1913 idcirco
2320 1871 2434 1933 per
2472 1860 2646 1915 tanta
2689 1861 2973 1935 tempora
3018 1852 3357 1915 inviolatus
3402 1871 3529 1914 ser-

429 1957 614 2032 ptum
664 1951 972 2033 Apostoli,
1019 1949 1461 2033 quotidianum
1513 1950 1755 2012 victum
1803 1949 1926 2011 sibi

428 2050 532 2113 vel
581 2050 1060 2113 advenientium
1111 2048 1600 2112 necessitatibus
1651 2048 1927 2130 propriis

429 2148 728 2211 manibus
773 2166 1120 2230 procurans
1163 2167 1236 2210 ac
1281 2166 1665 2228 praeparanS,
1699 2146 1926 2209 oblivi-

427 2255 643 2309 scatur
691 2264 993 2328 pompam
1043 2254 1233 2327 atque
1279 2245 1534 2307 divitias
1576 2244 1722 2307 vitae
1771 2263 1928 2325 prae-

425 2345 656 2417 teritae,
707 2344 1266 2426 humilitatemque
1315 2343 1523 2405 cordis
1575 2342 1928 2408 afflictione

429 2443 666 2506 laboris
709 2442 912 2525 possit
952 2442 1300 2523 acquirere.

511 2541 756 2604 Idcirco
785 2540 1002 2602 nullus
1041 2540 1120 2601 ad
1158 2538 1630 2621 praesidendum
1671 2556 1929 2620 congre-

425 2639 671 2721 gationi
721 2640 1010 2700 Fratrum
1060 2637 1337 2718 eligitur,
1387 2636 1511 2699 nisi
1554 2636 1732 2718 prius
1781 2636 1929 2699 obe-

429 2737 664 2799 diendo
710 2736 1006 2799 didicerit
1046 2735 1202 2817 quid
1240 2742 1304 2797 et
1343 2734 1615 2816 qualiter
1657 2731 1929 2795 subditis

431 2836 661 2898 debeat
717 2834 1056 2916 imperare,
1111 2833 1546 2916 institutisque
1605 2831 1930 2894 seniorum

429 2941 732 3014 agnoscat
775 2932 929 3014 quid
975 2931 1341 3011 junioribus
1390 2930 1618 2993 habeat
1659 2929 1923 2991 tradere.

431 3031 765 3113 Siquidem
823 3030 987 3092 bene
1037 3048 1253 3111 regere
1301 3046 1373 3090 ac
1426 3027 1587 3089 bene
1637 3026 1791 3109 regi,
1841 3045 1934 3089 sa-
1970 3037 2015 3101 c

433 3130 672 3212 pientis
711 3148 850 3193 esse
894 3129 1105 3190 Patres
1148 3127 1349 3188 sancti
1395 3125 1828 3208 pronuntiant,
1860 3142 1934 3186 ac

433 3227 792 3289 maximum
859 3226 1101 3288 donum
1171 3224 1446 3305 Spiritus
1518 3223 1728 3285 Sancti
1794 3240 1932 3284 esse

433 3334 782 3408 utrumque
823 3323 1160 3387 definiunt.
1205 3322 1362 3384 Nam
1412 3322 1678 3383 credunt
1724 3338 1932 3402 neque

431 3424 738 3486 salutaria
777 3430 1094 3505 praecepta
1135 3420 1504 3503 quempiam
1552 3436 1736 3502 posse
1781 3437 1934 3499 prae—

433 3520 639 3601 figere
672 3518 968 3594 subditis,
1001 3518 1125 3580 nisi
1166 3518 1344 3600 prius
1383 3517 1578 3579 fuerit
1615 3514 1931 3578 universis

433 3618 751 3681 virtutum
800 3616 1160 3698 disciplinis
1219 3616 1606 3694 instructus;
1654 3633 1773 3677 nec
1819 3613 1931 3675 ali-

434 3734 633 3798 quem
678 3732 864 3798 posse
907 3714 1141 3777 seniori
1192 3714 1258 3776 in
1301 3714 1601 3777 omnibus
1649 3712 1929 3785 obedire,

437 3814 568 3875 nisi
609 3813 674 3875 in
708 3814 932 3876 timore
972 3812 1083 3875 Dei
1123 3819 1186 3875 et
1215 3812 1576 3875 humilitate
1612 3811 1934 3894 perfectus

437 3911 772 3974 exstiterit.
809 3911 1082 3993 Ideoque
1120 3910 1402 3974 diversos
1432 3918 1614 3994 typos
1653 3928 1727 3971 ac
1757 3927 1936 3989 regu-

437 4009 534 4071 las
577 4028 693 4091 per
738 4009 893 4071 alias
944 4008 1302 4091 provincias
1348 4008 1627 4070 vidimus
1670 4026 1934 4088 usurpa-

436 4116 562 4183 tas,
625 4108 776 4190 quia
839 4106 1204 4188 frequenter
1262 4106 1620 4188 ignorantes
1680 4106 1935 4168 Patrum

2040 1956 2222 2010 vatur
2248 1950 2313 2011 in
2344 1952 2591 2013 cunctis
2624 1952 2877 2013 illarum
2907 1950 3383 2033 provinciarum
3414 1968 3531 2013 coe-

2039 2047 2588 2129 nobiiS,quoniam
2619 2068 2745 2112 non
2777 2050 3055 2112 humana
3082 2048 3531 2111 adinventione

2037 2165 2074 2207 a
2103 2146 2461 2208 senioribus
2490 2154 2587 2209 est
2618 2154 2910 2221 statutuS,
2944 2149 3054 2210 sed
3084 2147 3372 2228 angelico
3404 2165 3532 2207 ma-

2039 2231 2300 2324 gisterio
2341 2243 2629 2306 Patribus
2673 2252 2769 2307 est
2814 2246 3099 2308 collatuS.

2464 2498 2966 2562 CAPITULUM
3031 2498 3111 2560 V.

2076 2648 2161 2703 De
2196 2646 2571 2703 duodenario
2600 2662 2843 2703 numero
2874 2646 3265 2718 psalmorum,
3296 2646 3502 2717 anyeli

2463 2735 2798 2791 traditione
2833 2740 3121 2806 suscepto.

2191 2932 2361 2996 UUM
2408 2932 2583 2995 enim
2624 2932 2687 2993 in
2728 2930 3046 3014 principio
3090 2929 3243 2993 fidei
3288 2931 3537 2993 christi-

2051 2928 2181 3127 Q
2206 3049 2341 3093 anae
2393 3029 2579 3112 pauci
2626 3048 2699 3091 ac
2746 3028 3181 3111 probatissimi
3242 3028 3535 3091 monachi

2043 3134 2442 3201 vocarentur,
2477 3128 2587 3209 qui
2630 3127 2797 3189 sicut
2836 3147 2875 3189 a
2914 3126 2979 3188 Β.
3024 3127 3229 3189 Marco
3272 3144 3539 3206 evange-

2045 3225 2189 3287 lista
2236 3224 2443 3307 primo
2489 3225 2927 3288 Alexandrinae
2985 3224 3163 3287 urbis
3210 3224 3534 3307 episcope,

2042 3322 2298 3385 vivendi
2350 3323 2633 3405 regulam
2690 3332 3093 3406 acceperunt,
3145 3342 3273 3387 non
3328 3324 3536 3386 solum

2043 3421 2380 3484 servabant
2438 3421 2778 3502 magnifica
2834 3422 2943 3483 illa
2994 3423 3305 3485 virtutum
3362 3440 3537 3484 exer-

2045 3519 2195 3581 citia
2242 3540 2383 3603 quae
2433 3520 2760 3603 primitiva
2817 3520 3100 3583 Ecclesia
3158 3520 3223 3582 in
3272 3519 3536 3582 Actibus

2041 3618 2488 3700 Apostolorum
2532 3618 2761 3699 legitur
2797 3618 3147 3681 custodisse
3175 3618 3403 3700 (quum
3443 3618 3535 3679 di-

2043 3716 2210 3777 citur
2262 3734 2275 3778 :

2043 3832 2246 3875 unum
2275 3820 2341 3875 et
2367 3813 2580 3875 anima
2613 3831 2759 3888 una,
2792 3831 2912 3875 nec
2942 3814 3282 3896 quisquam
3312 3832 3534 3877 eorum

2043 3931 2187 3993 quae
2234 3911 2598 3994 possidebat
2645 3929 2833 3973 suum
2890 3911 3133 3994 aliquid
3180 3930 3319 3975 esse
3368 3912 3535 3975 dice-

2044 4009 2165 4083 bat,
2191 4009 2301 4071 sed
2332 4015 2511 4072 erant
2534 4009 2661 4070 illis
2692 4008 2907 4071 omnia
2936 4010 3333 4072 communia:
3360 4018 3541 4093 quot-2

2043 4115 2199 4190 quot
2225 4107 2397 4170 enim
2428 4124 2819 4190 possessores
2858 4107 3194 4170 domorum
3224 4116 3333 4170 aut
3362 4127 3538 4190 agro-

437 4206 894 4279 institutiones,
956 4205 1356 4267 monasteriis
1412 4223 1681 4287 praeesse
1738 4203 1932 4266 aude·
1964 4208 2013 4269 D
2043 4224 2189 4269 rum
2246 4212 2445 4279 erant,
2505 4205 2849 4267 vendentes
2911 4204 3268 4267 afferebant
3333 4207 3539 4289 pretia

437 4324 608 4379 muS,
642 4312 706 4367 et
739 4304 914 4387 prius
953 4322 1068 4367 nos
1101 4302 1474 4385 profitentes
1505 4321 1644 4365 esse
1671 4301 1932 4365 abbates

437 4422 636 4486 quam
692 4401 1066 4483 discipuIOS‚
1126 4401 1294 4483 quod
1353 4401 1538 4463 nobis
1595 4399 1930 4482 placuerit,

437 4502 834 4575 ordinamus,
873 4500 1298 4582 promptiores
1346 4507 1707 4563 nostrarum
1749 4498 1933 4561 adin-

439 4599 818 4662 ventionum
864 4597 1372 4660 observationem
1422 4597 1694 4679 exigere,
1741 4615 1934 4679 quam

440 4696 868 4760 examinatam
909 4696 1164 4757 Patrum
1205 4695 1558 4758 doctrinam
1600 4702 1836 4758 tenere.

521 4796 646 4859 Sed
677 4795 832 4857 dum
861 4793 1180 4875 explicare
1212 4792 1600 4857 intendimus
1630 4794 1774 4874 quis
1806 4810 1936 4856 mo-

440 4895 562 4957 dus
608 4894 969 4957 orationum
1011 4891 1237 4954 debeat
1286 4890 1616 4973 potissime
1666 4892 1942 4954 custodi-

441 4993 519 5067 ri,
571 4992 881 5054 institutis
928 4990 1184 5052 Patrum
1239 4989 1563 5051 ardentius
1613 4990 1938 5071 provocati

441 5090 871 5154 narrationem
911 5087 1338 5171 praevenimus
1377 5105 1569 5169 quam
1609 5088 1742 5149 suis
1785 5088 1941 5151 locis

442 5187 942 5252 reservabamus.
967 5186 1149 5249 Nunc
1182 5186 1393 5269 itaque
1421 5187 1500 5249 ad
1531 5185 1930 5268 propositum

443 5292 870 5349 revertamur.

709 5417 774 5468 T.
809 5416 890 5469 27.

2042 4322 2265 4367 eorum
2321 4323 2463 4387 quae
2512 4302 2892 4376 vendebant,
2944 4310 3009 4364 et
3060 4304 3381 4384 ponebant
3437 4323 3544 4367 an-

2042 4410 2104 4465 te
2142 4404 2339 4485 pedes
2367 4402 2849 4484 Apostolorum3
2881 4401 3283 4464 dividebatur
3319 4409 3535 4465 autem

2043 4500 2313 4582 singulis
2363 4507 2551 4582 prout
2593 4499 2825 4581 cuique
2866 4516 3027 4580 opus
3074 4500 3271 4581 erat);
3313 4518 3537 4562 verum

2043 4598 2235 4661 etiam
2294 4598 2497 4661 multo
2554 4596 2926 4660 sublimiora
2986 4596 3087 4658 his
3147 4596 3538 4678 adJecerunt.

2044 4696 2429 4759 Recedentes
2468 4712 2743 4776 namque
2772 4711 2809 4754 a
2838 4694 3075 4776 populo
3109 4694 3176 4757 in
3206 4696 3547 4758 secretiora

2046 4793 2502 4857 suburbiorum
2559 4792 2715 4867 loca,
2780 4793 2844 4854 in
2903 4800 3075 4855 tanto
3137 4793 3540 4857 abstinentiae

2047 4892 2255 4973 rigore
2310 4891 2627 4964 vixerunt,
2687 4899 2758 4952 ut
2814 4890 3006 4953 etiam
3068 4890 3363 4954 infideles
3424 4892 3548 4954 mi-

2049 4998 2339 5052 rarentur
2386 4997 2515 5050 tam
2561 4989 2824 5051 arduam
2878 4987 3338 5069 professionem
3393 5006 3541 5052 con-

2049 5086 2423 5150 versationis
2484 5104 2724 5149 eorum.
2791 5085 2988 5148 Tanto
3049 5086 3223 5148 enim
3288 5084 3537 5150 fervore

2052 5185 2416 5248 divinarum
2481 5183 2864 5247 lectionibus
2926 5183 3425 5266 Scripturarum,
3495 5191 3557 5247 et

2053 5283 2447 5345 orationibus
2488 5299 2921 5363 manuumque
2951 5281 3257 5363 operibus
3302 5282 3549 5345 insiste-

3274 5414 3304 5465 2

2327 3715 2746 3778 Multitudinis
2800 3716 3195 3777 credentium
3244 3723 3377 3779 erat
3426 3733 3535 3779 cor
3578 3739 3823 3789 Actania,

3564 3803 3720 3853 aasz.
