4359 6267
634 2948 650 2991 1
671 2948 776 2992 Cor.
795 2962 852 3001 ut,

589 3012 656 3063 26,
677 3014 744 3054 27.

592 3340 781 3445 ,ξρὴει
797 3355 854 3393 vl,

591 4026 607 4069 1
625 4026 852 4077 Cor.x‚l3.

882 492 962 555 62
1791 512 1868 557 nn
1912 512 2242 557 msrrru'ns
2285 512 2369 557 ss.
2404 512 2666 559 ramum.
2712 530 2794 541 —
2832 512 3007 558 mmm
3048 514 3085 557 v

889 701 996 743 sus
1057 689 1332 743 rectores
1393 682 1617 743 mundi
1681 680 2084 743 tenebrarum
2134 681 2384 755 harum,
2414 680 2465 741 A
2497 680 2845 743 refectione
2896 690 3189 763 peracta;
3240 682 3536 745 similiter
3576 700 3830 765 quoque
3879 701 3990 743 cu-

889 786 1108 842 contra
1153 780 1513 861 spiritualia
1551 780 1851 861 nequitiae
1890 780 1954 841 in
1995 779 2381 842 coelestibuS.

1259 1006 1764 1069 CAPITULUM
1825 1008 2013 1071 XIX.

891 1127 1062 1194 Quod
1090 1126 1335 1183 athletis
1362 1143 1464 1183 seu
1492 1128 1796 1183 militibus
1823 1130 2056 1184 Christi
2079 1146 2201 1185 non
2227 1130 2385 1185 desit

958 1231 1174 1289 puqna
1200 1217 1494 1289 quamdiu
1524 1218 1590 1271 in
1618 1234 1868 1289 corpore
1893 1219 2303 1275 demorantur.

1045 1367 1220 1429 lLlTI
1265 1367 1496 1429 Christi
1542 1369 1606 1429 in
1651 1387 1913 1449 corpore
1959 1373 2377 1434 commoranti

1061 1484 1390 1546 nunquam
1421 1466 1598 1527 deest
1627 1475 1969 1541 certamen,
1999 1469 2106 1530 sed
2141 1477 2378 1550 quanto

885 1563 1032 1645 plus
1091 1563 1364 1625 creverit
1419 1563 1891 1646 triumphorum
1950 1567 2375 1641 successibuS,

887 1668 1058 1723 tanto
1091 1660 1411 1724 robustior
1434 1662 1954 1725 colluctationum
1981 1665 2133 1727 ordo
2157 1666 2217 1727 ei
2248 1684 2382 1728 suc-

887 1760 1054 1821 cedit
1093 1777 1166 1821 ac
1205 1759 1480 1822 advenit.
1527 1760 1725 1822 Carne
1763 1762 2000 1823 etenim
2041 1764 2380 1845 subjugata

2494 780 2725 844 stodiat
2763 781 3049 861 regulare
3093 790 3346 863 tempus
3388 788 3575 862 atque
3618 800 3987 844 mensuram

2494 880 2721 942 somni.
2766 879 2999 941 Eadem
3053 899 3328 961 namque
3382 880 3711 960 diligentia
3758 898 3988 961 ampu-

2495 976 2700 1039 tandae
2732 984 2881 1038 sunt
2910 977 3045 1040 istae
3074 977 3349 1039 lasciviae
3378 978 3633 1051 mentiS,
3666 996 3792 1058 qua
3821 996 3990 1040 rese-

2496 1076 2768 1137 candum
2802 1083 2898 1137 est
2927 1076 3451 1138 meretricationis
3480 1083 3831 1157 peccatum.
3862 1077 3989 1150 Qui

2494 1174 2672 1235 enim
2713 1173 3073 1255 superfluos
3107 1174 3271 1255 gulae
3306 1173 3625 1256 appetitus
3665 1174 3989 1237 refrenare

2496 1290 2621 1334 non
2670 1272 2898 1354 potuit,
2940 1274 3257 1355 quomodo
3303 1272 3539 1335 valebit
3584 1274 3989 1353 exstinguere

2495 1372 2766 1433 carnalis
2804 1371 3336 1453 concupiscentiae
3374 1375 3602 1434 aestus?
3634 1371 3709 1433 Et
3738 1372 3847 1454 qui
3876 1391 3990 1434 ne-

2494 1468 2702 1550 quivit
2731 1488 3132 1552 compescere
3162 1470 3487 1552 passiones
3518 1469 3881 1532 manifestas
3910 1489 3987 1531 ac

2496 1587 2742 1649 parvaS,
2792 1569 3065 1649 qualiter
3112 1569 3343 1649 poterit
3389 1568 3706 1631 debellare
3754 1568 3989 1631 discre-

2494 1666 2686 1728 tionis
2736 1666 3167 1728 moderamine
3210 1667 3535 1747 passiones
3578 1666 3879 1741 occultaS,
3922 1676 3989 1729 et

2493 1764 2671 1826 nullo
2714 1763 3046 1825 hominum
3088 1770 3245 1825 teste
3294 1764 3696 1845 prurientes?
3742 1765 3988 1827 Idcirco

885 1865 949 1919 et
991 1858 1178 1931 victa,
1224 1877 1416 1938 quam
1466 1858 1666 1920 multa
1714 1860 2138 1923 invisibilium
2189 1862 2381 1924 hosti-
2415 1859 2464 1922 B
2493 1863 2559 1923 in
2598 1862 2867 1942 singulis
2908 1862 3187 1924 motibus
3227 1871 3288 1924 et
3319 1862 3384 1924 in
3425 1863 3715 1944 quolibet
3742 1863 3987 1925 deside-

886 1975 996 2017 um
1043 1956 1318 2035 agmina,
1367 1956 1663 2036 instigata
1705 1958 2050 2040 triumphis
2092 1960 2375 2033 victoriS,

887 2055 1224 2136 insurgunt
1251 2055 1553 2117 adversus
1592 2057 1890 2119 eumdem
1923 2058 2154 2121 Christi
2185 2060 2379 2121 athle-

885 2162 1015 2214 tam
1063 2170 1076 2214 :
1123 2172 1204 2215 ne
1253 2154 1382 2215 otio
1435 2162 1716 2235 torpenS,
1772 2156 2035 2238 incipiat
2081 2157 2376 2220 oblivisci

886 2250 1158 2331 gloriosa
1207 2250 1730 2313 colluctationum
1777 2272 2038 2316 suarum
2089 2256 2377 2317 certami-

886 2368 988 2423 na,
1039 2348 1259 2429 sicque
1308 2348 1652 2411 dissolutus
1710 2352 2068 2414 securitatis
2125 2354 2375 2429 inertia,

885 2445 1297 2508 defraudetur
1355 2446 1764 2527 praemiorum
1821 2468 2080 2512 suorum
2141 2452 2377 2533 stipen-

885 2541 1010 2603 diis
1068 2542 1670 2625 triumphorumque
1731 2546 1993 2609 meritis.
2050 2547 2267 2629 Itaque
2324 2551 2377 2611 si

886 2640 1184 2723 cupimus
1225 2660 1341 2724 per
1383 2642 1775 2706 incrementa
1813 2645 2123 2708 virtutum
2165 2666 2379 2710 ascen-

884 2738 1034 2801 dere
1071 2738 1149 2800 ad
1187 2741 1418 2819 gradus
1462 2740 1576 2803 hos
1617 2742 2110 2824 triumphorum,
2153 2746 2377 2808 eodem

883 2838 1105 2900 ordine
1137 2855 1251 2901 nos
1282 2848 1531 2921 oportet
1563 2840 1726 2903 inire
1760 2843 2106 2905 certamina
2136 2844 2380 2925 praelio-

883 2956 1025 2997 rum
1063 2954 1076 2999 ε
1118 2944 1182 2999 et
1224 2937 1433 3019 primo
1476 2958 1624 3000 cum
1663 2939 1964 3022 Apostolo
2007 2941 2241 3015 dicere,
2276 2943 2378 3005 Sic

884 3053 1118 3116 pugno,
1170 3054 1298 3097 non
1351 3037 1532 3117 quasi
1589 3055 1800 3099 aerem
1849 3038 2214 3113 verberanS,
2267 3042 2374 3103 sed
2414 3040 2457 3103 C

882 3133 1120 3213 castigo
1151 3150 1381 3214 corpus
1413 3153 1626 3196 meum
1661 3143 1725 3197 et
1753 3137 2042 3198 servituti
2076 3138 2373 3219 subjici03

884 3238 956 3291 ut
994 3230 1112 3293 hoc
1152 3240 1448 3313 superato
1487 3233 1814 3308 conflictu,
1851 3254 2068 3298 rursus
2113 3256 2261 3299 cum
2302 3257 2377 3300 eo

883 3328 1096 3389 dicere
1120 3327 1444 3392 valeamus
1470 3331 1643 3393 :Non
1675 3340 1770 3393 est
1800 3332 1983 3395 nobis
2015 3334 2377 3399 colluctatio

881 3427 1186 3488 adversus
1227 3446 1482 3490 carnem
1512 3437 1576 3490 et
1600 3431 1992 3511 sanguinem,
2026 3440 2144 3494 etc.
2181 3434 2378 3496 Aliter

884 3543 1160 3605 namque
1220 3544 1369 3587 cum
1427 3528 1554 3589 illis
1623 3548 1905 3610 pugnare
1973 3550 2375 3614 nequaquam

883 3624 1256 3705 poterimuS‚
1280 3643 1397 3686 nec
1429 3644 1672 3707 pugnas
1707 3628 2069 3708 spirituales
2099 3632 2375 3712 experiri

886 3721 1300 3795 merebimur,
1357 3724 1589 3786 carnali
1647 3724 1952 3788 conflictu
2013 3728 2243 3809 dejecti
2315 3738 2377 3792 et

887 3819 1334 3882 colluctatione
1355 3822 1589 3883 ventris
1615 3823 1779 3902 elisi3
1802 3825 1909 3886 sed
1937 3827 2166 3888 merito
2191 3828 2376 3890 nobis

882 3917 962 3979 ab
1005 3917 1308 3999 Apostolo
1349 3937 1496 3981 cum
1539 3922 2024 4003 exprobratione
2068 3924 2317 3988 dicetur
2359 3945 2371 3987 :

883 4016 1169 4078 Tentatio
1191 4033 1301 4079 vos
1334 4035 1460 4079 non
1485 4020 1906 4099 apprehendit
1925 4022 2046 4084 nisi
2074 4022 2371 4086 humana.

1269 4246 1773 4312 CAPITULUM
1834 4250 1987 4313 XX.

884 4367 1055 4435 Quod
1082 4369 1404 4424 monachus
1441 4377 1578 4425 non'
1589 4369 1802 4425 debeat
1831 4371 2118 4426 excedere
2146 4377 2376 4444 tempus

952 4457 1228 4512 sumendi
1265 4458 1485 4520 cibum,
1526 4460 1583 4512 si
1625 4459 1754 4514 vult
1783 4461 2108 4530 pervenire
2149 4462 2231 4516 ad
2258 4477 2375 4533 pu-

948 4561 1104 4616 ynas
1134 4546 1496 4601 interiorum
1523 4550 1934 4604 certaminum.

960 4697 1190 4760 GITUR
1229 4698 1580 4761 monachus
1612 4700 1690 4761 ad
1723 4700 2097 4763 interiorum
2129 4722 2373 4783 pugnas

987 4796 1412 4858 certaminum
1457 4796 1721 4879 cupiens
1771 4800 2125 4879 pervenire,
2175 4801 2375 4883 impo-

884 4901 992 4955 nat
1023 4894 1145 4956 sibi
1179 4894 1246 4956 in
1277 4896 1505 4976 primis
1542 4896 2008 4959 observantiam
2042 4898 2226 4961 istam
2256 4919 2270 4962 :
2305 4910 2375 4963 ut

879 5011 1282 5075 nequaquam
1328 4993 1406 5055 de
1449 4994 1593 5057 cibo
1634 5003 1744 5057 aut
1785 5004 1937 5078 potu
1984 4998 2229 5079 aliquid
2278 5018 2375 5061 ac-

879 5089 1076 5173 cipiat
1122 5090 1252 5152 ulla
1299 5090 1716 5154 delectatione
1763 5093 2051 5157 devictus
2099 5103 2244 5157 ante
2294 5098 2375 5160 le-

878 5188 1166 5269 gitimam
1222 5190 1557 5252 stationem
1614 5198 1677 5251 et
1728 5190 1949 5253 horam
2010 5192 2375 5257 refectionis

883 5304 1311 5361 communem,
1344 5294 1452 5349 aut
1483 5296 1659 5349 extra
1692 5308 1998 5364 mensam,
2033 5308 2149 5352 nec
2179 5291 2371 5355 etiam

2492 1960 2586 2023 rio
2616 1959 2811 2022 robur
2840 1960 3069 2022 animae
3113 1960 3563 2043 comprobatur
3594 1978 3608 2022 :
3644 1981 3785 2042 quae
3822 1962 3875 2024 si
3916 1962 3987 2024 in

2488 2060 2725 2140 apertis
2775 2058 3187 2139 minimisque
3230 2059 3688 2142 cupiditatibus
3730 2078 3988 2141 supera-

2488 2166 2613 2231 tur,
2648 2156 2801 2238 quid
2844 2157 2909 2219 in
2950 2156 3246 2218 maximis
3283 2165 3347 2219 et
3382 2156 3755 2219 fortioribus
3790 2167 3985 2239 atque

2488 2253 2756 2316 occultis
2787 2255 3116 2327 sustineat,
3142 2256 3397 2337 propria
3427 2255 3815 2318 conscientia
3845 2256 3985 2317 uni-

2489 2352 2722 2433 cuique
2766 2353 2943 2414 testis
2986 2361 3100 2415 est.

2856 2580 3360 2644 CAPITULUM
3420 2582 3609 2644 XXI.

2549 2702 2635 2755 De
2665 2701 2955 2756 interiori
2976 2717 3128 2771 pace
3155 2702 3431 2757 monachi
3458 2708 3515 2757 et
3544 2702 3921 2758 abstinentia

3064 2790 3410 2861 spirituali.

2628 2940 2729 3003 ΟΝ
2768 2942 2941 3003 enim
2978 2943 3375 3005 adversarius
3409 2942 3845 3006 formidandus
3884 2956 3985 3008 est

2654 3039 2840 3102 nobis
2880 3041 3295 3115 extrinsecuS,
3331 3041 3482 3123 quia
3510 3041 3575 3103 in
3604 3042 3790 3105 nobis
3822 3043 3983 3126 ipsis

2487 3137 2685 3199 hostis
2725 3138 3009 3200 inclusus
3048 3147 3165 3213 est,
3198 3147 3261 3201 et
3292 3140 3664 3202 intestinum
3697 3141 3762 3202 in
3794 3140 3985 3205 nobis

2487 3238 2773 3319 quotidie
2801 3238 3043 3318 geritur
3072 3237 3314 3300 bellum
3342 3257 3355 3300 τ
3390 3258 3517 3320 quo
3546 3240 3817 3313 devicto,
3850 3260 3987 3303 om-

2487 3338 2593 3397 nia
2644 3356 2785 3417 quae
2838 3336 2991 3399 foris
3050 3338 3448 3419 impugnant,
3500 3339 3845 3401 reddentur
3888 3340 3987 3403 in-

2486 3433 2696 3505 firma,
2730 3442 2792 3497 et
2824 3435 3122 3497 universa
3162 3436 3269 3498 illa
3308 3444 3497 3498 erunt
3528 3437 3716 3499 militi
3748 3437 3985 3500 Christi

2488 3540 2709 3614 pacata
2761 3551 2836 3594 ac
2894 3534 3167 3595 subdita.
3212 3534 3340 3597 Nec
3398 3534 3708 3597 habemus
3764 3535 3987 3597 adver-

2488 3630 2725 3691 sarium
2771 3629 2956 3693 nobis
3002 3630 3395 3694 extrinsecus
3444 3634 3881 3707 metuendum,
3925 3636 3987 3696 si

2488 3746 2562 3789 ea
2608 3747 2749 3808 quae
2810 3728 2975 3790 intra
3032 3736 3202 3801 sunt,
3254 3729 3678 3811 subjiciantur
3724 3732 3983 3813 spiritui

2488 3834 2788 3907 tanquam
2819 3828 2989 3889 victa
3016 3826 3096 3889 ab
3128 3846 3220 3890 eo.
3255 3829 3382 3891 Nec
3422 3830 3755 3891 credamus
3792 3848 3987 3911 posse

2488 3922 2788 3985 sufficere
2831 3923 3015 3986 nobis
3064 3925 3269 3986 solum
3317 3926 3484 3987 istud
3527 3926 3851 4009 corporale
3891 3929 3986 4009 je-

2484 4022 2741 4102 junium
2781 4023 2859 4084 ad
2900 4023 3109 4085 cordis
3147 4022 3605 4105 perfectionem
3646 4044 3720 4087 ac
3760 4044 3985 4108 corpo—

2488 4120 2575 4183 ris
2614 4121 2978 4202 puritatem,
3012 4122 3135 4183 nisi
3163 4122 3484 4202 jejunium
3522 4123 3751 4187 animae
3787 4124 3987 4189 fuerit

2405 4218 2455 4279 D
2488 4220 2545 4281 ei
2604 4218 2997 4299 adjunctum.
3055 4218 3253 4281 Habet
3313 4239 3590 4302 namque
3650 4230 3713 4283 et
3768 4223 3989 4288 anima

2488 4334 2634 4379 suos
2668 4318 2890 4380 noxios
2930 4318 3127 4391 cibos,
3162 4317 3398 4399 quibus
3432 4319 3847 4402 impinguata,
3880 4323 3990 4385 de—

2485 4414 2765 4477 volvitur
2814 4416 2893 4477 ad
2946 4423 3265 4497 praerupta
3321 4417 3610 4492 luxuriae,
3656 4418 3846 4480 etiam
3900 4422 3990 4482 si-

2487 4533 2567 4575 ne
2607 4513 2993 4576 abundantia
3037 4532 3325 4575 escarum
3372 4516 3741 4578 carnalium.
3773 4517 3993 4580 Detra-

2486 4612 2613 4675 ctio
2644 4612 2826 4674 cibus
2866 4620 2961 4673 est
2990 4612 3241 4687 animae,
3274 4613 3385 4694 qui
3415 4621 3479 4675 et
3516 4615 3721 4677 dulcis
3762 4623 3857 4678 est
3894 4618 3980 4679 ei.

2484 4711 2581 4771 Ira
2628 4728 2880 4791 quoque
2931 4709 3114 4772 cibus
3164 4718 3260 4771 est
3306 4711 3469 4790 ejus,
3511 4714 3802 4793 quamvis
3848 4733 3985 4779 non

2486 4808 2700 4879 levis*,
2727 4816 2938 4869 tamen
2968 4808 3045 4868 ad
3076 4808 3297 4870 horam
3329 4808 3673 4872 infeliciter
3700 4831 3837 4873 eam
3876 4832 3988 4893 pa—

2484 4924 2688 4979 scenS,
2722 4924 2795 4966 ac
2834 4905 3025 4966 simul
3068 4904 3238 4967 letali
3280 4923 3505 4987 sapore
3546 4916 3979 4989 prosternens

2484 5004 2586 5066 Sic
2637 5010 2699 5064 et
2742 5002 2981 5064 invidia
3023 5002 3209 5065 cibus
3256 5012 3351 5066 est
3397 5005 3650 5080 mentiS‚
3692 5025 3827 5068 eam
3872 5027 3985 5071 ve-

2483 5100 2732 5163 nenatis
2790 5100 2998 5162 succis
3059 5119 3495 5183 corrumpenS,
3551 5104 3986 5187 miseramque

2484 5198 2900 5280 prosperitate
2957 5198 3149 5260 alieni
3204 5218 3537 5262 successus
3584 5200 3821 5282 jugiter
3868 5222 3983 5265 ex-

2484 5296 2768 5357 cruciare
2812 5311 2937 5357 non
2979 5297 3294 5359 desinens
3336 5297 3602 5379 Insuper
3641 5318 3801 5361 vana
3842 5300 3981 5381 glo-

4082 4836 4236 4878 ·leuis
