4359 6267
1047 519 1464 568 commolunt
1505 520 1591 564 SS.
1627 518 1870 564 runnu
1911 517 2085 565 LIBER
2125 519 2164 564 1.
2214 537 2289 547 -
2332 518 2619 566 couA'rto
2658 519 2701 564 X

340 689 704 752 instruimur
759 691 888 753 Deo
946 687 1185 770 jugiter
1241 687 1550 751 inhaerere
1601 703 1616 748 ε

341 788 446 849 bus
493 786 925 851 fundamentis
974 787 1181 870 primo
1224 785 1586 847 firmissime
1637 784 1821 846 collo-

339 886 501 960 catis,
546 887 1146 968 superimponantur
1183 891 1245 946 et
1284 884 1616 946 eleventur
1654 883 1824 945 fasti-

338 985 428 1064 gia
467 983 876 1066 perfectionis
925 982 1190 1045 excelsa.
1247 981 1444 1063 Cujus
1494 980 1824 1064 perfectio-

338 1083 427 1144 nis
489 1081 807 1165 principia
873 1069 1280 1164 suspicamur
1345 1080 1623 1142 tenuiter
1689 1079 1822 1142 haec

337 1199 462 1243 esse
506 1201 521 1246 ε
573 1189 642 1243 ut
698 1182 909 1264 primo
963 1179 1240 1244 sciamus
1292 1197 1418 1261 qua
1471 1179 1822 1242 meditatio-

339 1299 410 1341 ne
454 1279 614 1341 Deus
665 1287 955 1342 teneatur
1003 1286 1112 1341 aut
1162 1277 1518 1358 cogitetur3
1569 1277 1819 1352 deinde,

342 1376 596 1462 qualiter
644 1378 969 1440 valeamus
1030 1375 1447 1439 immobiliter
1505 1374 1822 1438 custodire

341 1477 490 1538 banc
534 1477 818 1539 eamdem
865 1475 1211 1548 materiam,
1245 1474 1413 1557 quod
1462 1475 1648 1536 etiam
1697 1491 1823 1536 non

340 1575 708 1657 ambigimus
764 1594 904 1638 esse
961 1574 1218 1638 culmen
1280 1575 1472 1636 totius
1533 1571 1825 1655 perfecti-

337 1674 482 1736 onis,

409 1773 546 1836 Ideo
582 1773 880 1856 cupimus
921 1773 1106 1836 nobis
1146 1771 1566 1836 demonstrari
1604 1788 1822 1852 quam-

1681 684 1820 768 qui-
1852 684 1905 746 A

3309 498 3425 562 261

2334 735 2838 800 CAPITULUM
2904 737 3023 800 lx.

1929 884 2015 939 De
2041 883 2322 955 efficacia
2350 883 2683 940 intellectus
2711 885 2821 957 qui
2840 901 2958 957 per
2984 885 3431 956 emper-ienuam

2494 973 2863 1046 acquiritur.

2010 1179 2204 1243 SAAC
2262 1198 2276 1243 :
2333 1179 2669 1262 Inquisitio
2726 1188 2937 1244 vestra
2992 1189 3123 1244 tam
3186 1181 3433 1244 minuta

2037 1287 2227 1360 atque
2259 1276 2515 1340 subtilis
2546 1279 2799 1360 signum
2840 1287 2935 1342 est
2970 1281 3273 1362 proximae
3315 1300 3429 1362 pu-

1933 1377 2156 1439 ritatiS.
2191 1377 2317 1440 Nec
2349 1379 2523 1440 enim
2554 1378 2787 1460 aliquis
2818 1380 3051 1459 poterit
3090 1380 3167 1442 de
3206 1380 3305 1442 his
3338 1379 3430 1439 in-

1933 1484 2271 1557 terrogare,
2307 1495 2385 1538 ne
2427 1477 2636 1539 dicam
2678 1476 2992 1559 inspicere
3030 1478 3165 1540 sive
3193 1478 3428 1540 discer-

1933 1594 2106 1650 nere,
2139 1575 2265 1637 nisi
2303 1594 2495 1657 quem
2527 1575 2797 1657 diligens
2828 1583 2892 1637 et
2920 1574 3153 1638 efficax
3195 1575 3426 1638 mentis

1933 1674 2247 1736 industria
2273 1692 2347 1735 ac
2378 1674 2648 1756 pervigil
2680 1674 3037 1737 sollicitudo
3068 1673 3429 1756 provexerit

1931 1773 2010 1834 ad
2041 1774 2561 1855 perscrutandam
2602 1772 3101 1855 profunditatem
3134 1773 3426 1854 quaestio-

340 1871 470 1933 dam
511 1871 834 1936 memoriae
873 1871 1066 1953 hujus
1107 1870 1461 1945 materiam,
1493 1889 1620 1952 qua
1653 1869 1818 1930 Deus
1854 1867 1904 1930 B
1933 1890 2088 1933 num
2120 1871 2407 1946 istarum,
2440 1890 2514 1933 ac
2541 1871 2712 1952 jugis
2744 1871 3011 1934 intentio
3041 1871 3187 1934 vitae
3216 1890 3427 1934 emen-

340 1978 532 2032 mente
571 1971 969 2053 concipiatur
1007 1978 1070 2032 et
1113 1970 1177 2032 in
1221 1988 1294 2032 ea
1333 1969 1573 2050 jugiter
1613 1975 1821 2030 tenea-

339 2076 449 2141 tur,
499 2076 568 2130 ut
614 2069 944 2131 materiam
996 2068 1170 2130 illam
1220 2087 1348 2150 prae
1407 2066 1612 2129 oculis
1673 2065 1816 2128 reti-

339 2174 564 2240 nentes,
617 2167 967 2230 habeamus
1018 2167 1083 2230 in
1142 2174 1443 2250 promptu
1503 2164 1672 2247 quod
1725 2182 1818 2225 re—

337 2265 670 2347 spiciendo,
703 2265 876 2328 illico
917 2272 1311 2328 revertamur
1349 2264 1427 2326 ad
1471 2262 1644 2324 illam
1692 2282 1818 2324 ma-

339 2363 569 2439 teriam,
601 2363 852 2446 quoties
891 2363 1280 2426 senserimus
1321 2380 1436 2424 nos
1473 2361 1554 2422 ab
1597 2361 1819 2423 eadem

338 2461 616 2543 dilapsoS,
637 2461 1088 2543 valeamusque
1122 2460 1296 2522 illam
1329 2478 1651 2522 resumere
1682 2460 1820 2522 abs-

339 2578 450 2639 que
499 2559 624 2622 ulla
674 2560 982 2623 circuitus
1035 2577 1208 2622 mora
1262 2567 1327 2621 et
1382 2559 1817 2641 inquisitionis

340 2657 720 2722 difficultate.
765 2659 1088 2740 Contingit
1135 2657 1377 2741 quippe
1427 2666 1516 2732 ut,
1571 2659 1725 2720 dum
1783 2676 1820 2719 a

339 2755 761 2836 spiritualibus
803 2757 1066 2820 theoriis
1111 2756 1544 2820 convertimur
1584 2756 1662 2818 ad
1704 2773 1818 2818 nos

341 2854 496 2936 ipsos
542 2857 816 2938 quodam
865 2856 1038 2918 letali
1087 2873 1338 2938 sopore,
1375 2863 1435 2916 et
1480 2855 1626 2917 dein
1671 2873 1819 2936 qua-

339 2952 386 3012 si
429 2953 846 3036 expergefacti
898 2954 1246 3036 quaerimus
1296 2953 1625 3016 materiam
1676 2972 1819 3034 quae

1931 1970 2191 2032 datioris
2224 1969 2447 2032 fecerit
2478 1989 2592 2052 per
2620 1968 3079 2052 experientiam
3110 1971 3425 2033 actualem

1927 2075 2234 2130 attentare
2280 2069 2503 2130 limina
2546 2068 2841 2150 puritatis
2885 2068 3070 2130 istius
3114 2077 3178 2130 et
3221 2069 3429 2151 pulsa-

1930 2185 1998 2228 re
2034 2166 2262 2247 januas
2305 2165 2465 2247 ejus.
2502 2166 2809 2240 Quoniam
2853 2166 3069 2247 itaque
3099 2166 3284 2229 video
3314 2185 3425 2230 vos

1931 2281 2056 2326 non
2085 2264 2218 2345 jam
2249 2266 2497 2327 adstare
2539 2283 2668 2347 prae
2708 2263 2953 2327 foribus
2991 2265 3295 2328 orationis
3325 2284 3429 2327 ve-

1931 2381 2013 2426 rae
2057 2382 2130 2424 ac
2173 2382 2369 2445 purae,
2403 2363 2481 2425 de
2521 2382 2647 2445 qua
2683 2363 3103 2445 disputamuS‚
3145 2365 3256 2426 sed
3298 2383 3427 2426 ma-

1929 2461 2120 2522 nibus
2179 2461 2589 2542 experientiae
2642 2462 3109 2543 quodammodo
3168 2462 3426 2544 palpare

1930 2559 2279 2641 penetralia
2307 2566 2371 2621 et
2401 2559 2702 2621 interiora
2734 2559 2959 2641 ipsius,
2988 2559 3250 2642 jamque
3282 2578 3427 2622 con-

1930 2657 2172 2739 tingere
2218 2657 2399 2740 quasi
2443 2659 2732 2740 quaedam
2779 2659 3065 2721 membra
3106 2659 3419 2739 ejusdem,

1929 2757 2118 2819 credo
2150 2775 2251 2818 me
2284 2774 2409 2819 non
2444 2757 2868 2819 laboraturum
2901 2757 2965 2819 in
2996 2757 3115 2820 hoc
3148 2766 3216 2820 ut
3246 2757 3425 2820 ober-

1929 2863 2139 2916 rantes
2185 2855 2351 2916 intra
2392 2855 2603 2917 aulam
2648 2854 2841 2936 hujus
2886 2856 3187 2918 orationis
3229 2857 3422 2920 intro-

1927 2952 2156 3014 ducam
2192 2953 2256 3014 in
2286 2953 2499 3014 abdita
2528 2952 2691 3034 ejuS,
2711 2971 2830 3014 nec
2859 2953 2991 3016 ullo
3020 2952 3423 3016 difficultatis

342 3051 672 3135 interrupta
711 3061 828 3128 est,
863 3072 977 3136 per
1017 3072 1209 3133 quam
1253 3051 1630 3114 resuscitare
1674 3069 1816 3133 pos·
1853 3049 1896 3113 C
1929 3049 2258 3113 obstaculo
2284 3068 2396 3113 vos
2427 3051 2759 3114 retardabo
2788 3051 2867 3113 ab
2899 3051 3289 3134 introspectu
3319 3071 3422 3115 eo-

339 3149 525 3211 simus
590 3149 991 3233 spiritualem
1061 3149 1458 3224 memoriam,
1520 3148 1817 3212 retardati

343 3266 502 3310 mora
542 3248 998 3332 inquisitionis»,
1035 3269 1252 3311 rursus
1299 3248 1587 3311 labamur
1627 3268 1664 3310 a
1707 3267 1816 3310 no-

341 3352 459 3408 stro
514 3356 738 3410 conatu
801 3349 1174 3430 priusquam
1236 3348 1632 3430 reperiamus
1686 3366 1816 3409 ma-

341 3444 546 3507 teriam
596 3447 794 3520 illam,
837 3446 1056 3528 sicque
1108 3452 1416 3528 concepta
1465 3445 1672 3508 cordis
1723 3445 1816 3506 in-

343 3544 526 3606 tentio
579 3551 913 3608 evanescat
968 3551 1308 3627 antequam
1370 3544 1653 3627 pariatur
1708 3544 1818 3606 ali·

344 3641 474 3721 quis
533 3643 883 3725 spiritualis
953 3643 1242 3706 intuitus,
1311 3644 1458 3716 Quae
1525 3643 1818 3706 confusio

343 3740 555 3802 accidit
611 3741 796 3805 nobis
857 3741 1119 3815 idcirco,
1180 3741 1484 3824 quoniam
1542 3759 1668 3804 non
1729 3748 1816 3804 te-

345 3856 550 3902 nemus
594 3839 838 3922 aliquid
881 3840 1211 3922 spirituale
1253 3847 1399 3902 ante
1442 3840 1660 3902 oculos
1707 3857 1815 3902 no-

343 3945 490 4000 stros
525 3937 838 4000 stabiliter
880 3938 1182 4020 positum,
1226 3947 1529 4020 tanquam
1576 3937 1815 4001 formu-

344 4034 456 4099 lam
483 4039 820 4120 quamdam
853 4058 1046 4122 quam
1082 4039 1286 4122 possit
1322 4045 1536 4101 noster
1563 4038 1816 4101 animus

345 4153 616 4200 revocare
684 4145 826 4220 post
893 4137 1126 4199 multos
1195 4135 1517 4198 anfractus
1576 4137 1815 4199 varios·

1930 3169 2072 3213 rum
2112 3171 2255 3232 quae
2301 3151 2789 3212 demonstranda
2837 3157 2985 3212 sunt
3036 3152 3239 3213 mode.
3284 3152 3424 3214 Pro-

1929 3249 2140 3311 ximus
2202 3248 2442 3332 quippe
2500 3257 2597 3311 est
2656 3249 2893 3311 notitiae
2952 3249 3258 3323 veritatiS,
3310 3251 3424 3332 qui

1930 3347 2277 3429 prudenter
2304 3348 2591 3429 agnoscit
2618 3347 2772 3429 quid
2804 3354 2866 3410 et
2894 3347 3169 3430 qualiter
3197 3346 3422 3411 debeat

1929 3464 2253 3528 quaerere;
2305 3465 2423 3508 nec
2481 3446 2667 3527 longe
2726 3453 2819 3508 est
2876 3464 2913 3507 a
2972 3446 3257 3520 scientia,
3309 3449 3421 3529 qui

1929 3544 2122 3626 coepit
2154 3544 2505 3625 intelligere
2537 3544 2707 3626 quod
2739 3545 2998 3626 ignorat.
3021 3545 3262 3607 Idcirco
3292 3563 3418 3608 non

1927 3659 2149 3704 vereor
2200 3649 2411 3704 notam
2462 3642 2839 3723 proditionis
2889 3661 2961 3704 ac
3006 3643 3279 3705 levitatis
3326 3643 3417 3705 in-

1927 3758 2205 3812 currere,
2240 3741 2292 3802 si
2334 3740 2822 3803 manifestavero
2865 3759 2938 3802 ea
2980 3760 3121 3822 quae
3160 3741 3225 3802 in
3267 3761 3421 3824 prae-

1928 3838 2178 3899 cedenti
2240 3839 2595 3912 collatione,
2659 3838 2922 3921 loquens
2981 3839 3059 3900 de
3115 3840 3419 3903 orationis

1928 3936 2341 4020 perfectione,
2392 3938 2676 4000 subtraxi
2728 3938 3242 4000 sermocinationi
3297 3940 3415 4014 illi,

1926 4053 2201 4118 quorum
2243 4036 2541 4099 virtutem
2582 4037 2854 4098 arbitror
2893 4036 3091 4100 fuisse
3141 4055 3420 4099 reseran-

1926 4133 2071 4196 dam
2103 4133 2287 4197 vobis
2326 4134 2392 4196 in
2433 4134 2551 4197 hoc
2589 4135 2890 4197 exercitio
2928 4152 3003 4195 ac
3041 4134 3252 4195 studio
3292 4135 3418 4197 col-

343 4251 455 4313 que
497 4235 841 4310 discursus,
889 4243 1080 4318 atque
1135 4241 1276 4317 post·
1328 4234 1510 4316 longa
1565 4234 1814 4297 naufra-
1845 4242 1895 4303 D
1929 4231 2170 4306 locatis,
2219 4231 2409 4295 etiam
2460 4232 2597 4294 sine
2647 4229 3000 4292 ministerio
3044 4230 3243 4292 nostri
3289 4249 3417 4292 ser-

343 4331 432 4411 gia
468 4333 618 4396 illud
651 4341 953 4416 tanquam
993 4339 1248 4416 portum
1285 4332 1517 4414 quietis
1556 4333 1810 4396 intrare.

347 4429 554 4512 Sicque
599 4430 677 4492 fit
723 4440 794 4494 ut
837 4451 1017 4495 mens
1056 4431 1295 4512 jugiter
1345 4431 1650 4514 impedita
1698 4431 1816 4493 dif-

345 4527 606 4592 ficultate
664 4539 728 4593 et
783 4531 1137 4613 ignorantia
1188 4530 1329 4604 ista,
1378 4529 1651 4610 jactetur
1702 4549 1816 4612 per

346 4626 572 4691 diversa
629 4637 931 4711 tanquam
999 4627 1358 4690 errabunda
1424 4646 1677 4709 semper
1741 4647 1814 4690 ac

347 4726 525 4804 ebria,
573 4729 659 4792 ita
707 4737 778 4791 ut
825 4746 942 4790 nec
992 4726 1104 4789 diu
1153 4745 1271 4788 nec
1320 4725 1594 4788 firmiter
1643 4734 1813 4790 tene-

346 4833 399 4884 at.
434 4827 612 4889 etiam
652 4828 810 4890 illud
848 4825 1180 4909 spirituale
1219 4826 1387 4907 quod
1431 4824 1554 4886 sibi
1596 4842 1814 4888 occur-

347 4923 484 4985 rerit
536 4943 680 4987 casu
741 4925 952 5008 potius
1009 4942 1201 5006 quam
1258 4917 1609 5002 industria3
1661 4924 1816 4986 dum

346 5022 636 5105 recipiens
678 5023 818 5104 ipsa
864 5042 1116 5105 semper
1157 5021 1332 5084 aliud
1375 5039 1453 5083 ex
1494 5020 1642 5094 alio,
1689 5040 1814 5087 non

345 5122 552 5185 sentiat
596 5140 818 5185 eorum
874 5122 1225 5184 discessum
1285 5139 1360 5183 ac
1421 5119 1643 5193 finem,
1695 5121 1815 5182 sic-

347 5227 410 5281 ut
459 5239 578 5284 non
643 5221 846 5284 sensit
913 5238 1132 5284 eorum
1205 5220 1524 5303 principia
1588 5230 1651 5282 et
1717 5220 1815 5281 in-

346 5335 627 5402 gressum.

1929 4333 2156 4407 moniS,
2202 4351 2315 4414 per
2356 4330 2622 4413 gratiam
2666 4329 2994 4422 creatoris„

2344 4584 2845 4649 CAPITULUM
2906 4585 2995 4648 X.

2028 4736 2115 4791 De
2151 4735 2540 4790 institutione
2577 4749 2649 4790 ac
2682 4733 2965 4790 doctrina
3002 4735 3311 4791 orationis

2223 4824 2627 4879 indesinentis
2656 4838 2759 4879 seu
2778 4829 3113 4896 perpetum,

2094 5116 2588 5208 prudentissime
2623 5119 3034 5200 comparastis
3070 5117 3414 5180 eruditioni

1925 5217 2338 5300 parvulorum
2358 5216 2496 5297 (qui
2528 5215 2712 5278 aliter
2736 5216 3062 5298 percipere
3094 5222 3417 5298 nequeunt

1928 5317 2201 5399 primam
2233 5315 2587 5377 litterarum
2620 5313 3149 5392 informationem,
3169 5333 3285 5378 nec
3318 5332 3420 5376 va-

1903 5048 1916 5058 ’
1932 5018 2513 5221 QUAPROPTER
2533 5017 2714 5099 juxta
2738 5018 3193 5082 institutionem
3221 5037 3414 5100 quam
