4359 6267
1062 524 1479 572 coLLATmNUu
1519 524 1604 569 SS.
1640 521 1884 567 PATRUM
1924 521 2099 566 LIBER
2142 522 2180 565 1.
2227 539 2308 547 -
2349 520 2634 568 COLLATIO
2674 522 2696 567 1

358 703 466 763 tur,
497 701 566 756 ιιι
594 699 934 755 extenuata
958 700 1021 754 et
1051 692 1377 775 subtiliata
1410 710 1589 753 mens
1628 688 1832 771 sapiat
1857 686 1910 749 A

353 811 467 854 non
524 800 793 866 terrena,
844 792 956 854 sed
1004 791 1469 873 contempletur
1526 788 1824 853 coelestia.

350 890 579 964 Quibus
634 908 855 952 rursus
905 908 984 951 ex
1030 889 1416 971 negligentia
1472 894 1686 949 nostra
1734 905 1828 948 re-

352 995 525 1069 pente
556 986 977 1060 cessantibus,
1004 1005 1263 1049 necesse
1288 994 1384 1049 est
1418 993 1489 1047 ut
1520 1004 1721 1059 menS,
1744 985 1832 1047 vi-

348 1086 571 1148 tiorum
616 1085 909 1167 squalore
955 1085 1209 1166 injecta,
1252 1102 1397 1147 mox
1436 1085 1514 1146 ad
1552 1084 1829 1146 carnalia

352 1184 682 1246 inclinetur
722 1192 785 1245 et
826 1191 1097 1246 corruat.

672 1446 1175 1511 CAPITULUM
1237 1446 1489 1509 XVIII.

454 1586 843 1658 Comparatio
871 1588 1155 1659 aquarioe
1178 1586 1349 1641 moloe
1376 1602 1449 1641 ac
1476 1584 1717 1640 animoe.

352 1777 648 1977 QUOD
704 1780 1076 1843 exercitium
1127 1780 1333 1841 cordis
1384 1780 1555 1841 circa
1599 1778 1828 1859 cogita-

3308 497 3426 563 145

2307 736 2808 800 CAPITULUM
2869 737 3059 801 XIX.

2106 886 2190 940 De
2221 884 2422 941 tribus
2449 885 2886 955 coqitationum
2911 890 3259 941 nostrarum

2494 974 2858 1046 principiis.

2087 1189 2191 1252 OC
2250 1208 2503 1271 quoque
2557 1210 2686 1273 prae
2743 1187 3043 1252 omnibus
3100 1188 3264 1250 scire
3322 1187 3428 1249 de-

2114 1287 2364 1361 bemus,
2404 1288 2525 1350 tria
2565 1306 2704 1351 esse
2747 1286 3064 1370 principia
3104 1284 3428 1367 cogitatio·

1935 1406 2089 1448 num
2141 1395 2501 1449 nostrarum
2549 1404 2563 1448 :
2607 1386 2758 1468 quia
2803 1392 2913 1448 aut
2960 1392 3109 1447 sunt
3150 1403 3228 1446 ex
3275 1383 3424 1459 DeO,

1935 1492 2044 1546 aut
2100 1504 2179 1546 ex
2238 1484 2512 1559 diabolo,
2572 1492 2682 1547 aut
2742 1504 2818 1546 ex
2881 1483 3084 1545 nobis.
3148 1482 3238 1543 Ex
3300 1481 3429 1544 Deo

1936 1592 2106 1657 sunt,
2139 1603 2340 1665 quum
2381 1583 2652 1664 Spiritus
2693 1583 2957 1645 Sanctus
3000 1599 3115 1642 sua
3157 1580 3432 1642 illustra-

1935 1682 2107 1743 tione
2138 1699 2253 1743 nos
2282 1681 2541 1744 visitare
2574 1681 2889 1761 dignatur,
2922 1679 3170 1760 erIgens
3206 1695 3321 1739 nos
3350 1678 3428 1739 ad

1937 1779 2379 1841 sublimiorem
2427 1779 2806 1861 profectum,
2849 1786 2910 1839 et
2955 1777 3208 1858 quando
3251 1776 3432 1838 casti-

503 1879 751 1942 tionum
807 1878 1329 1961 approbationem
1389 1896 1500 1939 seu
1550 1877 1825 1958 repulsi·
1860 1880 1909 1942 B
1936 1884 2039 1955 gat
2068 1884 2176 1937 aut
2209 1876 2472 1957 corripit
2510 1893 2624 1937 nos
2665 1874 3084 1937 saluberrima
3122 1891 3429 1954 compun-

345 1994 543 2049 onem,
589 1976 973 2039 molendinis
1018 1983 1189 2038 recte
1235 1975 1641 2048 assimilatur,
1684 1994 1825 2055 quae

344 2074 417 2135 ab
454 2093 643 2157 opere
685 2074 823 2156 ipso
865 2092 1109 2136 cessare
1148 2093 1275 2136 non
1306 2074 1539 2147 valent,
1574 2073 1826 2154 quando

346 2172 925 2235 circumvolvuntur
970 2190 1278 2252 aquarum
1330 2172 1634 2252 impulsu,
1672 2188 1825 2251 quo-

345 2270 503 2331 niam
573 2289 859 2352 praeceps
918 2288 1141 2331 cursus
1202 2270 1517 2331 undarum
1581 2269 1825 2349 impetu

344 2385 452 2429 suo
494 2376 705 2430 movet
746 2387 821 2429 ea
866 2367 931 2429 in
971 2383 1160 2449 gyr03
1206 2384 1396 2449 porro
1444 2367 1509 2428 in
1555 2373 1824 2447 potesta-

346 2474 399 2527 te
438 2464 880 2529 molendinarii
920 2466 1111 2527 situm
1156 2473 1273 2538 est,
1306 2484 1387 2526 an
1432 2464 1625 2526 molat
1663 2464 1823 2525 triti-

344 2582 501 2632 cum,
536 2584 619 2626 an
662 2564 995 2637 hordeum,
1031 2581 1111 2624 an
1156 2571 1325 2625 certe
1369 2563 1624 2624 zizania.
1662 2562 1824 2624 Illud

342 2662 569 2743 quippe
620 2661 845 2744 procul
896 2661 1091 2724 dubio
1134 2662 1427 2735 moletur,
1473 2662 1643 2742 quod
1694 2678 1824 2723 mo-

342 2760 589 2823 lendino
635 2759 716 2822 ab
777 2760 918 2841 ipso
977 2760 1329 2840 imponitur
1377 2760 1479 2821 cui
1533 2760 1827 2822 commis-

340 2876 403 2919 sa
429 2866 522 2920 est
551 2857 725 2920 illius
756 2856 969 2939 operis
1000 2875 1169 2918 cura.
1204 2858 1295 2918 Ita
1324 2875 1505 2918 mens
1536 2875 1650 2938 per
1679 2856 1825 2919 vitae

342 2957 658 3037 praesentis
703 2956 999 3017 incursus
1042 2955 1497 3035 circumagitur
1542 2955 1825 3035 undique

1938 1974 2145 2037 ctione
2177 1975 2255 2036 de
2286 1974 2406 2036 hoc
2437 1974 2609 2055 quod
2639 1973 2851 2035 minus
2883 1971 3294 2055 profecimuS,
3326 1971 3428 2033 vel

1936 2072 2250 2134 desidiose
2279 2072 2522 2153 agendo
2552 2071 2785 2139 devicti
2816 2088 3073 2149 sumus;
3109 2070 3244 2133 sive
3275 2070 3426 2131 dum

1935 2178 2171 2231 reserat
2209 2170 2394 2233 nobis
2433 2177 2825 2231 sacramenta
2855 2168 3157 2243 coelestia,
3190 2175 3254 2229 et
3285 2184 3428 2249 pro-

1936 2268 2216 2349 positum
2257 2276 2543 2331 nostrum
2573 2286 2647 2329 ac
2675 2267 3067 2330 voluntatem
3104 2267 3182 2328 ad
3214 2266 3429 2330 melio-

1933 2385 2035 2428 res
2072 2374 2252 2428 actus
2291 2366 2620 2428 convertit.
2656 2365 2833 2427 Sicut
2869 2366 3021 2427 dum
3061 2383 3171 2427 rex
3200 2365 3426 2426 Assue-
3481 2383 3718 2437 Esther-u,

1934 2484 2043 2527 rus
2082 2465 2418 2546 instigatus
2455 2484 2492 2526 a
2529 2464 2677 2538 Deo,
2710 2463 2864 2525 fecit
2902 2462 3025 2526 sibi
3066 2463 3190 2544 legi
3228 2462 3427 2526 libros
3457 2452 3497 2493 ¹·

1933 2564 2215 2637 annaleS,
2250 2562 2484 2645 quibus
2523 2562 2886 2625 recordatus
2927 2561 3244 2624 beneficia
3272 2563 3426 2624 Mar-

1934 2662 2198 2734 dochaei‚
2233 2661 2532 2724 exaltavit
2563 2661 2746 2722 illum
2779 2678 3031 2722 summo
3060 2660 3320 2735 honore,
3353 2679 3425 2722 ac

1933 2761 2225 2842 protinus
2269 2759 2590 2822 revocavit
2628 2758 3134 2820 crudelissimam
3178 2765 3428 2821 senten-

1933 2858 2088 2919 tiam
2120 2859 2198 2920 de
2226 2858 2586 2920 Judaeorum
2623 2856 3063 2919 interfectione
3094 2856 3424 2938 prolatam.

1936 2956 2109 3018 Unde
2158 2963 2221 3017 et
2265 2956 2574 3037 Propheta
2622 2963 3076 3017 commemorat
3109 2972 3123 3015 ε
3156 2954 3426 3016 Audiam
3457 2957 3750 3025 ἡμων(

341 3063 396 3115 et
442 3062 733 3116 movetur
781 3061 1057 3115 torrente
1115 3072 1226 3113 seu
1286 3052 1675 3115 abundantia
1732 3053 1825 3114 in·
1856 3056 1900 3119 C
1935 3054 2090 3136 quid
2132 3054 2427 3136 loquatur
2466 3054 2529 3115 in
2573 3072 2674 3115 me
2703 3053 3010 3115 Dominus
3048 3053 3232 3115 Deus·
3267 3052 3428 3114 Hinc
3456 3039 3500 3080 ⁹·

338 3152 693 3232 gruentium
742 3150 1187 3224 tentationum,
1222 3170 1339 3213 nec
1384 3158 1591 3233 potest
1628 3170 1827 3214 vacua

339 3268 467 3311 csse
506 3250 589 3311 ab
630 3249 895 3313 aestibus
938 3249 1429 3329 cogitationum3
1465 3250 1575 3311 sed
1616 3250 1696 3311 ad
1736 3248 1828 3310 in-

339 3348 637 3410 dustriam
669 3347 1015 3428 diligentiae
1057 3348 1197 3427 ejus
1227 3366 1301 3409 ac
1330 3347 1524 3409 studii
1558 3354 1820 3429 spectat,

338 3448 545 3527 quales
590 3446 1003 3527 cogitationes
1046 3445 1272 3508 debeat
1313 3445 1647 3508 admittere
1691 3446 1824 3508 sive

336 3562 673 3618 assumere,
705 3562 780 3606 ac
812 3543 935 3605 sibi
969 3562 1209 3625 parare.
1246 3543 1307 3605 Si
1340 3544 1535 3617 enim,
1569 3551 1640 3605 ut
1669 3543 1825 3605 dixi-

340 3662 492 3716 muS‚
522 3644 764 3724 jugiter
795 3660 1197 3705 recurramus
1226 3641 1302 3703 ad
1345 3641 1821 3703 meditationem

338 3742 801 3823 Scripturarum
834 3748 1219 3813 sanctarum,
1253 3748 1661 3820 nostramque
1695 3760 1824 3802 me-

338 3840 597 3901 moriam
647 3838 967 3919 erigamus
1015 3839 1092 3899 ad
1152 3838 1650 3900 recordationem
1700 3838 1825 3920 spi-

336 3938 657 3999 ritualium
720 3956 956 4009 rerum‚
1007 3937 1083 3997 ad
1134 3937 1518 3998 desiderium
1570 3955 1823 4018 quoque

337 4036 739 4116 perfectionis
769 4042 832 4097 et
861 4053 1042 4115 spem
1075 4034 1305 4097 futurae
1342 4034 1687 4109 felicitatis,
1720 4054 1825 4097 ne-

336 4154 501 4198 cesse
547 4144 647 4197 est
688 4142 763 4195 ut
804 4134 1215 4214 cogitationes
1265 4134 1626 4214 spirituales
1676 4134 1850 4195 inde'

1935 3160 1999 3213 et
2046 3152 2374 3213 Zacharias
2423 3159 2685 3213 testatur
2730 3171 2743 3215 :
2791 3150 2962 3212 Dixit
3008 3151 3269 3231 angelus
3316 3150 3427 3231 qui
3456 3168 3719 3219 lacatii».

1937 3250 2315 3331 loquebatur
2359 3249 2423 3311 in
2468 3268 2589 3310 me.
2638 3251 2944 3331 Itemque,
2987 3268 3187 3332 quum
3231 3249 3428 3311 Filius

1935 3350 2047 3412 Dei
2091 3349 2408 3431 promittit
2451 3367 2518 3411 se
2557 3356 2898 3410 venturum
2943 3366 3091 3409 cum
3133 3349 3331 3421 Patre,
3365 3356 3428 3411 et
3466 3365 3719 3417 laenam.

1936 3447 2330 3509 mansionem
2363 3465 2429 3508 se
2459 3465 2597 3509 esse
2627 3445 2946 3508 facturum
2976 3445 3342 3523 nobiscum3
3364 3454 3428 3508 et
3455 3430 3524 3471 ²³·

1934 3564 2175 3618 rursus,
2207 3544 2343 3606 Non
2378 3545 2551 3606 enim
2584 3562 2694 3607 vos
2728 3544 2880 3606 estis
2911 3544 3021 3625 qui
3063 3544 3422 3626 loquimini,
3481 3560 3718 3613 uastam,

1934 3644 2044 3705 sed
2089 3643 2365 3724 Spiritus
2407 3642 2604 3705 Patris
2643 3642 2838 3704 vestri
2879 3642 2989 3724 qui
3034 3642 3315 3723 loquitur
3357 3642 3424 3704 in
3454 3625 3523 3666 ’θ’

1935 3741 2133 3804 vobiS.
2168 3740 2398 3803 Paulus
2428 3758 2682 3822 quoque
2717 3760 2730 3803 ε
2764 3740 2860 3802 An
2890 3740 3420 3821 experimentum,
3455 3754 3490 3799 11
3509 3754 3614 3799 Gor.
3631 3768 3719 3806 xm,

1935 3840 2165 3920 inquit,
2213 3839 2497 3920 quaeritis
2544 3838 2684 3920 ejus
2734 3838 2845 3919 qui
2890 3837 3169 3920 loquitur
3211 3839 3275 3899 in
3323 3858 3424 3900 me
3454 3820 3494 3861 ³·

1936 3939 2277 4002 Christus?
2327 3938 2630 4000 Praeterea
2685 3956 2760 3998 ex
2820 3936 3072 3999 diabolo
3131 3935 3427 4017 cogitatio

1930 4036 2154 4110 oritur,
2189 4036 2342 4097 dum
2383 4052 2497 4096 nos
2536 4042 2800 4097 conatur
2839 4034 3207 4097 subvertere
3246 4034 3427 4097 vitio-

1932 4154 2076 4195 rum
2118 4132 2534 4195 delectatione
2572 4140 2680 4194 aut
2717 4131 2986 4195 occultis
3027 4131 3295 4205 insidiis,
3329 4150 3426 4195 os-

336 4242 579 4308 exortae,
605 4234 843 4295 faciant
873 4240 1153 4293 mentem
1184 4240 1467 4294 nostram
1498 4232 1819 4294 immorari
1852 4235 1902 4297 D
1933 4233 2199 4295 tendens
2258 4239 2320 4294 et
2379 4247 2740 4312 proponens
2806 4230 2968 4291 mala
3029 4229 3147 4291 sub
3212 4229 3425 4312 specie

336 4332 427 4393 his
456 4352 599 4414 quae
629 4331 875 4392 fuimus
916 4330 1217 4392 meditati.
1254 4330 1317 4393 Si
1349 4348 1499 4393 vero
1538 4330 1689 4392 victi
1721 4331 1823 4392 de-

336 4429 486 4491 sidia
526 4436 638 4491 aut
680 4427 1087 4509 negligentia,
1121 4444 1510 4508 occupemur
1546 4427 1716 4489 vitiis
1758 4436 1822 4489 et

336 4524 952 4589 confabulationibus
992 4524 1233 4598 otiosiS,
1265 4532 1371 4586 aut
1416 4525 1822 4607 implicemur

336 4624 493 4686 curis
524 4622 869 4685 mundanis
900 4621 1568 4704 sollicitudinibusque
1603 4642 1821 4705 super-

334 4720 499 4795 fluis,
561 4727 1028 4802 consequenter
1084 4719 1380 4800 cogitatio
1442 4720 1589 4781 inde
1651 4728 1817 4793 nata,

335 4826 627 4901 tanquam
671 4800 961 4900 quaedam
1005 4818 1389 4879 zizaniorum
1434 4818 1679 4899 species
1730 4818 1821 4879 in-

336 4916 672 4991 fructuosa,
730 4916 1116 4978 ministrabit
1171 4915 1344 4977 cordi
1404 4924 1619 4978 nostro
1676 4934 1823 4998 ope-

338 5016 635 5078 rationem
696 5014 1012 5086 nocivam,
1074 5021 1137 5075 et
1197 5013 1380 5093 juxta
1438 5013 1819 5076 sententiam

114 5112 313 5213 gamm
338 5112 667 5176 Salvatoris
710 5130 725 5175 :
768 5112 885 5174 Ubi
930 5110 1125 5173 fuerit
1168 5110 1503 5173 thesaurus
1552 5129 1819 5193 operum

338 5219 689 5274 nostrorum
735 5216 847 5272 aut
892 5216 1123 5271 nostrae
1174 5208 1565 5283 intentioniS,
1618 5210 1709 5273 ibi
1756 5220 1820 5273 et

338 5325 437 5371 cor
476 5316 767 5373 nostrum
809 5306 1169 5371 necessario
1210 5306 1586 5371 stabilietur.

1932 4331 2106 4403 boni,
2146 4329 2567 4391 subtilissima
2611 4328 2971 4390 calliditate.
3007 4328 3182 4390 Unde
3229 4326 3426 4389 refert

1931 4428 2332 4509 Evangelista
2374 4445 2388 4489 :
2432 4427 2622 4490 Coena
2663 4426 2848 4500 facta,
2891 4445 3090 4508 quum
3134 4425 3424 4489 diabolus
3460 4448 3716 4497 Joannam,

1927 4528 2061 4608 jam
2096 4526 2374 4589 misisset
2407 4526 2471 4587 in
2514 4543 2621 4587 cor
2647 4525 2820 4587 Judae
2861 4524 3134 4587 Simonis
3169 4525 3425 4587 Iscario-
3453 4513 3494 4554 ²·

1932 4634 2029 4699 tae,
2066 4632 2134 4685 ut
2170 4624 2446 4687 traderet
2483 4624 2861 4701 Dominum3
2902 4632 2966 4685 et
2995 4623 3249 4697 iterum,
3282 4624 3424 4686 Post
3479 4641 3598 4687 [ιη-α.
3624 4645 3692 4685 2⁷.

1930 4722 2285 4784 buccellam
2336 4722 2622 4784 introivit
2670 4722 2734 4782 in
2783 4740 2931 4783 eum
2989 4721 3266 4783 SatanaS.
3319 4722 3423 4784 Sic

1930 4828 1991 4883 et
2036 4820 2433 4883 beatissimus
2477 4818 2694 4881 Petrus
2738 4819 2897 4881 dixit
2941 4819 3019 4881 ad
3061 4819 3368 4882 Ananiam
3403 4839 3417 4883 :

1930 4920 2130 4992 Quare
2172 4918 2437 4980 tentavit
2480 4918 2737 4979 Satanas
2779 4935 2886 4979 cor
2924 4925 3129 4991 tuum,
3165 4917 3420 4979 mentiri
3471 4938 3695 4989 Aetna.

1930 5025 1991 5079 te
2023 5015 2288 5098 Spiritui
2329 5015 2601 5077 Sancto?
2631 5014 2726 5076 Ad
2766 5014 2886 5076 hoc
2916 5014 3108 5076 etiam
3147 5015 3422 5096 pertinet

1931 5113 2089 5175 illud
2137 5112 2309 5195 quod
2358 5112 2422 5173 in
2483 5110 2846 5191 Evangelio,
2901 5110 3228 5191 multoque
3273 5117 3420 5172 ante

1932 5230 2045 5294 per
2076 5210 2502 5272 Ecclesiasten
2542 5209 2918 5291 praedictum
2951 5216 3046 5271 est
3079 5226 3093 5269 ε
3129 5208 3192 5270 Si
3233 5206 3418 5289 spiri·
3449 5224 3712 5273 Εωιωψ.

1933 5317 2033 5372 tus
2076 5315 2455 5392 potestatem
2499 5306 2792 5399 habentis
2833 5306 3188 5370 ascenderit
3225 5325 3418 5389 super
