4359 6267
1116 522 1534 569 COLLATloNtm
1594 524 1679 571 SS.
1728 524 1971 571 ramim
2026 524 2201 571 LIBER
2255 528 2294 573 1.
2354 543 2436 554 —
2493 524 2779 572 COLLATIO
2832 526 2899 572 111

3432 505 3550 571 163

1474 908 1547 1017 C
1570 906 1656 1018 Ο
1686 908 1760 1017 L
1780 909 1861 1017 L
1880 910 2052 1018 AT
2076 910 2121 1018 l
2146 909 2233 1019 Ο
2355 912 2541 1020 lll

1557 1146 1929 1241 (Abbates
1966 1148 2459 1249 paphnutii)

1172 1392 1285 1444 DE
1359 1392 1698 1444 TRIBUS
1770 1394 2846 1450 ABRENUNTIATIONIBUS.

596 1796 615 1817 ·
672 1722 1256 1785 CAPITULUM
1326 1722 1739 1786 PRIMUM.

758 1870 846 1925 De
888 1870 1021 1925 vita
1058 1870 1257 1925 sancti
1291 1868 1651 1940 Paphnutii.

592 2075 617 2135 Ι
630 2075 715 2135 DI
726 2074 899 2137 ML'S
934 2075 999 2136 in
1038 2074 1231 2136 choro
1270 2074 1381 2136 illo
1410 2075 1804 2147 Sanctorum,
1837 2074 1956 2137 hoc

611 2180 707 2235 est
738 2173 806 2233 in
837 2172 1059 2235 ordine
1097 2173 1642 2245 anachoretarum,
1677 2172 1787 2253 qui
1824 2179 1956 2233 tan-

454 2288 651 2350 quam
694 2270 1039 2351 purissima
1080 2277 1245 2331 astra
1288 2269 1614 2350 fulgebant
1660 2270 1725 2331 in
1770 2278 1956 2331 nocte

454 2386 529 2428 ac
576 2368 859 2429 tenebris
903 2368 1100 2448 hujus
1150 2367 1397 2441 mundi,
1434 2368 1493 2429 S.
1529 2367 1955 2449 Paphnutium

455 2473 901 2529 coruscantem
942 2465 1185 2527 lumine
1223 2464 1370 2528 vitae
1400 2484 1473 2526 ac
1512 2466 1794 2527 claritate
1828 2484 1957 2527 ma-

450 2582 595 2644 gnae
626 2564 927 2625 scientiae.
965 2564 1233 2645 Fuitque
1267 2562 1598 2646 presbyter
1628 2581 1959 2644 congrega-

452 2662 649 2725 tionis
697 2669 950 2735 nostrae,
990 2669 1143 2742 puta
1190 2661 1363 2723 illius
1406 2681 1547 2742 quae
1595 2661 1957 2724 morabatur

451 2762 517 2823 in
550 2779 767 2824 eremo
800 2761 1039 2843 Scythi,
1074 2760 1139 2821 in
1180 2779 1306 2841 qua
1346 2760 1432 2822 ita
1472 2760 1723 2822 duravit
1754 2778 1955 2841 usque

1984 1678 2037 1739 A
2067 1677 2393 1741 festinavit
2419 1688 2748 1762 penetrare
2778 1682 3008 1743 desert-i
3040 1689 3302 1753 secreta,
3322 1688 3390 1741 ut
3422 1681 3558 1741 nul-

2067 1777 2127 1838 lo
2171 1777 2450 1840 humano
2493 1780 2810 1841 consortio
2854 1780 3232 1851 retrahente,
3266 1779 3556 1840 uniretur

2064 1876 2194 1937 Deo
2223 1875 2617 1950 faciliuS,cui
2650 1877 2815 1937 inter
2843 1878 3087 1939 Fratres
3123 1878 3415 1939 habitans
3447 1897 3554 1939 cu-

2066 1971 2281 2054 piebat
2339 1974 2847 2055 inseparabiliter
2903 1976 3228 2037 inhaerere.
3291 1976 3558 2057 Insuper

2066 2071 2132 2132 in
2176 2072 2518 2134 solitudine
2561 2079 2736 2136 tanto
2778 2073 3025 2135 fervore
3068 2073 3392 2155 superavit
3429 2073 3555 2135 vir-

2065 2176 2234 2231 tutes
2276 2171 2559 2251 ipsorum
2605 2172 2797 2233 etiam
2847 2170 3391 2244 anachoretarum,
3426 2190 3556 2234 om-

2066 2267 2375 2349 niumque
2415 2269 2638 2330 vitavit
2681 2269 3039 2350 adspectuS,
3074 2278 3411 2350 penetrans
3450 2288 3556 2331 va-

2066 2366 2258 2427 stiora
2301 2373 2363 2427 et
2407 2367 2943 2429 inaccessibiliora
2989 2367 3353 2429 solitudinis
3396 2368 3552 2441 loca,

2064 2470 2127 2524 et
2160 2464 2224 2524 in
2255 2464 2349 2525 eis
2379 2464 2582 2526 multo
2612 2471 2897 2546 tempore
2927 2465 3127 2527 latens
3162 2484 3176 2527 ε
3212 2466 3277 2526 in
3311 2472 3556 2527 tantum

2066 2569 2135 2622 ut
2163 2562 2244 2623 ab
2277 2562 2433 2644 ipsis
2457 2581 2710 2644 quoque
2739 2564 3135 2626 anachoretis
3166 2564 3554 2645 deprehendi

2066 2668 2280 2742 posset
2321 2660 2674 2723 difficulter
2715 2669 2904 2743 atque
2948 2662 3290 2736 rarissime,
3323 2671 3385 2724 et
3423 2681 3556 2723 cre-

2064 2758 2321 2819 deretur
2362 2759 2441 2821 ab
2481 2759 2574 2821 eis
2617 2760 2914 2822 delectari
2955 2780 3028 2822 ac
3070 2760 3309 2842 perfrui
3351 2760 3557 2842 quoti-

448 2860 531 2921 ad
564 2868 915 2921 extremam
955 2864 1226 2931 aetatem,
1260 2866 1331 2919 ut
1370 2878 1699 2939 nunquam
1731 2878 1766 2920 e
1797 2858 1957 2920 cella
1988 2857 2035 2918 B
2064 2856 2255 2918 diano
2285 2858 2654 2938 angelorum
2697 2858 3036 2931 consortio,
3070 2877 3143 2919 ac
3179 2858 3406 2920 merito
3445 2858 3558 2919 hu-

452 2976 573 3019 sua
604 2956 970 3037 migraverit
999 2956 1075 3017 ad
1109 2955 1245 3018 loca
1274 2956 1561 3018 ecclesiae
1589 2956 1900 3019 viciniora
1936 2974 1949 3019 :

450 3075 649 3139 quam
680 3054 907 3117 cellam
940 3055 1135 3135 coepit
1164 3054 1373 3116 adhuc
1404 3052 1621 3134 junior
1652 3054 1957 3116 inhabita-

450 3173 545 3227 re,
593 3172 734 3234 quae
778 3159 843 3214 et
887 3151 1173 3233 quinque
1217 3151 1505 3213 millibus
1554 3151 1826 3213 distabat
1873 3152 1953 3213 ab

450 3252 599 3332 ejus
645 3249 953 3327 ecclesia3
1002 3267 1119 3310 nec
1170 3249 1373 3311 voluit
1422 3249 1481 3310 ei
1532 3249 1955 3331 propinquius

448 3349 740 3411 babitare
799 3348 879 3409 ad
932 3347 1253 3410 vitandam
1314 3346 1700 3427 fatigationis
1762 3346 1952 3409 mole-

448 3448 640 3509 stiam
690 3446 799 3508 die
846 3445 1093 3507 sabbati
1141 3452 1249 3507 aut
1300 3445 1639 3518 dominica,
1673 3446 1826 3506 dum
1876 3446 1953 3507 ad

448 3544 793 3607 ecclesiam
837 3543 1031 3605 venit.
1066 3544 1201 3605 Imo
1250 3562 1367 3605 nec
1409 3541 1490 3604 ab
1532 3542 1803 3604 ecclesia
1846 3542 1955 3605 illa

448 3642 657 3706 voluit
686 3660 927 3704 vacuus
956 3643 1033 3703 ad
1076 3640 1301 3702 cellam
1343 3660 1522 3702 suam
1555 3641 1808 3714 reverti,
1844 3641 1953 3702 sed

450 3740 733 3823 propriis
792 3739 1077 3801 humeris
1125 3739 1471 3820 reportavit
1518 3740 1594 3800 ad
1654 3758 1794 3799 eam
1846 3757 1953 3800 vas

449 3857 633 3920 aquae
663 3856 791 3919 qua
820 3844 946 3900 tota
974 3836 1367 3899 hebdomada
1395 3837 1713 3914 utebatur3
1737 3855 1955 3918 quum-

450 3955 581 4018 que
625 3935 771 4017 plus
821 3954 1013 4016 quam
1061 3935 1525 4015 nonagenarius
1574 3942 1761 4007 esset,
1795 3953 1954 3995 nun-

2060 2955 2166 3035 jus
2227 2956 2480 3017 virtutis
2541 2956 3095 3035 cognominaretur
3140 2956 3418 3018 Bubalus
3475 2956 3555 3017 ab

2063 3054 2326 3115 eisdem.

2482 3295 2985 3359 CAPITULUM
3049 3297 3136 3359 II.

2149 3445 2238 3499 De
2265 3460 2531 3499 sermone
2559 3443 2694 3514 ejus
2723 3462 2795 3501 ac
2823 3450 3036 3501 nostra
3063 3447 3470 3517 responsione.

2187 3640 2622 3702 UPIENTES
2674 3641 2886 3723 itaque
2936 3642 3184 3705 institui
3228 3663 3300 3705 ac
3345 3644 3558 3707 doceri

2206 3739 2568 3819 magisterio
2609 3739 2771 3818 ejus,
2806 3740 3217 3821 pervenimus
3258 3743 3557 3826 advespe-

2062 3842 2240 3897 rante
2281 3837 2413 3916 jam
2458 3836 2560 3898 die
2601 3837 2679 3898 ad
2724 3837 2950 3899 cellam
2990 3839 3211 3920 ipsius.
3247 3840 3364 3913 Qui
3405 3860 3559 3921 prae·

2065 3935 2261 3996 misso
2309 3935 2633 4016 aliquanto
2682 3936 2957 4010 silentio,
3010 3957 3210 4019 quum
3260 3938 3557 4019 coepisset

450 4052 647 4116 quam
679 4032 972 4115 permisit
1003 4032 1161 4094 illud
1192 4032 1313 4094 sibi
1348 4032 1585 4113 portari
1626 4032 1706 4093 ab
1737 4032 1953 4112 aliquo
1988 4034 2030 4096 C
2064 4033 2508 4094 commendare
2569 4035 2964 4114 propositum
3024 4043 3332 4105 nostrum,
3386 4036 3555 4117 quod

446 4133 726 4214 juniore.
782 4134 903 4193 lste
952 4132 1052 4193 vir
1102 4138 1355 4193 sanctus
1402 4131 1483 4192 ab
1530 4130 1957 4193 adolescentia

450 4252 572 4293 sua
610 4232 676 4293 in
719 4230 1029 4294 coenobiis
1073 4229 1326 4302 mansit,
1361 4237 1550 4312 atque
1592 4230 1954 4291 monasticae

448 4329 810 4411 disciplinae
855 4346 1002 4389 cum
1044 4326 1235 4401 omni·
1265 4326 1513 4389 fervore
1560 4345 1627 4388 se
1670 4326 1950 4400 tradidit,

448 4436 523 4490 ut
564 4428 631 4489 in
673 4427 768 4488 eis
816 4426 1065 4488 modico
1106 4432 1392 4506 tempore
1442 4426 1675 4505 degens
1726 4424 1952 4486 ditare-

450 4534 555 4586 tur
585 4524 854 4586 scientia
895 4530 1085 4604 atque
1114 4522 1348 4584 virtute
1388 4522 1785 4594 obedientiae,
1821 4523 1951 4585 imo

450 4623 898 4684 universarum
937 4622 1163 4682 decore
1197 4621 1525 4682 virtutum.
1562 4619 1950 4682 Mortificans

450 4739 727 4802 namque
766 4738 989 4782 omnes
1030 4738 1174 4780 suas
1215 4719 1572 4780 voluntates
1611 4718 1952 4799 disciplina

448 4817 831 4881 obedientiae
860 4836 933 4879 ac
964 4816 1367 4891 humilitatiS,
1401 4824 1589 4897 atque
1622 4835 1735 4897 per
1765 4816 1952 4878 disci-

450 4917 693 4998 plinam
726 4916 918 4977 istam
956 4916 1287 4977 exstinctis
1318 4915 1617 4977 omnibus
1658 4915 1854 4986 vitiis,
1888 4922 1952 4976 et

451 5013 913 5076 consummatis
944 5011 1290 5075 virtutibus
1321 5013 1639 5075 universis
1669 5032 1819 5095 quas
1849 5013 1953 5075 do-

450 5119 599 5175 cent
627 5110 1159 5174 monasteriorum
1194 5110 1502 5184 instituta,
1517 5111 1618 5173 vel
1648 5110 1950 5192 antiquis-

2064 4130 2308 4191 scilicet
2339 4131 2662 4212 propriam
2695 4133 2964 4213 patriam
3007 4134 3459 4214 relinquenteS,
3493 4141 3556 4194 et

2065 4245 2180 4309 pro
2229 4228 2341 4289 Dei
2383 4247 2598 4290 amore
2642 4231 2987 4311 peragratis
3032 4232 3376 4313 provinciis
3421 4240 3554 4293 tan-

2063 4326 2165 4400 tis,
2202 4344 2577 4388 conaremur
2617 4335 2944 4410 tantopere
2986 4330 3248 4390 tolerare
3286 4348 3552 4411 pauper-

2060 4431 2256 4485 tatem
2295 4424 2784 4506 vastitatemque
2824 4426 3042 4500 eremi,
3083 4434 3148 4487 et
3190 4426 3425 4488 imitari
3471 4428 3552 4489 ri-

2060 4542 2279 4604 gorem
2329 4524 2829 4587 conversationis
2878 4524 3154 4599 illorum,
3188 4545 3379 4607 quem
3432 4526 3551 4609 ipsi

2059 4622 2167 4683 vix
2199 4621 2586 4683 sustinerent
2617 4622 2724 4703 qui
2770 4622 2897 4683 nati
2929 4631 2989 4684 et
3020 4623 3267 4684 educati
3310 4632 3458 4685 sunt
3488 4626 3552 4687 in

2059 4719 2281 4780 eadem
2327 4720 2642 4799 rigiditate
2682 4728 2870 4801 atque
2914 4720 3129 4802 inopia
3171 4738 3184 4782 :
3230 4723 3554 4802 respondi-

2061 4835 2204 4876 mus
2248 4834 2363 4878 nos
2402 4817 2480 4878 ad
2525 4817 2666 4898 ejus
2709 4835 3064 4899 personam,
3098 4819 3450 4883 doctrinam
3492 4828 3554 4883 et

2062 4913 2500 4994 magisterium
2571 4915 2958 4996 pervenisse,
3021 4924 3090 4977 ut
3152 4918 3552 5000 aliquatenus

2059 5011 2389 5073 informari
2439 5030 2770 5093 possemus
2823 5011 3210 5092 perfectione
3254 5034 3326 5076 ac
3376 5015 3552 5075 insti-

2060 5109 2418 5171 tutionibus
2468 5109 2626 5170 tanti
2674 5108 2819 5182 viri,
2853 5128 3043 5190 quam
3096 5110 3550 5192 perfectionem

450 5210 762 5272 simorum
792 5210 1049 5271 Patrum
1085 5209 1411 5271 doctrina:
1437 5227 1781 5271 succensus
1813 5208 1950 5290 ipse
1980 5207 2028 5267 D
2062 5225 2462 5269 senseramus
2492 5206 2551 5267 ei
2584 5206 2790 5268 inesse
2827 5206 3182 5269 innumeris
3212 5208 3551 5269 documen-

450 5307 849 5390 Paphnutius
890 5307 1114 5370 ardore
1162 5305 1557 5370 sublimioris
1603 5305 1947 5388 profectus,

2062 5305 2179 5383 tis3
2226 5321 2353 5367 non
2403 5311 2474 5366 ut
2523 5304 2726 5387 ipsius
2777 5304 3074 5367 laudibus
3119 5322 3546 5385 gravaremur,
