4359 6267
1254 520 1335 567 nn
1374 520 1703 567 msrrrm’is
1748 522 1831 567 ss.
1868 521 2130 567 ramum.
2175 540 2258 551 -
2299 522 2474 571 timna
2513 524 2601 571 xn
3361 511 3481 575 119

372 668 927 750 abundantissima
970 687 1254 769 largitate
1294 689 1602 751 voluntati
1648 696 1879 753 nostrae
1907 689 1960 752 A
1990 689 2108 753 hoc
2171 691 2576 756 miseratione
2634 694 2850 757 divina
2896 694 3212 757 tribuatur
3257 697 3481 759 devote

370 785 638 865 exiguae,
672 794 734 849 et
775 788 989 849 cursui
1030 796 1246 851 nostro
1285 788 1463 887 breui
1506 807 1576 849 ac
1620 807 1833 870 parvo.
1990 789 2253 869 optanti.

762 1058 1269 1123 CAPITULUM
1338 1059 1494 1123 XII.
2360 1061 2866 1127 CAPITULUM
2929 1064 3110 1128 XIV.

489 1241 659 1310 Quod
694 1242 901 1298 nullus
938 1242 1117 1299 labor
1144 1246 1345 1315 possit
1382 1248 1765 1317 repromissoe
2180 1244 2351 1312 Quod
2386 1244 2768 1315 adjutorium
2803 1248 2916 1303 Dei
2952 1248 3306 1321 conferatur

734 1332 1115 1389 beatitudini
1152 1335 1521 1405 comparari.
2513 1334 2958 1391 laborantibus.

517 1563 700 1626 MNJS
728 1580 983 1645 quoque
1012 1563 1398 1627 diuturnitas
1430 1564 1579 1627 vitae
1610 1584 1879 1646 praesen-
2129 1564 2226 1626 EC
2257 1567 2390 1629 haec
2421 1566 2585 1639 dico,
2621 1574 2691 1627 ut
2720 1566 3032 1629 humanos
3071 1573 3334 1629 conatus
3375 1567 3482 1629 do-

546 1662 625 1723 tis
685 1661 1157 1741 comparatione
1216 1662 1587 1723 aeternitatis
1647 1662 1875 1725 suturae
2148 1686 2324 1730 ceam
2364 1683 2502 1729 esse
2543 1665 2783 1738 inanes,
2824 1664 2925 1726 vel
2966 1672 3038 1725 ut
3074 1664 3352 1747 aliquem
3393 1684 3486 1727 re-

372 1759 612 1839 gloriae,
664 1759 905 1820 nullius
962 1767 1058 1821 est
1116 1760 1577 1841 reputationis3
1629 1768 1689 1822 et
1741 1761 1877 1822 uni·
1987 1784 2212 1829 vocare
2247 1763 2569 1826 intendam
2598 1762 2680 1824 ab
2713 1761 3025 1824 industria
3054 1763 3482 1845 exercitioque

370 1858 539 1919 versi
584 1857 833 1919 dolores
878 1858 1411 1939 contemplatione
1464 1865 1524 1920 et
1581 1866 1872 1939 respectu
1911 1870 1958 1932 Β
1990 1862 2224 1927 laboris
2266 1880 2282 1940 ;
2333 1861 2443 1923 sed
2501 1860 3012 1922 constantissime
3068 1878 3302 1935 assero,
3355 1878 3481 1923 non

370 1956 699 2018 felicitatis
739 1956 913 2018 illius
954 1955 1274 2038 fugantur,
1319 1964 1507 2039 atque
1552 1957 1870 2019 extenuati
1986 1980 2130 2023 mea
2186 1959 2518 2032 sententia,
2581 1959 2690 2020 sed
2748 1958 3094 2032 seniorum,
3148 1958 3482 2040 perfectio-

372 2063 443 2117 ut
492 2054 710 2117 sumus
762 2054 1143 2137 liquescunt,
1194 2063 1258 2117 et.
1306 2074 1622 2137 nusquam
1681 2075 1872 2138 appa-
1985 2078 2133 2121 nem
2176 2059 2315 2121 sine
2358 2056 2458 2119 his
2500 2055 2774 2119 obtineri
2817 2074 2944 2119 non
2989 2074 3195 2139 posse,
3238 2074 3356 2118 nec
3397 2066 3482 2118 ta·-

372 2160 531 2225 rent‚
576 2154 759 2234 quasi
804 2153 1041 2227 favilla,
1088 2154 1239 2235 quia
1280 2153 1523 2215 nullius
1566 2154 1870 2217 momenti
1986 2174 2132 2218 men
2160 2156 2239 2217 ad
2272 2154 2727 2237 perfectionem
2758 2154 3168 2217 obtinendam
3199 2173 3272 2217 ea
3301 2153 3483 2217 suffi-

372 2258 525 2311 sunt
568 2252 1041 2333 comparatione
1088 2251 1281 2313 illius,
1985 2272 2127 2316 cere
2157 2254 2295 2315 sine
2325 2253 2526 2334 gratia
2554 2252 2685 2315 Dei.
2721 2253 3264 2326 Quemadmodum
3304 2252 3480 2315 enim

1984 2352 2259 2414 dicimus
2296 2352 2607 2413 humanos
2649 2359 2908 2413 conatus
2947 2368 3076 2413 non
3116 2369 3300 2432 posse
3341 2368 3482 2432 per-

1984 2450 2326 2513 fectionem
2357 2450 2685 2531 acquirere
2716 2450 2853 2511 sine
2885 2449 3199 2530 adjutorio
3231 2448 3365 2524 Dei,
3390 2449 3479 2510 ita

745 2529 1248 2594 CAPITULUM
1311 2529 1500 2594 XIII·
1985 2546 2475 2630 pronuntiamus
2509 2546 3008 2610 misericordiam
3040 2546 3150 2609 Dei
3180 2547 3480 2629 gratiam-

1984 2664 2109 2727 que
2148 2645 2424 2708 conl'erri
2456 2645 2893 2708 tantummodo
2933 2644 3367 2708 laborantibus
3406 2664 3480 2707 ac

1983 2742 2441 2805 desudantibus
2480 2761 2594 2825 pro
2632 2744 2890 2823 eadem3
2923 2750 3112 2825 atque
3154 2750 3222 2804 ut
3261 2743 3478 2806 verbis

1981 2841 2268 2923 Apostoli
2310 2841 2549 2922 loquar,
2593 2841 2868 2903 dicimus
2907 2840 3174 2921 gratiam
3214 2840 3478 2903 volenti·
3507 2861 3768 2913 Romamn.

536 2937 686 3001 ODO
718 2937 909 3019 igitur
940 2946 1190 3020 tempus
1230 2945 1325 3000 est
1366 2946 1437 3001 ut
1475 2939 1869 3021 proferamus
1983 2937 2103 3001 bus
2133 2946 2197 2999 et
2227 2938 2630 3001 currentibus
2660 2938 2996 3019 impertiri,
3030 2938 3382 3001 secundum
3415 2938 3478 2999 id

553 3037 809 3098 Patrum
865 3036 1247 3099 sententiam
1310 3038 1377 3099 in
1444 3038 1600 3119 ipsis
1658 3039 1871 3101 verbis
1904 3044 1947 3109 C
1982 3036 2152 3117 quod
2182 3036 2248 3097 in
2279 3036 2525 3098 Psalmo
2565 3035 2632 3097 in
2671 3053 2939 3117 persona
2979 3036 3090 3097 Dei
3133 3043 3421 3097 cantatur
3460 3054 3474 3099 :

372 3133 612 3216 quibus
640 3133 897 3195 tradunt
922 3134 1364 3216 camdem,qui
1399 3135 1871 3217 descripserunt
1981 3135 2167 3197 Posui
2215 3133 2603 3214 adjutorium
2653 3134 2719 3196 in
2768 3141 3045 3215 potente,
3096 3142 3160 3196 et
3207 3133 3478 3197 exaltavi
3507 3157 3776 3210 amum,

370 3232 545 3294 viam
586 3238 651 3293 et
692 3231 1065 3312 qualitatem
1108 3232 1520 3313 perfectionis
1566 3250 1690 3296 non
1732 3252 1872 3295 ver·
1980 3232 2258 3295 electum
2307 3232 2384 3294 de
2425 3231 2610 3313 plebe
2653 3251 2809 3294 mea.
2855 3232 3139 3295 Dicimus
3177 3251 3476 3315 namque,
3509 3222 3576 3262 ²⁰·

373 3330 605 3393 borum
631 3330 938 3411 jactantia
951 3348 967 3408 ;
1001 3330 1111 3392 sed
1142 3330 1537 3411 possidentes
1573 3330 1748 3393 illam
1785 3350 1873 3393 re·
1981 3331 2335 3393 secundum
2375 3329 2713 3392 Salvator-is
2753 3331 3156 3405 sententiam,
3199 3330 3333 3393 dari
3373 3350 3480 3412 pe·
3521 3351 3680 3396 Μαεειι
3687 3366 3772 3403 11111

372 3438 479 3492 cto
524 3447 717 3511 opere
762 3446 837 3490 ac
895 3428 1130 3490 virtute
1188 3428 1471 3510 spiritus,
1522 3429 1873 3491 docuerunt
1979 3428 2286 3502 tentibus,
2319 3427 2554 3510 aperiri
2586 3428 2990 3509 pulsantibus
3019 3436 3084 3490 et
3120 3447 3157 3490 a
3196 3447 3481 3509 quaeren-
3510 3418 3551 3458 ⁸·

370 3546 515 3589 eam
558 3526 833 3608 propriis
872 3525 1329 3608 experimentis
1370 3527 1871 3610 certissimisque
1982 3526 2155 3587 tibus
2196 3526 2493 3599 inveniri,
2536 3527 2644 3588 sed
2694 3526 3070 3608 petitionem
3109 3534 3173 3589 et
3213 3527 3481 3609 inquisi-

372 3624 708 3706 exemplis.
745 3625 937 3687 Aiunt
968 3619 1245 3706 namque
1277 3642 1402 3687 non
1435 3642 1619 3706 posse
1650 3644 1872 3707 quem·
1982 3624 2222 3686 tionem
2261 3630 2324 3685 et
2362 3622 2787 3704 pulsationem
2829 3631 3112 3687 nostram
3160 3642 3286 3687 non
3339 3643 3478 3687 esse

376 3724 553 3805 piam
590 3740 748 3805 pure
785 3724 1117 3786 emundari
1159 3723 1521 3785 carnalibus
1550 3723 1747 3797 vitiis,
1781 3724 1873 3786 ni-
1984 3722 2384 3802 condignam,
2431 3721 2555 3783 nisi
2602 3721 3038 3784 misericordia
3079 3723 3190 3783 Dei
3237 3722 3482 3784 dederit

374 3822 429 3884 si
482 3828 778 3902 agnoscat
825 3839 900 3883 ac
944 3820 1215 3883 fateatur
1260 3820 1632 3883 universum
1682 3840 1870 3884 suum
1988 3820 2146 3881 illud
2195 3819 2364 3901 quod
2423 3818 2724 3901 petimus,
2766 3820 2868 3883 vel
2927 3820 3249 3902 aperuerit
3308 3820 3480 3901 quod

378 3919 663 3982 laborem
711 3926 902 3999 atque
942 3926 1239 3980 conatum
1286 3936 1411 3981 non
1463 3936 1647 4000 posse
1689 3917 1871 3981 suffi·
1985 3916 2336 3999 pulsamuS,
2370 3937 2481 3979 seu
2523 3918 2682 3981 illud
2721 3919 2888 4001 quod
2930 3918 3278 3999 quaerimus
3315 3917 3481 3979 fece-

374 4037 523 4080 cere
580 4018 659 4079 ad
718 4024 956 4079 tantam
1016 4016 1499 4098 perfectionem,
1556 4035 1673 4079 nec
1731 4037 1871 4080 eam
1988 4015 2069 4076 rit
2118 4014 2413 4077 inveniri.
2455 4016 2711 4078 Paratus
2757 4016 2998 4097 quippe
3045 4022 3141 4077 est
3185 4016 3350 4077 Deus
3399 4016 3479 4077 ad

374 4134 565 4197 posse
609 4115 857 4198 acquiri
896 4114 1023 4177 nisi
1063 4116 1467 4203 miseratione
1515 4122 1578 4178 et
1616 4133 1737 4197 ope
1780 4116 1871 4177 di·
1984 4112 2442 4175 conferendum
2481 4114 2615 4177 haec
2654 4114 2890 4187 omnia,
2923 4113 3255 4176 occasione
3298 4112 3477 4177 bonae

372 4214 527 4275 vina
580 4231 595 4277 ε
655 4212 888 4274 eruditi
952 4212 1030 4274 de
1088 4212 1207 4275 hoc
1274 4220 1402 4274 tam
1472 4212 1871 4275 institutione
1903 4213 1953 4275 D
1985 4212 2329 4274 voluntatis
2359 4211 2482 4273 sibi
2511 4231 2548 4273 a
2576 4212 2761 4274 nobis
2793 4219 3036 4274 tantum
3069 4210 3296 4273 oblata.
3322 4212 3480 4274 Nam

372 4319 437 4373 et
486 4311 871 4373 documento
929 4310 1040 4372 Dei
1098 4310 1413 4383 donantis,
1466 4328 1657 4392 quam
1718 4309 1873 4373 effe·
1986 4312 2122 4392 ipse
2154 4309 2613 4391 perfectionem
2651 4328 2725 4372 ac
2765 4310 3034 4372 salutem
3065 4317 3346 4371 nostram
3379 4310 3483 4371 de-

374 4418 484 4471 ctu
540 4418 603 4471 et
650 4410 887 4470 virtute
935 4408 1516 4490 experimentisque
1572 4408 1868 4491 propriis,
1986 4409 2221 4470 siderat
2277 4415 2340 4470 et
2397 4416 2720 4489 exspectat
2778 4407 3052 4490 amplius
3111 4426 3306 4489 quam
3365 4426 3480 4471 nos

372 4508 469 4569 Ad
514 4506 903 4588 capessenda
944 4524 1219 4587 namque
1262 4514 1388 4567 tam
1428 4505 1773 4587 magnifica
1811 4514 1875 4569 et.
1987 4506 2129 4589 ipsi.
2166 4508 2451 4589 Denique
2483 4513 2738 4569 sanctus
2769 4506 2964 4568 David
2994 4507 3062 4567 in
3096 4514 3340 4569 tantum
3369 4526 3480 4571 no-

377 4605 683 4688 praecelsa
735 4604 1031 4685 puritatis
1082 4612 1146 4666 et
1190 4604 1568 4685 integritatis
1622 4604 1873 4686 fastigia
1987 4612 2163 4667 verat
2193 4623 2260 4666 se
2297 4603 2586 4667 obtinere
2616 4621 2742 4666 non
2775 4622 2958 4685 posse
2989 4604 3350 4687 profectum
3380 4606 3480 4667 sui

376 4703 593 4765 nullus
652 4702 832 4764 labor
885 4702 1301 4783 jejuniorum,
1351 4702 1740 4783 vigiliarum,
1792 4702 1875 4765 le·
1985 4702 2196 4785 operis
2235 4722 2308 4765 ac
2349 4702 2580 4766 laboris
2612 4702 2922 4764 industria
2953 4704 3230 4785 propria,
3266 4711 3337 4766 ut
3367 4704 3481 4765 ite-

376 4801 609 4864 ctionis
647 4808 711 4862 et
740 4799 1205 4873 abstractioni3‚
1247 4800 1716 4881 quantumlibet.
1750 4820 1876 4863 ma·
1986 4809 2121 4862 rata
2178 4819 2366 4882 prece
2423 4800 2731 4862 niteretur
2780 4802 3128 4881 promereri
3187 4801 3480 4866 directio-

374 4918 561 4981 gnus,
606 4898 839 4980 poterit
881 4916 1019 4959 esse
1064 4897 1416 4976 condignus
1460 4897 1569 4978 qui
1618 4898 1727 4961 illa
1769 4898 1877 4961 ob·
1985 4918 2134 4961 nem
2178 4916 2446 4981 operum
2491 4915 2751 4960 suorum
2795 4917 2832 4959 a
2873 4899 3164 4972 Domin0,
3209 4900 3426 4963 dicens
3461 4920 3474 4964 τ

378 4998 575 5058 tineat
626 4995 855 5057 merito
907 5013 1037 5056 suae
1088 4994 1417 5057 industriae
1465 5004 1575 5057 aut
1618 4996 1871 5059 laboris,
1988 4997 2064 5059 Et
2090 5014 2283 5078 opera
2312 5014 2621 5058 manuum
2649 5004 3008 5059 nostrarum
3048 4997 3249 5078 dirige
3289 5016 3482 5079 super
3524 5018 3774 5071 Panum,

3511 5084 3576 5124 ¹7.

418 2706 721 2762 Doctrina
749 2707 1053 2762 seniorum
1082 2706 1155 2761 de
1175 2708 1457 2778 puritate
1487 2707 1835 2763 obtinenda.

376 5094 719 5175 Nunquam
778 5092 953 5153 enim
1012 5091 1188 5155 labor
1237 5093 1554 5155 humanus
1606 5102 1713 5155 aut
1761 5096 1878 5157 hu·
1987 5113 2124 5170 nOS,
2166 5100 2230 5157 et
2271 5112 2433 5176 opus
2485 5113 2790 5156 manuum
2839 5104 3196 5157 nostrarum
3235 5096 3477 5177 dirige3

374 5211 567 5255 mana
616 5189 931 5254 industria
976 5190 1053 5253 de
1102 5190 1417 5272 condigno
1467 5191 1881 5254 merebuntur
1988 5201 2051 5255 et
2092 5212 2334 5267 rursuS‚
2369 5191 2691 5256 Confirma
2717 5192 2872 5275 boc,
2906 5195 3094 5270 Deua,
3126 5194 3294 5276 quod
3334 5212 3482 5276 ope·
3546 5214 3772 5269 namu.

374 5310 617 5355 munus
673 5289 967 5352 divinum
1022 5297 1133 5350 aut
1178 5288 1397 5370 gratias
1448 5291 1707 5364 donum,
1755 5290 1879 5353 nisi
1990 5298 2161 5353 ratus
2205 5310 2271 5353 es
2315 5291 2380 5353 in
2424 5292 2628 5354 nobis,
3507 5278 3576 5321 ²⁹·
