4359 6267
570 1778 747 1823 Mami.
766 1793 807 1831 x,

544 1844 613 1885 42.

582 2856 734 2901 Galat.
757 2871 799 2909 v,

539 2923 603 2963 ¹7.

566 3443 584 3487 l
602 3443 705 3488 Cor.
726 3458 797 3497 xv,

531 3509 599 3550 53.

531 4024 546 4069 1
563 4026 739 4079 Tim.1v,
753 4030 793 4071 8.

846 487 967 552 140

1578 507 1995 554 COLLATIONUM
2038 508 2122 553 SS.
2157 508 2402 553 PATRUM
2441 507 2617 554 LIBER
2659 508 2698 553 1.
2741 526 2824 536 —
2865 507 3151 554 COLLATIO
3193 508 3216 553 1

846 684 965 737 etc.
1017 676 1341 748 Quomodo
1387 696 1537 759 ergo
1586 679 1720 741 haec
1774 678 2144 740 auferentur
2198 698 2340 759 quae
2371 677 2423 739 A
2451 696 2570 740 one
2599 678 2975 760 acquiritur,
2995 696 3070 741 eo
3100 678 3270 760 quod
3300 675 3645 759 corporalis
3673 674 3951 737 afflictio

848 773 1259 837 introducunt
1300 776 1569 839 factores
1610 794 1757 839 suos
1798 777 1862 837 in
1905 768 2169 858 regnum
2216 795 2338 839 coe-

844 871 1051 934 lorum
1074 876 1098 935 2

1259 1117 1763 1182 CAPITULUM
1826 1119 1913 1181 X.

912 1272 1242 1344 Responsio
1272 1272 1517 1328 abbatis
1544 1275 1793 1345 Moysis,
1819 1273 1981 1345 quod
2008 1271 2266 1328 cessabit

1099 1377 1307 1418 earum
1338 1362 1521 1426 actio,
1549 1363 1653 1418 sed
1683 1378 1803 1419 non
1831 1377 2070 1419 merces.

982 1564 1351 1627 ESPONDIT
1382 1566 1623 1648 Moyses
1658 1583 1671 1627 ε
1705 1565 1832 1627 Nec
1862 1583 1977 1645 ego
2008 1564 2151 1628 dico
2182 1583 2342 1625 mer-

999 1664 1219 1726 cedem
1251 1664 1401 1727 boni
1432 1664 1643 1746 operis
1677 1662 2108 1738 auferendam,
2133 1682 2334 1745 quum

839 1760 1009 1822 idem
1058 1763 1367 1824 Dominus
1415 1763 1604 1835 dicat,
1651 1762 1769 1834 Qui
1818 1769 2041 1843 potum
2090 1760 2335 1822 dederit

2450 776 2652 858 pariat
2681 777 2970 858 quaedam
3005 776 3184 838 initia
3214 774 3563 857 spiritualis
3595 771 3950 855 profectuS‚

2450 892 2577 936 non
2644 876 2849 957 ipsam
2912 875 3192 937 caritatis
3260 874 3739 956 perfectionem,
3802 890 3953 952 quae

2450 972 2939 1053 promissionem
2979 972 3172 1035 habet
3202 972 3348 1033 vitae
3388 970 3718 1053 praesentis
3756 977 3822 1031 et
3850 967 3954 1030 fu-

2448 1076 2625 1133 turae.
2661 1071 2934 1152 Ideoque
2970 1070 3271 1133 exercitia
3307 1088 3574 1152 operum
3615 1068 3951 1150 praedicto-

2449 1186 2594 1229 rum
2625 1168 2981 1231 necessaria
3018 1187 3157 1231 esse
3196 1168 3492 1241 fatemur,
3526 1166 3832 1249 quoniam
3861 1164 3951 1227 si-

2449 1284 2529 1327 ne
2558 1267 2651 1328 eis
2683 1284 2810 1329 non
2852 1274 3060 1348 potest
3089 1267 3232 1348 quis
3263 1267 3339 1328 ad
3373 1266 3649 1328 caritatis
3686 1264 3946 1326 culmen

2447 1365 2807 1426 ascendere.
2857 1364 3059 1447 Opera
3107 1381 3360 1446 quoque
3409 1364 3664 1445 pietatis
3711 1370 3775 1425 et
3825 1362 3946 1424 mi-

2447 1462 2827 1535 sericordiae,
2869 1463 2946 1523 de
2993 1462 3227 1543 quibus
3275 1461 3546 1535 dixistis,
3587 1460 3948 1522 necessaria

2449 1568 2596 1621 sunt
2626 1568 2910 1641 tempore
2942 1561 3084 1634 isto,
3118 1560 3422 1641 quamdiu
3456 1560 3622 1621 inter
3649 1559 3946 1622 homines

2446 1665 2620 1719 tanta
2663 1659 3056 1740 inaequalitas
3100 1658 3485 1733 dominatur,
3528 1665 3746 1739 utpote
3787 1674 3948 1738 opu-

2449 1756 2644 1818 lentia
2681 1765 2744 1818 et
2773 1765 3111 1839 paupertas
3147 1776 3161 1819 ε
3196 1775 3470 1839 quorum
3502 1756 3784 1839 operatio
3815 1754 3944 1817 nisi

838 1860 949 1921 uni
981 1878 1058 1921 ex
1090 1860 1375 1922 minimis
1406 1860 1544 1922 istis
1576 1860 1839 1921 calicem
1875 1879 2055 1941 aquae
2088 1858 2332 1940 frigidae
2371 1854 2418 1915 B
2447 1862 2920 1935 exspectaretur
2963 1856 3083 1917 hoc
3134 1856 3294 1931 loen,
3327 1875 3473 1938 pars
3521 1855 3801 1917 maxima
3847 1853 3944 1915 in-

835 1964 1083 2019 tantum
1141 1958 1206 2019 in
1262 1959 1521 2020 nomine
1572 1958 1896 2039 discipuli,
1950 1976 2136 2019 amen
2191 1957 2334 2019 dico

834 2056 1039 2129 vobiS,
1092 2074 1221 2119 non
1270 2057 1490 2139 perdet
1540 2057 1900 2118 mercedem
1951 2072 2171 2133 suam3
2223 2054 2333 2116 sed

833 2152 1246 2216 auferendam
1279 2155 1421 2217 dico
1451 2154 1766 2216 actionem
1798 2172 1989 2235 quam
2024 2153 2169 2215 fieri
2202 2153 2332 2216 exi-

832 2250 926 2331 git
974 2253 1320 2333 corporalis
1372 2252 1737 2325 necessitaS,
1784 2251 1884 2313 vel
1935 2250 2332 2332 impugnatio

834 2348 1065 2423 carniS‚
1097 2356 1207 2410 aut
1238 2350 1631 2430 inaequalitas
1663 2367 1773 2410 seu
1806 2348 2121 2429 injustitia
2152 2366 2332 2409 mun-

832 2446 897 2507 di
948 2446 1159 2527 hujus.
1213 2447 1523 2519 Quoniam
1574 2446 1861 2509 lectionis
1916 2446 2219 2508 instantia
2269 2452 2332 2507 et

828 2542 1223 2624 jejuniorum
1264 2544 1533 2607 afflictio
1572 2551 1949 2607 exercentur
1982 2543 2223 2604 utiliter
2264 2542 2329 2603 in

831 2643 1129 2722 praesenti
1184 2642 1624 2704 tantummodo
1681 2641 1832 2716 vita,
1885 2640 1963 2702 ad
2022 2640 2329 2702 emunda-

829 2740 1069 2803 tionem
1130 2741 1337 2803 cordis
1397 2739 1954 2820 castigationemve
2020 2738 2325 2820 corporiS,

830 2838 1138 2917 quamdiu
1190 2856 1335 2901 caro
1384 2839 1689 2900 adversus
1748 2836 2045 2917 spiritum
2100 2852 2328 2897 concu-

830 2934 1037 3016 piscit.
1082 2935 1229 3008 Quae
1278 2942 1340 2996 et
1389 2935 1711 2996 interdum
1761 2933 2041 2995 vidimus
2089 2932 2325 2994 auferri

2446 1951 2783 2015 firmorum
2832 1972 2906 2014 ac
2957 1953 3221 2035 inopum
3273 1954 3670 2015 redundaret.
3724 1952 3800 2013 Et
3849 1952 3946 2013 in-

2445 2051 2770 2131 aequalitas
2830 2050 2939 2113 illa
2996 2070 3073 2113 ex
3132 2060 3393 2132 peccato
3447 2052 3782 2114 hominum
3844 2057 3944 2111 est

2443 2157 2659 2210 secuta
2716 2157 2780 2210 et
2837 2148 3023 2223 facta,
3073 2168 3298 2212 eorum
3345 2150 3643 2212 videlicet
3700 2148 3812 2230 qui
3872 2148 3942 2209 in

2441 2264 2588 2307 suos
2649 2254 2895 2308 tantum
2955 2256 3209 2309 vertunt
3266 2254 3328 2309 et
3385 2255 3701 2329 occupant
3759 2266 3940 2319 usuS,

2441 2363 2582 2425 quae
2630 2365 2667 2408 a
2717 2346 3042 2408 communi
3093 2346 3384 2409 Creatore
3437 2345 3736 2409 omnibus
3786 2351 3940 2407 sunt

2441 2460 2774 2522 concessa3
2815 2462 2935 2505 nec
2974 2452 3188 2506 tamen
3233 2444 3328 2507 illi
3370 2450 3712 2507 tenuerunt
3756 2450 3940 2504 uten-

2439 2537 2536 2599 da.
2590 2539 2902 2611 Quamdiu
2965 2540 3157 2620 igitur
3203 2540 3374 2621 viget
3421 2540 3489 2602 in
3549 2539 3790 2601 mundo
3843 2539 3941 2600 in-

2439 2636 2765 2717 aequalitas
2819 2638 2959 2711 ista,
3005 2645 3194 2699 erunt
3241 2656 3432 2719 opera
3481 2636 3942 2699 misericordiae

2441 2734 2622 2796 utilia
2651 2735 2994 2809 exercenti,
3017 2736 3445 2816 promerentia
3473 2735 3643 2797 bono
3670 2735 3813 2815 ejus
3841 2733 3940 2796 af—

2438 2830 2635 2893 fectui
2668 2834 2916 2914 piaeque
2948 2834 3262 2896 voluntati
3300 2834 3785 2897 retributionem
3826 2832 3937 2894 he-

2438 2930 2721 2993 reditatis
2779 2939 3047 2995 aeternae.
3103 2932 3222 2994 Sed
3283 2932 3347 2993 in
3399 2931 3614 2994 futuro
3673 2931 3932 3003 saeculo,

827 3032 1020 3093 etiam
1052 3033 1117 3093 in
1150 3032 1447 3113 praesenti
1478 3030 1557 3093 ab
1588 3032 1689 3093 his
1722 3031 1829 3113 qui
1874 3029 2115 3111 fatigati
2146 3038 2328 3091 erant
2364 3034 2407 3097 C
2439 3028 2754 3108 parilitate
2799 3036 3122 3109 regnante,
3160 3029 3520 3102 cessabunt,
3553 3048 3754 3111 quum
3803 3047 3936 3091 non

827 3128 1028 3191 nimio
1078 3129 1312 3203 labore,
1365 3136 1475 3191 aut
1532 3130 1732 3204 senio,
1784 3136 1893 3191 aut
1950 3128 2326 3209 aegritudine

828 3228 1162 3310 corporali,
1196 3246 1315 3290 nec
1354 3246 1539 3310 posse
1570 3246 1644 3290 ea
1680 3227 1761 3289 ab
1790 3227 2048 3290 homine
2084 3226 2326 3307 jugiter

826 3325 1107 3388 exerceri
1132 3343 1146 3388 :
1169 3333 1407 3408 quanto
1439 3325 1640 3406 magis
1678 3326 1811 3387 haec
1844 3324 1909 3385 in
1941 3323 2158 3387 futuro
2191 3343 2324 3387 ces-

826 3423 1079 3498 sabunt,
1130 3442 1331 3505 quum
1390 3422 1805 3504 corruptibile
1862 3422 1983 3484 hoc
2046 3422 2326 3485 induerit

826 3519 1765 3604 incorruptionem,corpusque
1797 3519 1965 3582 istud
1996 3539 2167 3582 nunc
2198 3520 2330 3582 ani·

826 3618 989 3681 male
1020 3620 1367 3681 surrexerit
1396 3618 1749 3701 spirituale,
1782 3624 1847 3680 et
1880 3618 2147 3700 coeperit
2178 3637 2324 3682 caro

823 3734 962 3777 esse
993 3717 1135 3778 talis
1177 3724 1405 3779 utnon
1445 3715 1723 3798 amplius
1766 3723 1984 3778 contra
2024 3715 2321 3797 spiritum

823 3814 1251 3895 concupiscat.
1286 3815 1374 3876 De
1418 3814 1653 3895 quibus
1703 3831 1957 3895 quoque
2002 3814 2321 3877 exercitiis

823 3912 1045 3975 beatus
1093 3912 1431 3994 Apostolus
1487 3911 1821 3974 manifeste
1882 3911 2251 3993 pronuntiat
2303 3929 2317 3974 :

825 4010 1181 4093 Corporalis
1226 4009 1596 4073 exercitatio
1640 4009 1719 4071 ad
1768 4009 2093 4071 modicum
2142 4009 2320 4071 utilis

821 4118 951 4189 est3
985 4109 1186 4191 pietas
1224 4116 1438 4170 autem
1468 4108 1639 4189 (quae
1678 4108 1815 4169 sine
1855 4106 2051 4169 dubio
2093 4108 2319 4169 caritas

2435 3124 2628 3188 fuerit
2677 3126 3070 3209 inaequalitas
3114 3137 3372 3209 propter
3415 3146 3608 3209 quam
3650 3127 3786 3190 haec
3829 3128 3938 3189 de-

2437 3223 2626 3285 beant
2683 3226 3000 3305 exerceri3
3051 3226 3161 3287 sed
3221 3225 3434 3287 cuncti
3483 3224 3670 3287 electi
3729 3232 3933 3288 trans-

2436 3321 2620 3383 ibunt
2647 3332 2953 3404 perpetua
2991 3324 3201 3386 cordis
3241 3324 3514 3405 puritate
3553 3323 3632 3385 ad
3671 3323 3930 3405 plenam

2435 3418 2546 3480 Dei
2576 3419 2981 3483 dilectionem
3012 3421 3503 3505 divinarumque
3533 3440 3748 3484 rerum
3779 3439 3932 3485 con-

2433 3517 2910 3599 templationem
2967 3519 3048 3580 ab
3106 3519 3225 3580 hac
3281 3519 3646 3601 operatione
3707 3520 3930 3582 multi-

2431 3614 2584 3695 plici
2634 3616 2780 3679 vitae
2826 3617 3066 3681 activae.
3121 3617 3236 3680 Cui
3284 3617 3546 3699 puritati
3595 3617 3930 3700 elegerunt

2430 3732 2497 3775 se
2526 3715 2704 3777 omni
2733 3723 2963 3778 conatu
2991 3734 3065 3778 ac
3095 3716 3341 3779 viribus
3373 3716 3759 3799 mancipare,
3779 3734 3931 3779 con-

2429 3812 2635 3875 stituti
2665 3813 2872 3875 adhuc
2903 3814 2969 3876 in
3009 3814 3240 3877 saeculo
3271 3815 3412 3890 iste,
3444 3816 3513 3878 hi
3545 3815 3783 3897 quibus
3814 3833 3930 3877 cu-

2429 3928 2498 3972 ra
2525 3919 2622 3973 est
2661 3912 2952 3975 insistere
2991 3912 3272 3975 scientiae
3311 3912 3568 3975 salutari
3607 3913 3711 3977 vel
3751 3932 3934 3976 men-

2429 4008 2508 4069 tis
2561 4010 2998 4073 emundationi
3041 4027 3056 4072 t
3097 4011 3471 4092 deputantes
3517 4030 3586 4073 se
3635 4012 3808 4094 ipsos
3857 4012 3928 4074 in

2429 4124 2618 4169 carne
2675 4108 3078 4189 corruptibili
3126 4108 3364 4189 positos
3413 4108 3507 4171 illi
3555 4107 3799 4184 officio,
3852 4110 3924 4172 in

818 4207 1224 4288 intelligitur)
1270 4207 1346 4269 ad
1396 4206 1611 4269 omnia
1659 4206 1837 4267 utilis
1887 4212 2004 4278 est,
2047 4206 2317 4287 promis-
2347 4216 2397 4277 D
2429 4223 2554 4285 quo
2585 4206 2990 4288 corruptione
3029 4206 3335 4288 deposita,
3369 4206 3750 4269 aeternaliter
3778 4226 3926 4289 per-

816 4305 1061 4368 sionem
1103 4305 1343 4366 habens
1382 4304 1527 4367 vitae
1566 4324 1707 4386 quae
1746 4322 1919 4365 nunc
1960 4310 2077 4377 est,
2110 4311 2174 4364 et
2218 4304 2318 4366 fu-

814 4409 991 4465 turae.
1026 4402 1173 4475 Quae
1212 4420 1361 4482 ergo
1399 4402 1634 4464 dicitur
1662 4402 1740 4463 ad
1773 4402 2097 4463 modicum
2137 4402 2315 4465 utilis

812 4518 973 4575 esse,
1008 4499 1344 4562 manifeste
1386 4500 1690 4562 asseritur
1732 4518 1859 4563 non
1903 4517 2089 4581 posse
2134 4501 2312 4563 omni

811 4606 1099 4680 tempore
1143 4598 1445 4673 exerceri,
1479 4616 1597 4659 nec
1640 4617 1751 4679 per
1784 4617 1849 4659 se
1894 4598 2093 4660 solam
2126 4616 2314 4680 posse

812 4696 1271 4779 perfectionem
1332 4695 1642 4758 laboranti
1703 4696 2010 4759 conferre.
2068 4697 2313 4779 Nempe

811 4795 981 4876 quod
1026 4794 1136 4868 ait,
1188 4794 1526 4868 Modicum,
1579 4802 1787 4876 potest
1835 4795 1914 4856 ad
1964 4802 2312 4876 utrumque

810 4892 1035 4955 referri
1070 4910 1084 4953 :
1118 4893 1240 4955 hoc
1284 4899 1399 4966 est,
1438 4892 1516 4954 ad
1562 4892 1865 4973 temporis
1907 4892 2307 4965 brevitatem,

811 4990 981 5072 quod
1038 4990 1285 5053 scilicet
1341 4989 1709 5055 exercitatio
1767 4990 2113 5071 corporalis
2172 5008 2311 5052 esse

812 5106 940 5151 non
983 5088 1183 5169 possit
1224 5088 1473 5161 homini
1516 5094 1825 5149 coaeterna
1868 5095 1997 5149 tam
2043 5088 2108 5149 in
2154 5108 2312 5169 prae-

813 5188 977 5251 senti
1016 5206 1208 5268 quam
1241 5185 1307 5247 in
1348 5185 1605 5263 futur03
1640 5185 1737 5247 vel
1781 5194 1950 5247 certe¹
1990 5187 2067 5247 ad
2109 5187 2313 5267 parvi-

774 5295 1007 5349 ·tatcm
1047 5283 1335 5345 utilitatis
1380 5304 1522 5365 quae
1561 5284 1639 5345 dc
1679 5283 1915 5346 carnali
1956 5284 2312 5346 exercitati—

2428 4303 2798 4378 manebunt,
2833 4304 3274 4385 pervenientes
3312 4305 3391 4366 ad
3429 4305 3926 4387 promissionem

2427 4401 2786 4477 SalvatoriS,
2820 4421 2947 4483 qua
2983 4402 3216 4464 dicitur
3249 4418 3262 4463 ε
3297 4403 3470 4464 Beati
3507 4403 3748 4468 mundo
3785 4421 3924 4467 cor·
3961 4426 4258 4478 uanas-,a

2426 4498 2525 4574 de,
2571 4500 2873 4580 quoniam
2919 4500 3040 4582 ipsi
3082 4500 3282 4563 Deum
3326 4500 3654 4563 videbunt.

2835 4753 3336 4817 CAPITULUM
3379 4753 3498 4817 XI.

2735 4892 2822 4946 De
2866 4892 3152 4948 caritatis
3184 4893 3616 4964 perpetuitate.

2567 5088 2612 5149 T
2655 5088 2810 5170 quid
2861 5089 3179 5151 miramini
3225 5090 3397 5172 quod
3438 5108 3632 5172 opera
3679 5090 3932 5155 miseri-

2585 5187 2815 5249 cordiae
2851 5186 2984 5268 jam
3023 5187 3284 5268 praesata
3325 5189 3686 5263 cessabunt,
3718 5210 3930 5272 quum

2427 5292 2684 5348 sanctus
2714 5284 3051 5366 Apostolus
3091 5285 3326 5348 scribat
3359 5288 3552 5349 etiam
3589 5288 3929 5353 sublimio-
