4359 6267
895 473 1018 537 236
1589 489 2006 536 connitum-mu
2049 489 2134 534 ss.
2170 488 2414 534 runnu
2456 488 2631 534 unna
2672 490 2711 533 1.
2756 507 2837 517 —
2877 489 3165 536 commo
3204 491 3315 536 vm

894 660 987 723 eis
1026 660 1198 724 diem
1241 660 1334 722 rei
1375 667 1588 741 gestae,
1631 658 1948 722 fatebatur
1990 677 2057 721 se
2101 665 2256 721 tunc
2295 657 2392 720 fu-
2420 657 2473 720 A
3382 659 3389 664 ”

893 759 1018 821 isse
1048 759 1463 822 amarissimis
1495 758 1938 840 cogitationum
1969 757 2249 820 stimulis
2280 756 2393 818 im·
2878 706 3382 771 CAPITULUM
3424 708 3611 772 XXI·

893 865 1265 941 pugnatum.
1315 859 1448 931 Quo
1491 857 1930 939 experimento
1972 856 2036 918 B.
2076 854 2389 918 Antonius
2778 854 3016 912 Salutio
3055 856 3281 927 primoe
3324 856 3701 928 quoestionis.

891 957 1271 1039 approbavit
1341 975 1414 1018 ac
1488 955 1939 1018 determinavit
2006 954 2387 1017 sententiam

891 1074 1084 1137 quam
1134 1057 1200 1118 in
1251 1054 1632 1139 praecedenti
1694 1054 2028 1118 collatione
2089 1054 2385 1135 deprom-
2620 1052 2920 1116 ERENUS
2954 1071 2967 1114 :
3000 1054 3166 1116 Duas
3206 1054 3585 1136 quaestiones
3624 1071 3754 1116 non
3794 1053 3990 1115 medi-

893 1154 1138 1236 psimus
1174 1175 1188 1219 :
1224 1162 1398 1236 puta,
1433 1154 1603 1237 quod
1643 1154 1960 1216 daemones
1992 1170 2119 1215 non
2150 1158 2389 1234 queant
2636 1168 2815 1213 ocres
2847 1152 3285 1234 proposuistiS,
3303 1154 3379 1214 ad
3410 1172 3568 1234 quas
3597 1169 3715 1234 pro
3742 1151 3990 1214 viribus

891 1253 1189 1315 invadere
1224 1271 1455 1334 corpus
1485 1252 1759 1332 alicujus
1790 1259 1898 1313 aut
1930 1257 2233 1324 mentem,
2268 1267 2385 1311 nec
2496 1249 2910 1331 respondebo.
2948 1250 3023 1312 Et
3054 1251 3262 1332 primo
3299 1250 3377 1313 ad
3416 1252 3709 1333 primam.
3742 1251 3989 1332 Nequa-

890 1350 1163 1413 habeant
1212 1350 1581 1413 facultatem
1641 1350 1924 1412 irruendi
1985 1349 2050 1410 in
2104 1349 2383 1411 animam
2494 1366 2688 1429 quam
2736 1348 3124 1411 credendum
3176 1358 3273 1412 est
3320 1350 3683 1433 spirituales
3728 1357 3987 1412 naturas

889 1451 1167 1513 hominis
1208 1449 1694 1532 cujuscumque,
1738 1449 1860 1511 nisi
1902 1449 2080 1530 prius
2120 1448 2384 1510 destitu-
2493 1463 2679 1528 posse
2718 1466 2868 1509 cum
2908 1446 3167 1510 feminis
3208 1448 3377 1510 coire
3413 1448 3769 1510 carnaliter.
3814 1448 3893 1509 Et
3934 1447 3986 1509 si

886 1549 1052 1612 erint
1081 1568 1221 1611 eam
1254 1549 1552 1612 omnibus
1591 1547 2082 1629 cogitationibus
2120 1546 2379 1621 sanctiS,
2491 1545 2610 1607 hoc
2653 1545 2996 1627 aliquando
3032 1547 3111 1609 ad
3152 1546 3427 1608 litteram
3466 1546 3611 1608 sieri
3650 1547 3984 1628 potuisset,

887 1654 949 1708 et
998 1647 1235 1709 nudam
1285 1664 1678 1727 vacuamque
1729 1645 2121 1707 reddiderint
2167 1663 2205 1706 a
2254 1645 2380 1726 spi-
2490 1662 2685 1725 quare
2735 1645 2927 1706 etiam
2978 1645 3167 1707 modo
3210 1662 3336 1707 non
3380 1662 3546 1727 saepe
3592 1645 3988 1726 contingeret

886 1745 1100 1807 rituali
1132 1745 1686 1827 contemplatione.
1717 1745 2168 1806 Verumtamen
2200 1759 2382 1822 agno·
2492 1750 2561 1803 ut
2591 1761 2996 1805 cerneremus
3027 1742 3275 1824 aliquos
3306 1743 3383 1805 de
3420 1750 3730 1825 conceptu
3762 1744 3990 1806 daemo-

885 1844 1190 1905 scendum
1241 1844 1410 1925 quod
1461 1843 1724 1925 spiritus
1769 1840 2083 1904 immundi
2129 1841 2378 1903 duobus
2415 1842 2462 1905 B
2493 1859 2645 1901 num
2695 1860 2773 1902 ex
2824 1839 3199 1902 mulieribus
3242 1841 3417 1903 nasci
3458 1841 3699 1922 absque
3740 1842 3987 1906 semine

885 1942 1090 2003 modis
1130 1940 1438 2004 obediunt
1477 1941 1722 2003 homini
1758 1959 1772 2001 ε
1806 1947 1916 2002 aut
1947 1939 2121 2001 enim
2162 1939 2379 2000 divina
2488 1945 2553 2000 et
2582 1939 2752 2001 coitu
2784 1940 2947 2000 viri-3
2979 1941 3329 2022 praesertim
3358 1959 3557 2022 quum
3591 1947 3839 2003 constet
3868 1941 3985 2004 dae-

882 2041 1084 2122 gratia
1131 2059 1204 2102 ac
1253 2041 1486 2102 virtute
1535 2039 1898 2102 subduntur
1941 2037 2258 2100 sanctitati
2305 2036 2379 2099 fi·
2493 2053 2711 2098 mones
2768 2037 3112 2100 admodum
3170 2037 3472 2100 delectari
3530 2039 3712 2100 sorde
3774 2038 3985 2100 libidi-

881 2139 1145 2213 delium,
1188 2147 1297 2201 aut
1345 2137 1593 2200 deliniti
1641 2136 1979 2199 sacrificiis
2029 2137 2376 2218 impiorum
2490 2154 2668 2208 num,
2702 2154 2859 2217 quas
2899 2137 3123 2218 procul
3160 2136 3356 2200 dubio
3396 2137 3658 2199 mallent
3686 2155 3983 2200 exercere

881 2255 993 2300 seu
1025 2236 1408 2319 quibusdam
1441 2235 1802 2298 carnalibus
1834 2235 2046 2309 rebuS,
2075 2243 2375 2317 tanquam
2492 2252 2605 2314 per
2634 2252 2700 2295 se
2732 2234 2903 2315 ipsos
2935 2253 3127 2317 quam
3157 2254 3271 2318 per
3300 2235 3612 2308 homines,
3636 2237 3689 2297 si
3723 2235 3787 2297 id
3816 2245 3986 2298 esset

879 2335 1307 2398 familiaribus
1337 2334 1677 2396 adulantur
1704 2333 1946 2396 eisdem
1973 2351 1989 2412 ;
2022 2333 2243 2415 sicque
2272 2335 2377 2395 de-
2490 2330 2815 2412 possibile,
2862 2351 3062 2414 quum
3108 2333 3516 2396 Ecclesiastes
3558 2334 3935 2415 pronuntiet
3964 2353 3979 2398 :

881 2435 1045 2518 cepti
1077 2434 1370 2497 Pharisaei
1400 2433 1870 2496 arbitrabantur
1895 2432 2235 2495 Dominum
2266 2433 2381 2494 sal·
2489 2430 2648 2502 Quid
2690 2439 2782 2492 est
2823 2432 2993 2513 quod
3032 2430 3193 2493 suit?
3230 2431 3441 2514 ipsum
3481 2433 3651 2514 quod
3690 2431 3982 2494 futurum
4024 2454 4246 2503 secuto,

881 2541 1162 2596 vatorem
1212 2532 1329 2595 hac
1378 2539 1511 2594 arte
1559 2531 1907 2614 imperasse
1955 2531 2373 2607 damonibus,
2489 2535 2625 2607 est;
2667 2535 2731 2590 et
2769 2529 2925 2610 quid
2974 2536 3070 2591 est
3108 2528 3277 2611 quod
3318 2529 3554 2592 factum
3595 2533 3731 2592 est?
3767 2530 3983 2612 ipsum
4014 2521 4076 2559 ¹⁰·

590 2641 852 2692 matth-¹¹¹.
881 2631 1164 2694 dicentes
1218 2650 1231 2695 :
1285 2633 1354 2693 ln
1402 2629 1756 2693 Beelzebub
1805 2629 2096 2711 principe
2146 2631 2376 2692 daemo-
2489 2627 2658 2708 quod
2688 2627 2845 2706 fiet3
2887 2635 2950 2689 et
2991 2645 3118 2690 non
3160 2635 3255 2689 est
3292 2629 3551 2710 aliquod
3590 2647 3831 2692 novum
3862 2629 3985 2691 sub

589 2707 659 2750 ²⁴·
883 2730 1158 2804 niorum,
1193 2737 1349 2808 etc.;
1378 2728 1561 2809 juxta
1599 2728 1774 2789 illam
1814 2727 2114 2789 videlicet
2154 2745 2379 2790 consu·
2490 2726 2641 2797 sole,
2674 2733 2737 2788 et
2765 2734 2991 2788 cetera.
3028 2727 3148 2789 Sed
3188 2727 3456 2808 quaestio
3492 2735 3703 2789 vestra
3740 2728 3836 2789 sic
3866 2727 3988 2790 sol-

880 2827 1206 2890 etudinem
1238 2846 1366 2910 qua
1393 2833 1700 2890 noverant
1730 2833 1972 2888 ceteros
2002 2844 2212 2906 magos
2242 2825 2376 2888 sive
2488 2823 2677 2885 vitur.
2731 2823 2952 2886 Occiso
3001 2824 3159 2887 Abel
3203 2824 3401 2906 justo,
3454 2833 3639 2887 natus
3688 2833 3785 2887 est
3834 2825 3983 2888 Seth

883 2927 1549 3009 maleficOS,tanquam
1581 2924 1978 2998 domesticos,
2000 2932 2375 3006 potestatem
2490 2922 2627 2985 loco
2677 2922 2871 2996 illius,
2907 2923 3015 3004 qui
3061 2923 3369 2986 successit
3417 2943 3544 2987 non
3588 2925 3797 2986 solum
3842 2943 3985 3006 per-

879 3023 1112 3086 habere
1145 3024 1211 3086 in
1241 3025 1560 3087 daemones
1593 3021 1871 3104 principi
1913 3021 2374 3084 daemoniorum
2409 3021 2451 3082 C
2486 3037 2655 3083 sonae
2704 3020 2915 3083 fratris
2966 3021 3285 3095 exstincti,
3328 3023 3440 3085 sed
3476 3023 3670 3085 etiam
3716 3023 3985 3104 justitiae

876 3121 1220 3203 subjectos,
1247 3140 1358 3203 per
1391 3120 1859 3183 invocationem
1890 3119 2091 3200 ipsius
2121 3128 2233 3182 aut
2261 3138 2375 3202 per
2484 3125 2546 3179 et
2590 3117 2808 3200 pietati
2850 3118 3163 3198 ejusdem,
3197 3137 3279 3181 ne
3319 3127 3605 3182 ceterum
3644 3138 3834 3183 omne
3872 3121 3983 3184 ho·

871 3221 1068 3283 ritum
1100 3219 1569 3283 sacrificiorum
1601 3236 1729 3301 quo
1757 3237 1906 3280 eum
1942 3218 2241 3280 delectari
2274 3236 2373 3281 co-
2487 3216 2733 3278 minum
2776 3235 2977 3298 genus
3020 3216 3283 3280 haberet
3319 3219 3651 3282 exordium
3696 3239 3733 3282 a
3778 3218 3986 3281 fratri-

871 3327 1202 3400 gnoscunt.
2484 3315 2625 3376 cida
2661 3333 2735 3377 ac
2776 3315 2976 3396 impio
3016 3315 3187 3379 Cain.
3223 3317 3410 3380 Porro
3450 3318 3787 3399 posteritas
3830 3317 3983 3380 Seth

2482 3431 2755 3494 sequens
2816 3413 3011 3495 patris
3074 3414 3173 3476 sui
3228 3415 3567 3496 justitiam,
3628 3416 3985 3497 permansit

2481 3529 2735 3594 semper
2773 3512 2977 3575 divisa
3015 3531 3052 3574 a
3088 3513 3385 3576 societate
3424 3522 3487 3576 et
3527 3515 3981 3596 conjunctione

1257 3572 1762 3637 CAPITULUM
1824 3573 1977 3635 XX·
2482 3610 2865 3691 posteritatis
2916 3629 2993 3673 ex
3037 3610 3189 3674 Cain
3240 3612 3547 3693 sacrilego
3589 3613 3980 3677 descenden-

873 3721 1286 3793 Inter-rogatio
1333 3721 1406 3777 de
1449 3721 1750 3793 apostatis
1801 3719 2059 3791 angelis,
2107 3719 2219 3792 qui
2271 3719 2368 3775 di·
2478 3707 2582 3782 tis,
2626 3709 3163 3790 quemadmodum
3208 3710 3590 3792 genealogiae
3633 3712 3980 3795 descriptio

943 3817 1165 3866 cuntur
1212 3811 1281 3866 in
1327 3810 1539 3866 Genesi
1591 3826 1724 3866 cum
1766 3808 2019 3881 filiabus
2063 3809 2368 3864 hominum
2480 3807 2701 3888 pandit
2747 3807 3093 3881 evidenter,
3138 3808 3407 3871 dicendo
3449 3826 3463 3871 ε
3506 3810 3705 3872 Adam
3754 3812 3981 3891 genuit
4010 3829 4253 3884 cenam-1„
4287 3857 4288 3892 3

941 3900 1332 3957 concubui8⁸e
1369 3899 1711 3956 connubii&
2480 3906 2652 3981 Seth,
2694 3906 2844 3968 Seth
2888 3906 3109 3987 genuit
3148 3907 3336 3982 Enos‚
3370 3907 3537 3971 Enos
3576 3909 3799 3990 genuit
3838 3910 3977 3974 Cai-
4004 3893 4103 3934 '³¹¹¹‘

2478 4025 2626 4081 nan,
2671 4005 2906 4070 Cainan
2946 4005 3168 4086 genuit
3206 4006 3509 4080 Malaleel,
3551 4008 3832 4072 Malaleel
3873 4029 3981 4092 ge-

1016 4104 1377 4168 ERMANUS
1430 4121 1444 4166 :
1501 4103 1808 4177 Quoniam
1865 4102 2157 4183 allegatio
2219 4102 2365 4164 libri
2479 4106 2621 4167 nuit
2674 4105 2878 4180 Jared,
2938 4105 3119 4167 Jared
3176 4105 3397 4186 genuit
3456 4106 3693 4182 Enoch,
3754 4107 3977 4172 Enoch

1045 4203 1327 4276 Genesis,
1362 4203 1490 4264 Deo
1528 4201 1622 4262 sic
1661 4201 2016 4274 ordinante,
2061 4200 2126 4261 in
2169 4201 2367 4262 medi·
2398 4208 2447 4269 D
2477 4203 2697 4283 genuit
2724 4202 3587 4277 Mathusalem,Mathusalem
3617 4207 3843 4286 genuit
3868 4207 3981 4270 La-

874 4321 985 4365 um
1016 4309 1113 4364 est
1143 4301 1404 4383 prolata,
1436 4319 1577 4382 quae
1616 4318 1732 4363 nos
1770 4306 2128 4382 opportune
2156 4299 2370 4361 admo-
2481 4301 2688 4375 mech,
2720 4301 2992 4363 Lamech
3027 4301 3249 4382 genuit
3277 4302 3425 4365 Noe.
3462 4301 3840 4386 Genealogia
3870 4325 3979 4368 ve-

874 4400 1017 4462 nuit
1055 4406 1125 4460 ut
1164 4417 1335 4460 nunc
1372 4404 1517 4479 apte
1557 4398 1960 4460 sciscitemur
1998 4395 2168 4479 quod
2210 4415 2370 4459 sem·
2478 4419 2549 4464 ro
2581 4399 2731 4463 Cain
2762 4400 2853 4462 sic
2885 4399 3092 4462 divisa
3120 4401 3541 4466 describitur:
3568 4402 3721 4465 Cain
3751 4404 3981 4483 genuit
4022 4425 4257 4474 rasam:-
4287 4473 4288 4476 Ἴ

876 4518 991 4581 per
1049 4498 1292 4559 discere
1352 4496 1772 4579 cupiebamus
1827 4517 1840 4561 :
1895 4496 2051 4579 quid
2103 4498 2180 4559 de
2241 4497 2368 4560 illis
2481 4498 2719 4571 Enoch,
2756 4498 2968 4560 Enoch
2999 4499 3221 4580 genuit
3250 4499 3571 4573 Irad,Irad
3601 4500 3823 4581 genuit
3854 4502 3980 4564 Ma·
4006 4490 4076 4531 ²¹·
4287 4495 4288 4518 l

874 4595 1177 4678 apostatis
1210 4594 1454 4676 angelis
1497 4593 1903 4656 sentiendum
1934 4594 2038 4668 sit,
2072 4601 2368 4676 optamus
2480 4597 2665 4670 viael,
2699 4597 2958 4658 Maviael
2987 4597 3210 4678 genuit
3238 4597 3603 4672 Mathusael,
3626 4599 3977 4663 Mathusael

863 4712 1271 4777 cognoscere,
1290 4693 1402 4774 qui
1431 4710 1498 4754 se
1530 4691 1865 4754 miscuisse
1895 4692 2197 4754 dicuntur
2222 4712 2369 4755 cum
2480 4695 2701 4776 genuit
2747 4694 3041 4769 Lamech,
3092 4693 3364 4757 Lamech
3414 4696 3634 4775 genuit
3679 4697 3855 4760 Jabel
3914 4707 3983 4762 et

876 4793 1138 4857 filiabus
1186 4791 1546 4864 hominum,
1593 4797 1810 4851 utrum
1859 4790 1977 4852 hoc
2028 4791 2230 4872 possit
2277 4811 2371 4854 se-
2481 4792 2682 4856 Jubal.
2728 4793 3061 4855 Posteritas
3106 4791 3317 4874 itaque
3358 4800 3504 4855 nata
3544 4813 3622 4856 ex
3662 4794 3811 4857 Seth
3850 4797 3983 4860 sibi

879 4892 1162 4955 cundum
1206 4891 1481 4953 litteram
1529 4887 1869 4952 convenire
1912 4888 2228 4970 spirituali
2272 4910 2376 4952 na-
2487 4898 2710 4953 mutuo
2751 4890 2988 4954 sociata
3026 4909 3099 4952 ac
3144 4891 3693 4955 matrimonialiter
3730 4893 3983 4975 juncta,

881 5000 1058 5054 turae.
1107 4989 1413 5052 Similiter
1459 4987 1892 5050 desideramus
1939 4988 2158 5050 audire
2207 4990 2376 5070 quod
2488 4990 2837 5072 permansit
2878 4989 3061 5070 longa
3098 4997 3279 5052 aetate
3320 4990 3385 5051 in
3426 4999 3678 5073 patrum
3719 5011 3988 5057 suorum

603 5111 858 5163 Joannsm,
886 5108 963 5152 ex
1011 5087 1352 5169 Evangelio
1401 5086 1478 5148 de
1528 5084 1780 5147 diabolo
1826 5084 2108 5166 allegasti
2156 5103 2170 5147 :
2224 5087 2381 5160 Quia
2488 5107 2561 5150 ac
2592 5089 2757 5151 atavi
2792 5089 3145 5162 sanctitate,
3180 5107 3585 5171 nequaquam
3626 5089 3862 5153 infecta
3893 5113 3991 5155 sa-

592 5177 661 5216 “·
889 5189 1159 5252 mendax
1197 5193 1293 5249 est
1331 5194 1396 5248 et
1432 5192 1612 5266 pater
1650 5183 1827 5264 ejus3
1866 5183 2161 5265 quisnam
2203 5185 2383 5248 intel·
2494 5187 2753 5267 crilegio
2781 5193 2891 5248 aut
2922 5185 3165 5247 malitia
3193 5185 3601 5268 nequissimae
3632 5188 3831 5269 prolis
3869 5209 3987 5254 scu

887 5287 1176 5369 ligandus
1219 5285 1303 5348 sit
1347 5293 1525 5366 pater
1563 5282 1724 5363 ejus.
2495 5284 2729 5347 sobolis
2780 5283 2955 5358 Cain,
2996 5303 3137 5365 quae
3186 5283 3535 5367 impietatis
3575 5304 3839 5366 germen
3888 5308 3987 5352 r&
