4359 6267
1035 509 1452 558 COLLATIONUM
1493 511 1580 556 SS.
1616 509 1862 556 PATRUM
1902 509 2077 556 LIBER
2117 509 2157 554 1.
2204 527 2285 536 —
2326 507 2611 556 COLLATIO
2652 508 2738 553 vn

3313 488 3434 554 213

357 686 461 741 tur.
509 678 897 745 inflammati
959 683 1152 765 igitur
1209 699 1462 746 summo
1519 679 1836 742 desiderio
1863 679 1915 742 A
1944 679 2315 761 desperetur
2360 699 2397 741 a
2443 677 2648 741 nobis.
2698 678 2813 740 Per
2862 677 3111 758 singula
3158 693 3433 756 namque

360 777 689 841 collationis
730 780 889 842 tanti
933 780 1203 855 abbatis,
1238 781 1302 842 in
1345 778 1834 859 Quadragesima

357 894 484 938 eum
523 878 931 941 accessimus,
975 878 1090 952 Qui
1136 898 1334 961 quum
1387 879 1835 958 interrogasset

357 992 454 1036 nos
498 977 1025 1058 tranquillissima
1069 996 1226 1041 voce
1269 978 1346 1040 de
1389 984 1555 1039 statu
1599 975 1833 1056 cogita-

355 1072 577 1135 tionum
636 1083 997 1138 nostrarum
1054 1083 1118 1138 et
1174 1075 1494 1139 interioris
1551 1073 1831 1136 hominis

354 1179 519 1245 statu,
544 1180 654 1234 aut
687 1173 840 1255 quid
880 1173 1186 1238 habitatio
1225 1175 1424 1237 eremi
1464 1181 1640 1236 tanto
1673 1179 1830 1233 tem-

355 1287 488 1350 pore
523 1270 898 1334 contulisset
940 1273 1126 1335 nobis
1165 1274 1244 1336 ad
1283 1271 1578 1356 puritatis
1623 1269 1830 1354 profe-

355 1375 530 1443 ctum,
565 1369 1011 1452 respondimus
1052 1372 1113 1433 ei
1153 1370 1572 1454 querimoniis
1609 1368 1768 1434 istis,

727 1626 1233 1691 CAPITULUM
1298 1627 1420 1690 III.

507 1763 837 1836 Responsio
866 1767 940 1822 de
969 1765 1380 1823 instabilitate
1408 1766 1652 1822 animoe.

459 1962 882 2027 OMPL'TATIO
927 1983 1038 2026 seu
1089 1963 1473 2025 diuturnitas
1519 1963 1825 2045 temporis

475 2059 902 2143 habitatioque
941 2062 1197 2136 deserti,
1233 2081 1308 2124 ex
1350 2063 1584 2145 quibus
1626 2061 1826 2143 conji-

352 2158 430 2219 cis
473 2158 764 2222 debuisse
824 2178 939 2223 nos
999 2161 1304 2242 consequi
1363 2159 1824 2243 perfectionem

350 2255 608 2319 hominis
645 2258 990 2333 interioriS,
1023 2259 1144 2320 hoc
1177 2258 1386 2322 solum
1417 2259 1685 2322 contulit
1719 2278 1826 2322 no-

351 2352 457 2428 bis,
497 2363 566 2417 ut
613 2356 1002 2418 disceremus
1053 2357 1208 2438 quid
1261 2376 1398 2420 esse
1445 2374 1571 2419 non
1620 2358 1827 2420 valea-

352 2471 497 2525 muS,
528 2471 650 2516 non
681 2461 887 2518 tamen
928 2455 1082 2517 fecit
1112 2473 1224 2517 nos
1259 2473 1398 2518 esse
1432 2455 1650 2538 quales
1687 2474 1824 2518 esse

351 2559 638 2632 optamus.
671 2552 811 2616 Non
855 2553 1028 2615 enim
1073 2553 1366 2626 videmus
1415 2571 1530 2616 nos
1578 2573 1827 2616 assecu-

349 2657 434 2710 tos
473 2650 661 2712 fixam
711 2651 1124 2714 stabilitatem
1171 2651 1541 2715 desideratae
1591 2653 1828 2733 purita-

349 2747 440 2821 tis,
457 2757 560 2810 aut
587 2749 779 2811 robur
807 2750 1066 2832 aliquod
1095 2749 1444 2824 firmitatis,
1467 2758 1577 2812 aut
1607 2751 1822 2812 lumen

350 2847 628 2922 scientiae,
661 2849 770 2911 sed
813 2848 1018 2911 solum
1061 2857 1400 2928 augmenta
1430 2849 1823 2912 confusionis

348 2952 518 3027 atque
559 2946 837 3029 pudoris,
883 2947 1090 3020 Quum
1139 2948 1313 3010 enim
1362 2948 1646 3010 studium
1689 2966 1823 3010 om-

348 3042 511 3105 nium
551 3045 780 3107 artium
823 3045 901 3107 ad
947 3045 1066 3108 hoc
1106 3053 1474 3108 exerceatur
1511 3045 1819 3127 quotidie,
1861 3053 1904 3115 G

349 3147 410 3201 ut
443 3160 476 3202 a
513 3143 774 3225 trepidis
820 3143 1200 3206 rudimentis
1249 3144 1326 3206 ad
1376 3151 1612 3206 certam
1664 3145 1824 3207 noti-

348 3238 485 3301 tiam
525 3241 942 3324 stabilemque
983 3241 1277 3324 peritiam
1319 3259 1632 3317 crescem,
1667 3242 1824 3304 inci·
1893 3277 1900 3284 ·

347 3339 465 3419 piat
493 3359 670 3404 nosse
700 3361 843 3424 quae
875 3350 1022 3405 ante
1060 3341 1358 3424 ambigue
1398 3351 1678 3417 noverat,
1711 3351 1822 3404 aut

347 3438 576 3517 penitus
619 3440 969 3521 ignorabat,
1001 3440 1321 3524 firmoque
1361 3442 1556 3523 gradu
1602 3460 1818 3524 proce-

345 3534 506 3612 denS,
535 3546 819 3602 versetur
849 3538 915 3601 in
946 3540 1249 3621 qualitate
1279 3541 1432 3602 artis
1472 3540 1645 3603 illius
1677 3560 1818 3623 per-

345 3631 494 3696 fecte
539 3645 596 3698 et
637 3637 776 3699 sine
827 3637 957 3699 ulla
1003 3637 1422 3718 difficultate3
1465 3639 1818 3703 econtrario

344 3751 448 3814 ego
482 3734 548 3797 in
579 3737 794 3800 studio
831 3737 1126 3819 puritatis
1165 3737 1359 3817 hujus
1403 3737 1716 3814 laborans,
1750 3739 1816 3801 id

343 3832 534 3894 solum
592 3853 694 3897 me
755 3835 1102 3917 profecisse
1161 3835 1430 3917 reperio,
1491 3844 1561 3899 ut
1618 3838 1816 3900 sciam

343 3930 484 4011 quid
512 3949 642 3995 esse
672 3951 802 3996 non
833 3933 1092 4015 possim.
1130 3933 1220 3994 Ex
1250 3951 1379 4016 quo
1409 3935 1614 3997 sentio
1642 3936 1815 3998 aliud

343 4029 490 4090 nihil
547 4032 698 4095 mihi
758 4030 1034 4095 conferri
1093 4051 1285 4114 quam
1347 4033 1613 4107 luctum,
1667 4054 1816 4097 cum

341 4134 500 4190 tanta
537 4130 735 4193 cordis
777 4130 1156 4194 contritione
1188 4138 1258 4192 ut
1286 4150 1615 4213 nunquam
1652 4132 1816 4195 desit

1946 785 2266 840 momenta
2330 777 2594 840 lubricis
2657 776 3052 839 discursibus
3112 781 3431 855 evagatur.

1942 876 2277 958 Quumque
2318 883 2650 938 revocatur
2686 875 2766 937 ad
2804 875 2914 936 Dei
2956 874 3251 936 timorem
3291 889 3437 934 con-

1942 974 2503 1056 templationemve
2552 972 2971 1056 spiritualem,
3015 991 3233 1034 rursus
3278 970 3439 1033 cele-

1941 1072 2074 1134 rius
2105 1071 2502 1146 distrahitur,
2536 1071 2911 1154 priusquam
2953 1071 3019 1132 in
3060 1070 3187 1132 illis
3226 1068 3440 1131 firme-

1941 1179 2074 1250 tur3
2101 1178 2165 1232 et
2196 1172 2349 1233 dum
2380 1171 2563 1254 quasi
2592 1168 3018 1252 expergefacti
3049 1168 3436 1231 senserimus

1940 1287 2048 1332 cor
2087 1277 2377 1332 nostrum
2420 1268 2501 1331 ab
2543 1268 2893 1331 intentione
2932 1267 3256 1350 proposita
3293 1263 3435 1328 eva·-

1936 1367 2094 1449 gari,
2146 1368 2649 1450 reducentesque
2707 1367 2867 1429 illud
2919 1366 2996 1428 ad
3048 1364 3435 1447 contempla-

1937 1466 2176 1528 tionem
2225 1467 2393 1528 unde
2444 1473 2785 1540 corruerat,
2831 1465 3222 1527 voluerimus
3272 1463 3432 1525 illud

1939 1564 2269 1627 munditiae
2311 1563 2608 1645 colligare
2652 1582 2725 1625 ac
2768 1565 2897 1626 Deo
2939 1563 3122 1625 unire
3163 1561 3432 1625 tenacis-

1937 1663 2098 1725 sima
2128 1662 2479 1725 intentione
2508 1670 2811 1744 tanquam
2842 1661 3101 1725 vinculo
3130 1661 3428 1743 quodam,

1938 1762 2003 1824 in
2045 1762 2185 1844 ipso
2224 1769 2450 1824 conatu
2493 1770 2707 1825 nostro
2748 1762 3109 1836 deficimuS,
3144 1768 3206 1824 et
3243 1761 3433 1822 citius

1861 1859 1908 1921 B
1939 1879 2131 1943 quam
2190 1859 2470 1941 anguilla
2526 1859 2801 1922 elabitur
2858 1859 3100 1942 puritas
3158 1859 3297 1941 ipsa
3352 1857 3432 1921 ab

1937 1958 2150 2020 anima
2180 1965 2414 2020 nostra.
2440 1956 2531 2020 Ob
2561 1976 2755 2039 quam
2787 1977 2921 2020 rem
2952 1964 3288 2020 aestuantes
3320 1975 3432 2018 seu

1938 2057 2307 2119 insudantes
2356 2055 2591 2118 talibus
2650 2055 3181 2119 custoditionibus
3234 2053 3437 2137 quoti-

1937 2155 2165 2229 dianis,
2200 2158 2327 2217 nec‘
2348 2163 2559 2218 tamen
2592 2162 2922 2217 cernentes
2952 2154 3209 2236 aliquod
3240 2153 3435 2217 robur

1937 2253 2300 2316 stabilitatis
2350 2272 2429 2330 ex,
2477 2253 2633 2335 ipsis
2693 2261 2909 2316 nostro
2956 2253 3171 2315 animo
3224 2270 3433 2314 acces-

1936 2353 2114 2428 sisse,
2150 2353 2589 2434 desperatione
2626 2352 2833 2424 l'racti,
2866 2352 2945 2414 ad
2987 2352 3151 2414 hanc
3194 2350 3435 2432 opinio-

1935 2469 2082 2512 nem
2114 2451 2512 2523 deducimur,
2529 2458 2598 2512 ut
2627 2450 2958 2512 credamus
2988 2451 3100 2512 has
3129 2449 3433 2529 evagatio-

1935 2568 2047 2610 nes
2083 2549 2291 2612 inesse
2318 2549 2533 2630 generi
2576 2549 2858 2611 humano
2889 2548 3043 2610 vitio
3073 2555 3334 2621 naturae,
3366 2555 3431 2610 et

1933 2665 2060 2710 non
2105 2655 2339 2710 nostro.

2342 2866 2845 2930 CAPITULUM
2910 2864 3023 2928 IV.

2091 2988 2448 3060 Disputatio
2477 2989 2640 3043 senis
2670 2987 2742 3043 de
2770 2991 2933 3042 statu
2961 2987 3185 3043 animoe
3212 2991 3269 3042 et

2474 3077 2703 3132 virtute
2734 3075 2885 3147 ejus.

2056 3237 2355 3299 ERENUS
2410 3253 2423 3298 :
2477 3236 2852 3298 Periculosae
2909 3235 3427 3318 praesumptionis

2071 3343 2185 3410 est,
2206 3336 2283 3397 de
2310 3342 2535 3397 natura
2565 3333 2911 3414 cujuslibet
2940 3334 3030 3396 rei
3055 3334 3297 3417 aliquid
3328 3335 3429 3396 de-

1931 3434 2122 3496 finire
2165 3432 2673 3514 sententiamque
2710 3431 3017 3515 proferre,
3052 3434 3242 3496 rebus
3285 3451 3429 3495 nec-

1931 3535 2084 3596 dum
2145 3541 2316 3596 recte
2365 3533 2691 3606 discussiS,
2744 3551 2862 3595 nec
2916 3533 3157 3595 ratione
3206 3551 3425 3595 earum

1931 3634 2051 3695 rite
2111 3632 2392 3695 collecta.
2457 3631 2566 3693 Est
2620 3648 2875 3713 quoque
2935 3632 3287 3706 incautum,
3348 3651 3426 3694 ex

1932 3730 2436 3794 consideratione
2485 3730 2757 3812 propriae
2808 3729 3167 3813 fragilitatis
3216 3750 3427 3794 sume-

1931 3849 1998 3893 re
2038 3830 2471 3910 conjecturam
2510 3836 2573 3890 et
2605 3828 2889 3912 proferre
2927 3830 3265 3911 judicium,
3299 3847 3427 3892 non

1930 3949 2008 3992 ex
2057 3937 2223 3991 statu
2274 3936 2338 3990 et
2389 3928 2691 4010 qualitate
2738 3928 2939 4010 ipsius
2996 3929 3149 3990 artis
3197 3936 3307 3991 aut
3348 3948 3427 3992 ex

1929 4027 2322 4109 experientia
2380 4026 2671 4088 aliorum.
2720 4027 2906 4089 Velut
2953 4026 3005 4088 si
3060 4027 3205 4110 quis
3257 4027 3427 4108 igna-

1929 4146 2037 4188 rus
2080 4127 2234 4189 artis
2278 4125 2559 4200 natandi,
2602 4133 2666 4188 et
2708 4125 2915 4187 sciens
2959 4143 3189 4208 corpus
3232 4145 3423 4188 suum

343 4227 584 4289 materia
620 4247 732 4291 seu
777 4229 936 4291 ratio
981 4228 1408 4304 lacrimarum,
1443 4248 1560 4292 nec
1602 4239 1813 4294 tamen
1846 4234 1896 4295 D
1928 4242 2053 4288 non
2108 4242 2292 4306 posse
2342 4242 2535 4305 super
2580 4242 2775 4306 aquas
2821 4223 3031 4303 J'acere
3082 4223 3221 4285 Sine
3271 4223 3420 4286 sub·

343 4324 470 4386 talis
507 4344 638 4390 csse
667 4328 957 4390 desinam
996 4328 1204 4409 qualis
1242 4347 1380 4390 esse
1420 4347 1548 4392 non
1589 4329 1808 4392 debeo.

343 4423 592 4506 Ideoque
620 4426 774 4508 quid
815 4426 1072 4508 prodest
1101 4426 1400 4489 didicisse
1431 4429 1600 4508 quod
1641 4449 1812 4491 sum-

343 4539 508 4584 mum
551 4533 656 4599 est,
699 4525 754 4588 si
798 4525 1124 4606 cognitum
1170 4533 1444 4607 nequeat
1483 4526 1811 4590 obtineri?

341 4618 564 4702 Nempe
590 4643 787 4705 quum
817 4623 1206 4686 senserimus
1237 4623 1652 4687 directionem
1687 4644 1817 4689 cor-

343 4717 432 4780 dis
469 4723 654 4783 nostri
687 4722 943 4784 tendere
973 4721 1051 4783 ad
1092 4721 1434 4802 puritatem
1476 4722 1808 4800 intentam,

347 4835 512 4881 mens
566 4819 702 4884 inde
749 4820 1214 4883 insensibiliter
1270 4821 1576 4896 revoluta,
1628 4823 1814 4886 vehe-

347 4917 618 4981 mentiori
645 4919 999 5002 prolabitur
1030 4919 1273 5001 impetu
1303 4921 1381 4982 ad
1411 4921 1811 5001 evagationes

346 5014 603 5096 priores3
639 5019 858 5101 sicque
898 5018 1286 5100 quotidianis
1331 5017 1496 5080 intra
1540 5037 1606 5081 se
1648 5038 1814 5082 com-

345 5115 810 5194 pugnationibus
841 5125 1170 5199 occupata,
1205 5117 1596 5179 incessanter
1625 5118 1817 5180 abdu-

347 5211 500 5272 citur
557 5215 1023 5297 captivitatibus
1083 5214 1649 5298 aversionibusque
1715 5217 1813 5278 in-

347 5312 634 5388 numeriS,
679 5323 750 5378 ut
800 5315 1158 5377 desiderata
1215 5313 1575 5378 emendatio
1632 5313 1816 5396 quasi

1930 4323 2266 4396 mersione,
2301 4322 2456 4385 velit
2498 4341 2574 4383 ex
2619 4321 2953 4403 imperitiae=
3003 4341 3132 4384 suae
3174 4321 3419 4405 experi-

1925 4423 2096 4484 entia
2135 4421 2425 4502 judicare
2467 4421 2790 4482 neminem
2834 4437 3018 4502 posse
3061 4427 3296 4483 natare.

2004 4522 2241 4603 ltaque,
2284 4529 2607 4583 terrenum
2646 4518 3080 4582 habitaculum
3119 4529 3414 4602 aggravat
3441 4545 3707 4602 smum.

1925 4628 2204 4683 mentem
2249 4619 2451 4681 multa
2489 4617 2889 4699 cogitantem.
2924 4618 3067 4682 Haec
3106 4617 3300 4699 igitur
3336 4638 3414 4682 ex

1924 4719 2285 4782 conditione
2344 4736 2474 4780 suae
2531 4723 2772 4778 naturae
2822 4736 3151 4799 nunquam
3208 4725 3417 4800 potest

1923 4819 2123 4881 otiosa
2181 4817 2547 4890 consistere,
2598 4824 2662 4878 et
2710 4815 2833 4877 nisi
2886 4815 3139 4878 salubre
3190 4818 3249 4878 ei
3300 4817 3413 4879 ali-

1923 4916 2078 4998 quid
2131 4915 2513 4979 immittatur
2560 4914 2626 4976 in
2677 4931 2803 4996 quo
2852 4931 2999 4976 suos
3050 4923 3228 4977 actus
3276 4933 3413 4978 mo-

1924 5023 2154 5096 tusque
2198 5022 2506 5089 exerceat,
2540 5021 2605 5075 et
2650 5013 2714 5074 in
2758 5013 2993 5094 quibus
3038 5013 3277 5094 jugiter
3316 5031 3416 5076 oc-

1925 5122 2216 5196 cupetur,
2250 5131 2508 5176 necesse
2538 5120 2633 5175 est
2660 5130 2803 5174 eam
2840 5112 3120 5194 undique
3161 5112 3417 5194 propria

1926 5213 2281 5274 mobilitate
2312 5213 2667 5274 discurrere
2705 5217 2895 5292 atque
2931 5228 3045 5291 per
3073 5210 3289 5272 omnia
3317 5229 3421 5273 vo-

1927 5311 2132 5386 litare,
2195 5311 2395 5373 donec
2456 5308 2810 5373 assuefacta
2871 5308 3172 5371 exercitio
3232 5308 3419 5391 longo
