4359 6267
649 3618 801 3663 Jacob.
815 3621 917 3669 1.17.

679 4115 714 4159 ΙΙ
732 4115 836 4160 Cor.
859 4128 914 4167 ix,

654 4181 718 4222 1⁰.

940 468 1060 534 294

943 655 1290 720 industriae.
1334 658 1468 720 Imo
1515 657 1872 721 consideret
1913 663 1976 718 et
2017 675 2168 718 vera
2208 654 2443 718 exami-
2470 654 2522 717 A

941 754 1195 817 natione
1239 756 1608 838 perpendat,
1658 755 1828 837 quod
1876 754 2153 836 propriis
2191 752 2440 816 viribus

941 870 1067 915 non
1128 853 1439 935 potuisset
1486 871 1780 916 exercere
1840 860 2102 914 conatus
2149 859 2215 913 et
2261 859 2441 913 actus

942 958 1130 1032 quos'
1160 949 1313 1013 fecit
1371 969 1487 1033 pro
1544 950 1934 1033 perfectione
1993 958 2055 1012 et
2111 949 2441 1032 opulentia

943 1049 1283 1132 spirituali,
1334 1051 1458 1112 nisi
1513 1050 1945 1114 misericordia
1991 1057 2181 1131 atque
2233 1056 2438 1130 prote-

943 1149 1070 1210 ctio
1113 1149 1224 1210 Dei
1271 1167 1419 1211 eum
1466 1148 1932 1211 corroborasset
1974 1149 2053 1211 ad
2102 1147 2213 1209 illa
2253 1165 2440 1227 agen-

942 1247 1021 1309 da
1054 1266 1067 1310 :
1105 1246 1232 1309 imo
1273 1246 1575 1308 inefficax
1615 1247 1841 1309 fuisset
1871 1247 2162 1308 voluntas
2203 1245 2343 1326 ejus
2378 1251 2437 1306 et

942 1346 1166 1418 virtuS,
1215 1345 1339 1408 nisi
1388 1345 1605 1408 divina
1653 1344 1992 1406 clementia
2041 1343 2441 1425 praestitisset

941 1443 1000 1505 ei
1047 1444 1298 1525 copiam
1344 1445 1708 1526 peragendi,
1751 1464 1893 1526 quae
1936 1444 2279 1526 aliquando
2324 1445 2439 1505 im-

943 1542 1199 1623 peditur
1227 1542 1426 1604 nimia
1456 1543 1739 1605 siccitate
1770 1551 1877 1604 aut
1906 1542 2305 1605 humiditate.
2334 1543 2442 1604 De-

943 1641 1139 1722 nique
1177 1659 1378 1722 quum
1417 1660 1454 1702 a
1493 1641 1620 1703 Deo
1660 1640 1899 1703 fuerint
1939 1641 2291 1703 condonata
2319 1640 2441 1703 vir·

946 1747 1044 1804 tus
1100 1746 1164 1800 et
1221 1741 1478 1812 sanitaS,
1539 1740 1875 1821 omnisque
1930 1740 2096 1802 actio
2154 1739 2320 1802 bona
2376 1747 2440 1802 et

1621 484 2038 532 coLLA'rlonuu
2078 485 2163 531 SS.
2200 485 2441 530 rmum!
2483 484 2658 530 Lmen
2698 485 2760 530 11.
2807 503 2888 513 —
2926 485 3212 531 COLLATlo
3251 486 3363 532 xm

2952 713 3457 778 CAPITULUM
3521 713 3636 776 IV.

2548 859 2843 930 Objectio,
2860 861 3151 934 quomodo
3178 861 3429 932 yentz'les
3458 859 3681 933 absque
3706 860 3901 930 qratia
3916 861 4016 916 Dei

2759 950 3183 1006 castimoniam
3208 949 3493 1006 habuisse
3519 949 3821 1006 dicantur.

2690 1145 3050 1208 ERMANUS
3092 1164 3107 1208 ε
3149 1146 3309 1208 Huic
3352 1145 3676 1220 doctrinae,
3722 1165 3857 1228 quae
3902 1164 4013 1208 non

2709 1251 2917 1326 potest
2944 1243 3213 1326 abrupte
3248 1243 3595 1325 improbari
3626 1263 3665 1305 a
3690 1244 3887 1316 nobiS,
3909 1244 4014 1305 hoc

2550 1342 2801 1405 videtur
2840 1343 3170 1417 obsistere,
3204 1342 3507 1425 quoniam
3553 1342 3711 1425 ipsa,
3746 1349 3813 1404 ut
3846 1362 4015 1424 appa-

2550 1448 2665 1515 ret,
2718 1441 2921 1503 tendit
2967 1442 3046 1504 ad
3093 1441 3592 1503 destructionem
3643 1440 3823 1502 liberi
3869 1441 4015 1502 arbi-

2549 1540 2675 1601 trii.
2738 1540 2942 1613 Quum
3016 1539 3188 1602 enim
3259 1539 3440 1602 multi
3511 1539 3863 1621 gentilium,
3918 1539 4016 1621 qui

2550 1639 2773 1721 utique
2822 1657 2948 1701 non
2998 1647 3324 1700 merentur
3368 1637 3637 1720 gratiam
3686 1638 3876 1700 divini
3921 1657 4018 1698 au-

2550 1737 2710 1809 xilii,
2753 1735 3048 1799 fulserint
3091 1753 3219 1798 non
3276 1736 3484 1797 solum
3522 1735 3861 1797 virtutibus
3893 1735 4019 1796 abs·

940 1838 1165 1918 agendi
1209 1839 1616 1921 prosperitas,
1649 1839 1957 1901 orandum
1998 1845 2093 1900 est
2123 1857 2203 1901 ne
2244 1837 2440 1900 homi·
2474 1840 2522 1904 Β
2554 1834 2835 1898 tinentiae
2882 1842 2946 1896 et
2994 1835 3337 1916 patientiae,
3372 1834 3502 1897 imo
3538 1834 3737 1915 (quod
3786 1833 4021 1895 mirabi-

783 1967 866 2059 “2⁰³
944 1936 1007 1996 ni
1039 1934 1174 1999 haec
1203 1935 1462 1998 habenti
1495 1935 1609 1999 fiat
1640 1936 1874 1999 coelum
1905 1955 2153 1999 aeneum
2186 1943 2249 1998 et
2275 1943 2439 1998 terra

648 2029 774 2058 xxva!

678 2047 826 2130 loel'i,
843 2047 885 2123 4:

941 2033 1167 2108 ferrea,
1220 2041 1283 2095 et
1332 2054 1413 2097 ne
1460 2035 1787 2097 residuum
1845 2035 2104 2097 locustae
2151 2034 2441 2096 comedat

944 2130 1248 2205 bruchuS‚
1292 2139 1354 2194 et
1398 2151 1478 2194 ne
1526 2132 1852 2193 residuum
1903 2130 2128 2192 bruchi
2179 2131 2439 2193 devoret

941 2246 1153 2301 cruca,
1197 2229 1652 2310 residuumque
1695 2247 1902 2292 erucae
1945 2226 2172 2309 rubigo
2216 2244 2441 2289 consu-

943 2335 1090 2390 mat.
1126 2329 1392 2409 Insuper
1427 2327 1738 2390 industria
1770 2327 2061 2409 agricolae
2093 2325 2437 2388 laborantis

941 2443 1069 2488 non
1100 2426 1307 2488 solum
1350 2426 1590 2506 indiget
1619 2426 1857 2488 auxilio
1889 2425 1998 2488 Dei
2032 2425 2098 2486 in
2129 2424 2292 2497 istis,
2326 2423 2436 2486 sed

941 2531 1010 2585 ut
1046 2524 1240 2586 etiam
1285 2531 1525 2588 avertat
1570 2525 1950 2606 improvisos
1993 2541 2178 2586 casus
2221 2523 2439 2584 adver-

939 2640 1063 2695 soS,
1098 2640 1212 2703 per
1240 2639 1402 2703 quos
1441 2637 1568 2682 non
1610 2621 1816 2684 solum
1849 2639 1999 2702 ager
2029 2619 2344 2682 fecundus
2375 2626 2438 2680 et

938 2719 1168 2801 plenus
1199 2720 1556 2801 privaretur
1585 2719 1760 2782 omni
1793 2718 2003 2781 fructu
2035 2725 2307 2800 sperato,
2326 2717 2435 2778 sed

936 2817 1326 2881 abundantia
1364 2835 1618 2900 quoque
1655 2816 1982 2880 fructuum
2023 2816 2437 2879 collectorum

938 2923 1000 2978 et
1050 2916 1116 2979 in
1164 2935 1311 2979 area
1360 2936 1472 2980 seu
1529 2916 1757 2979 horreo
1807 2916 2282 2978 reconditorum
2332 2914 2437 2976 de-

940 3023 1308 3078 strueretur.

1023 3114 1196 3176 Unde
1230 3113 1564 3177 manifeste
1596 3113 1919 3196 probatur,
1953 3113 2122 3195 quod
2154 3113 2321 3174 Deus
2356 3111 2438 3174 sit

942 3213 1334 3295 principium
1386 3230 1513 3275 non
1567 3211 1774 3274 solum
1822 3212 2170 3285 actionum,
2219 3210 2329 3273 sed
2376 3217 2441 3272 et

943 3309 1396 3390 cogitationum
1435 3308 1768 3383 bonarum,
1802 3309 1912 3391 qui
1950 3309 2135 3372 nobis
2171 3307 2440 3391 inspirat

945 3408 1126 3471 bonae
1161 3406 1504 3470 voluntatis
1545 3407 1748 3481 initia,
1780 3415 1844 3470 et
1877 3408 2178 3468 virtutem
2218 3423 2443 3488 oppor-

943 3506 1410 3586 tunitatemque
1462 3504 1688 3566 tribuit
1740 3505 2126 3587 exsequendi
2179 3523 2253 3566 ea
2298 3523 2441 3586 quae

946 3610 1115 3666 recte
1155 3610 1467 3686 optamus.
1505 3602 1702 3666 Omne
1741 3604 1914 3665 enim
1948 3603 2166 3665 datum
2198 3602 2437 3664 bonum

946 3709 1009 3764 et
1037 3720 1226 3764 omne
1265 3702 1504 3764 donum
1540 3700 1917 3782 perfectum,
1952 3701 2287 3762 desursum
2319 3707 2436 3775 est,

946 3801 1336 3863 descendens
1379 3819 1416 3862 a
1457 3799 1635 3862 Patre
1678 3798 2038 3877 luminum3
2083 3799 2195 3880 qui
2238 3805 2302 3860 et
2347 3798 2439 3860 in-

947 3898 1105 3980 cipit
1146 3916 1221 3960 ea
1261 3917 1403 3980 quae
1447 3897 1612 3960 bona
1653 3904 1822 3969 sunt,
1855 3903 1918 3958 et
1959 3896 2329 3978 exsequitur
2366 3914 2440 3957 ac

947 4004 1346 4060 consummat
1375 4015 1449 4058 ea
1481 3997 1545 4057 in
1577 3995 1784 4068 nobiS,
1818 3995 2068 4057 dicente
2097 3993 2437 4076 Apostolo:

946 4094 1062 4168 Qui
1119 4095 1223 4157 dat
1278 4112 1498 4157 semen
1551 4092 1914 4165 seminanti,
1965 4099 2030 4153 et
2080 4111 2310 4174 panem
2363 4092 2441 4154 ad

2553 1934 2675 1996 lius
2705 1934 2828 2013 est)
2848 1934 3038 1996 etiam
3072 1933 3375 1996 castitatis
3396 1952 3410 1996 :
3431 1933 3749 2014 quomodo
3776 1931 4021 1993 virtute-s

2551 2032 2675 2095 illae
2715 2032 3043 2094 credendae
3087 2039 3235 2093 sunt
3275 2031 3403 2094 illis
3442 2050 3582 2094 esse
3624 2031 3860 2094 collatae
3898 2049 4023 2090 mu-

2550 2149 2699 2192 nere
2741 2131 2875 2204 Dei,
2910 2131 3227 2211 captivato
3263 2130 3529 2193 arbitrio
3571 2130 3785 2193 liberae
3820 2129 4022 2190 volun-

2548 2230 2715 2303 tatis,
2749 2221 2951 2311 quum
2981 2237 3321 2291 sectatores
3354 2229 3689 2292 mundanae
3720 2227 4024 2310 sapientiae

2548 2345 2675 2390 non
2734 2327 2940 2390 solum
3001 2327 3361 2407 ignorantes
3417 2327 3686 2408 gratiam
3744 2326 3873 2400 Dei,
3924 2325 4023 2388 sed

2546 2426 2738 2488 etiam
2789 2445 3013 2487 verum
3072 2426 3294 2498 Deum,
3347 2426 3704 2507 possedisse
3752 2426 4025 2487 dicantur

2548 2543 2864 2586 summam
2896 2523 3289 2586 castimoniae
3318 2524 3660 2605 puritatem
3692 2523 3924 2606 proprii
3956 2521 4028 2583 la-

2549 2620 2720 2683 boris
2772 2621 3104 2694 industria,
3147 2629 3457 2704 quantum
3509 2622 3918 2702 cognovimus
3956 2639 4023 2681 ex

2550 2719 2761 2782 studio
2804 2719 3094 2782 lectionis
3135 2727 3247 2781 aut
3286 2720 3557 2782 aliorum
3602 2719 3963 2782 traditione?

2972 2973 3477 3038 CAPITULUM
3542 2975 3624 3038 V.

2614 3121 2947 3193 Responsio
2978 3121 3053 3177 de
3071 3120 3575 3194 philosophorum
3602 3121 3971 3193 imaginaria

3150 3211 3451 3267 castitate.

2674 3407 3065 3470 HAEREMON
3119 3426 3132 3470 :
3186 3406 3449 3469 Gratum
3506 3406 3663 3468 mihi
3724 3414 3821 3469 est
3876 3404 4027 3488 quod

2696 3505 2848 3567 dum
2887 3505 3379 3567 inflammamini
3414 3512 3541 3567 tam
3582 3522 3837 3567 summo
3864 3521 4031 3585 agno-

2552 3604 2801 3667 scendae
2858 3604 3142 3666 veritatis
3198 3621 3435 3678 amore,
3487 3604 3778 3685 quaedam
3836 3604 4031 3684 inepta

2552 3702 2931 3785 proponitis,
2973 3719 3248 3784 quorum
3300 3702 3660 3783 objectione
3702 3702 3902 3763 virtus
3940 3719 4029 3762 ca·

2552 3800 2802 3866 tholicae
2852 3799 3003 3862 fidei
3064 3807 3363 3882 appareat
3410 3799 3756 3882 probatior,
3809 3800 3932 3862 imo
3974 3806 4030 3860 et

2553 3898 2955 3980 exploratior,
3001 3904 3071 3959 ut
3114 3898 3204 3960 sic
3251 3896 3490 3979 loquar.
3534 3897 3686 3971 Quis
3730 3899 3899 3961 enim
3944 3915 4027 3958 sa-

2554 3997 2735 4078 piens
2785 4004 3070 4058 uteretur
3117 3995 3661 4078 propositionibus
3710 3995 3833 4058 sibi
3881 3995 4027 4056 invi-

2553 4113 2693 4156 cem
2743 4093 2830 4155 ita
2872 4094 3227 4166 contrariiS‚
3272 4101 3340 4154 ut
3383 4093 3707 4157 coelestem
3756 4093 4029 4156 castimo-

949 4192 1463 4255 manducandum
1504 4190 1846 4274 praestabit,
1885 4198 1948 4252 et
1989 4190 2445 4273 multiplicabit
2474 4191 2524 4254 D
2553 4191 2675 4254 niae
2716 4191 3081 4274 puritatem,
3115 4210 3306 4273 quam
3346 4191 3482 4254 heri
3524 4191 3884 4254 asseruistis
3914 4207 4029 4252 non

949 4309 1168 4352 semen
1229 4297 1536 4363 vestrum,
1594 4296 1658 4350 et
1718 4306 2001 4350 crescere
2061 4286 2253 4349 faciet
2313 4286 2443 4349 fru-

949 4397 1124 4451 ctum
1154 4387 1419 4469 justitiae
1450 4394 1692 4449 vestrae.
1729 4387 2026 4448 Nostrum
2057 4403 2207 4448 vero
2245 4393 2342 4447 est
2377 4393 2447 4447 ut

950 4486 1281 4548 humiliter
1331 4485 1796 4566 subsequamur
1845 4485 2112 4566 gratiam
2167 4484 2276 4546 Dei
2330 4501 2445 4546 nos

950 4583 1236 4665 quotidie
1265 4582 1708 4655 attrahentem,
1741 4589 1851 4644 aut
1881 4589 2048 4644 certe
2081 4581 2445 4643 resistentes

654 4702 919 4752 Acavmsi.
950 4683 1160 4744 eidem
1202 4682 1360 4743 dura
1401 4680 1648 4742 cervice
1693 4680 2287 4762 incircumcisisque
2338 4699 2446 4742 au-

953 4779 1155 4854 ribus,
1208 4797 1566 4841 mereamur
1617 4797 1730 4860 per
1775 4778 2111 4840 Jeremiam
2159 4778 2381 4840 audire
2430 4798 2442 4842 :

652 4899 922 4952 Jerautas.
953 4879 1277 4961 Numquid
1316 4878 1426 4959 qui
1468 4877 1635 4939 cadit
1672 4894 1799 4939 non
1844 4885 2148 4957 resurget,
2191 4885 2299 4938 aut
2336 4875 2447 4959 qui

953 4997 1214 5041 aversus
1262 4983 1359 5038 est
1412 4993 1540 5037 non
1594 4981 1946 5037 revertetur
1975 4977 1998 5035 3
2048 4975 2249 5048 Quare
2300 4992 2452 5055 ergo

951 5093 1210 5137 aversus
1241 5081 1338 5136 est
1362 5073 1638 5156 populus
1670 5073 1789 5134 iste
1816 5073 1882 5134 in
1905 5072 2251 5134 Jerusalem
2281 5091 2453 5134 aver-

669 5192 908 5246 mana.
951 5173 1128 5236 sione
1179 5171 1617 5235 contentiosa?
1661 5171 2121 5233 induraverunt
2169 5171 2451 5233 cervices

951 5290 1119 5346 suas,
1160 5278 1224 5340 et
1265 5270 1610 5333 noluerunt
1650 5268 1906 5332 reverti.

2554 4308 2738 4372 posse
2782 4291 3082 4372 cuiquam
3127 4288 3399 4352 conferri
3446 4289 3813 4352 mortalium
3854 4289 4029 4351 etiam

2557 4406 2668 4469 per
2697 4388 2963 4468 gratiam
3002 4388 3134 4461 Dei,
3168 4406 3339 4449 nunc
3370 4387 3641 4450 credatis
3681 4386 3881 4450 fuisse
3908 4403 4033 4468 pos·

2556 4504 2793 4548 sessam
2822 4505 2859 4548 a
2889 4485 3287 4568 philosophis
3319 4487 3577 4568 propria
3604 4504 3825 4548 eorum
3856 4485 4033 4546 virtu·

2556 4587 2660 4645 te?
2692 4585 2810 4647 Sed
2846 4584 2997 4665 quia
3036 4584 3156 4646 hoc
3192 4583 3402 4664 ipsum
3444 4583 3799 4666 proponitis
3840 4582 4035 4645 studio

2556 4682 2841 4744 veritatis
2896 4681 3369 4763 investigandae,
3423 4682 3579 4763 quid
3631 4682 3709 4744 de
3757 4681 3859 4744 his
3910 4697 4035 4743 sen·

2558 4781 2789 4842 tiamus
2838 4780 3166 4841 advertite.
3202 4779 3431 4852 Primo,
3466 4799 3871 4862 nequaquam
3916 4797 4035 4840 cre·

2558 4878 2837 4940 dendum
2890 4885 2987 4940 est
3036 4877 3448 4960 philosophos
3499 4879 3690 4940 talem
3750 4877 4035 4941 habuisse

2559 4976 2911 5038 castitatem
2952 4976 3159 5057 qualis
3194 4995 3230 5036 a
3264 4975 3447 5038 nobis
3485 4977 3781 5057 exigitur,
3816 4975 4037 5058 quibus

2560 5073 2917 5156 injungitur
2965 5081 3036 5136 ut
3082 5091 3209 5136 non
3270 5073 3477 5136 solum
3536 5072 3893 5148 fornicatio,
3938 5069 4037 5134 sed

2560 5190 2679 5235 nec
2722 5172 3131 5235 immunditia
3176 5173 3543 5236 nominetur
3584 5172 3651 5234 in
3692 5172 3899 5235 nobis.
3938 5171 4041 5232 Ha·

2562 5269 2839 5332 buerunt
2878 5271 3092 5353 itaque
3129 5270 3494 5353 philosophi
3537 5271 3883 5354 quamdam
3916 5286 4043 5352 por-
