4359 6267
1129 499 1546 549 Commorim!
1587 501 1673 546 SS.
1709 500 1952 546 PATRUH
1993 499 2168 546 LIBER
2212 500 2251 545 1.
2298 519 2379 528 -
2419 499 2705 549 coLLATlo
2745 501 2832 547 vn

831 724 1336 790 CAPITULUM
1401 725 1520 788 IX.

517 869 955 942 Inter-royano,
986 871 1258 944 qualiter
1283 871 1548 943 spiritus
1577 869 1840 942 maliyni

666 959 953 1016 humanis
979 960 1279 1016 mentibus
1307 958 1683 1031 copulentur.

563 1165 928 1229 ERMANUS
963 1187 978 1231 ε
1022 1166 1263 1241 Quaeso‚
1297 1166 1453 1249 quid
1487 1173 1583 1229 est
1622 1166 1792 1228 istud
1833 1167 1925 1228 in-

592 1264 944 1326 discretum
996 1272 1186 1346 atque
1235 1266 1624 1347 permixtum
1679 1282 1928 1328 consor-

413 1362 588 1423 tium
629 1362 860 1426 animae
903 1362 1228 1426 rationalis
1267 1381 1416 1425 cum
1455 1363 1585 1424 illis
1621 1371 1749 1425 tam
1789 1383 1928 1446 pra-

415 1461 520 1522 vis
571 1460 930 1542 spiritibuS,
973 1468 1044 1522 ut
1087 1460 1181 1523 illi
1232 1461 1476 1543 possint
1521 1462 1752 1526 animae
1799 1480 1926 1524 non

415 1558 633 1621 solum
693 1559 1020 1641 conjungi,
1072 1560 1184 1622 sed
1239 1559 1433 1622 etiarn
1491 1560 1582 1622 ita
1636 1561 1808 1622 uniri
1859 1569 1928 1622 ut

415 1656 676 1719 valeant
719 1677 860 1720 eam
908 1658 1371 1721 insensibiliter
1417 1659 1681 1741 alloqui,
1725 1666 1788 1721 et
1835 1659 1927 1721 in-

413 1755 548 1817 seri
574 1756 1014 1839 inspirareque
1045 1757 1104 1819 ei
1136 1775 1556 1840 quaecumque
1582 1747 1922 1832 noluerint,

3410 481 3528 547 217

1955 669 2006 732 A
2036 689 2180 732 rum
2222 671 2532 734 uniuntur
2567 673 2755 735 modo
2787 671 3047 754 praefato
3086 671 3418 754 spiritibus
3461 672 3534 734 il·

2038 768 2138 844 lis,
2173 786 2447 851 quorum
2492 769 2673 852 quasi
2716 788 2950 851 organa
2992 776 3141 832 sunt
3181 768 3429 833 effectae
3468 770 3533 832 in

2036 874 2307 942 tantum,
2355 875 2425 929 ut
2467 867 2740 930 naturali
2782 886 2898 930 suo
2941 875 3107 930 statu
3149 875 3213 929 et
3248 875 3395 930 actu
3444 887 3536 930 re-

2038 965 2228 1040 lictis,
2263 972 2585 1028 transeant
2624 966 2701 1028 ad
2747 966 3003 1028 illorum
3046 964 3419 1028 affectiones
3460 984 3534 1029 ac

2036 1070 2269 1138 motuS‚
2305 1065 2392 1125 ita
2432 1072 2502 1125 ut
2532 1064 2855 1146 proferant
2881 1064 3014 1145 jam
3056 1082 3183 1126 non
3221 1082 3389 1139 suaS,
3422 1065 3533 1127 sed

2037 1160 2294 1223 illorum
2339 1179 2548 1234 voceS,
2580 1169 2797 1243 gestus
2839 1169 2901 1222 et
2946 1161 3354 1225 voluntates?

2417 1423 2923 1488 CAPITULUM
2986 1424 3140 1488 XII.

2098 1570 2452 1642 Responsio,
2484 1571 2754 1644 qualiter
2780 1571 3045 1643 spiritus
3074 1572 3373 1627 immundi
3401 1572 3470 1628 in

2360 1661 2776 1732 eneryumenis
2804 1661 3210 1717 dominentur.

413 1855 796 1937 possintque
827 1855 1130 1936 instigare
1159 1873 1300 1918 eam
1336 1856 1417 1918 ad
1454 1855 1566 1918 illa
1593 1875 1736 1937 quae
1767 1857 1922 1938 ipsis
1959 1856 2007 1918 B
2161 1857 2461 1921 ERENUS
2496 1875 2510 1919 :
2545 1857 2611 1920 Id
2652 1859 2823 1939 quod
2862 1857 2940 1920 fit
2982 1858 3047 1920 in
3086 1860 3531 1940 energumenis

411 1950 811 2033 placuerint3
855 1953 1266 2034 cogitationes
1307 1971 1563 2035 quoque
1604 1972 1676 2015 ac
1712 1962 1922 2017 motus

411 2050 650 2113 animae
691 2051 970 2126 videant,
1015 2059 1078 2113 et
1121 2058 1292 2114 tanta
1338 2052 1551 2114 unitas
1601 2051 1716 2114 fiat
1761 2053 1925 2114 inter

413 2148 594 2230 ipsos
643 2167 716 2211 ac
764 2150 1068 2224 animam,
1112 2159 1181 2211 ut
1223 2150 1362 2212 sine
1410 2151 1612 2232 gratia
1661 2151 1773 2212 Dei
1816 2151 1923 2212 vix

415 2249 624 2330 possit
670 2249 948 2311 discerni
1007 2249 1162 2330 quid
1225 2250 1524 2330 procedat
1571 2269 1648 2312 ex
1709 2249 1927 2312 incita-

420 2354 640 2409 mento
663 2347 944 2420 illorum,
962 2353 1026 2409 et
1047 2346 1202 2429 quid
1227 2365 1305 2409 ex
1327 2355 1543 2410 nostra
1565 2348 1926 2411 voluntate?

845 2602 1349 2666 CAPITULUM
1414 2602 1500 2665 X.

645 2741 980 2814 Responsio
1007 2742 1094 2798 ad
1117 2743 1272 2798 hanc
1299 2743 1706 2815 quaestionem.

545 2940 848 3004 ERENUS
901 2961 916 3004 t
969 2940 1107 3004 Non
1175 2941 1410 3004 mirum
1469 2948 1566 3004 est
1623 2940 1920 3023 spiritum

2189 1975 2301 2018 seu
2346 1955 2621 2019 obsessis
2670 1973 2799 2018 non
2842 1964 2937 2018 est
2980 1957 3255 2038 praefatae
3302 1965 3533 2021 nostrae

2034 2055 2339 2119 doctrinae
2368 2055 2779 2130 contrarium,
2813 2055 2968 2117 dum
2998 2055 3154 2117 tales
3187 2055 3535 2138 loquuntur

2034 2160 2144 2214 aut
2179 2161 2375 2234 agunt
2414 2173 2555 2235 quae
2599 2153 2915 2227 nesciunt,
2958 2161 3021 2215 et
3059 2173 3201 2235 quae
3246 2153 3536 2235 ignorant

2035 2259 2349 2333 coguntur
2380 2250 2680 2332 proferre.
2698 2251 3137 2313 certissimum
3167 2251 3408 2333 quippe
3438 2259 3535 2314 est

2036 2350 2205 2432 quod
2246 2349 2487 2412 obsessi
2528 2367 2656 2412 non
2695 2350 3013 2412 sustinent
3042 2367 3171 2412 uno
3210 2350 3399 2412 modo
3439 2349 3533 2412 in·

2035 2446 2355 2510 fusionem
2394 2447 2738 2529 spirituum
2784 2448 3228 2529 malignorum.
3264 2448 3529 2523 Quidam

2035 2564 2311 2628 namque
2369 2546 2461 2608 sic
2520 2545 2947 2628 possidentur,
3000 2554 3073 2608 ut
3130 2565 3531 2629 nequaquam

2037 2642 2393 2724 intelligant
2422 2663 2497 2706 ea
2535 2662 2678 2726 quae
2720 2644 3067 2726 loquuntur
3104 2653 3213 2706 aut
3251 2643 3529 2724 faciunt;

2033 2742 2232 2825 aliqui
2280 2761 2429 2805 vero
2476 2760 2695 2805 eorum
2755 2743 2889 2806 haec
2946 2743 3158 2804 sciunt
3204 2751 3268 2805 et
3314 2751 3533 2824 postea

2035 2840 2464 2902 recordantur.
2509 2840 2683 2914 Quod
2726 2858 2855 2903 non
2898 2849 2995 2902 est
3037 2840 3389 2922 putandum
3436 2840 3530 2904 sic

2032 2937 2176 3000 fieri
2224 2957 2338 3021 per
2382 2937 2769 3000 infusionem
2820 2938 3082 3020 spiritus
3132 2938 3305 3013 mali,
3348 2939 3530 3020 quasi

571 3039 828 3121 spiritui
879 3057 1064 3121 posse
1107 3038 1567 3101 insensibiliter
1610 3040 1917 3122 copulari,
1959 3038 2004 3103 C
2037 3037 2228 3098 intret
2268 3035 2689 3098 substantiam
2730 3036 2981 3110 animae,
3015 3036 3167 3098 etei
3211 3037 3425 3098 unitus
3456 3055 3529 3099 ac

409 3143 478 3198 et
515 3136 836 3199 occultam
877 3137 1011 3199 vim
1046 3136 1353 3198 suadendi
1393 3155 1688 3200 exercere
1727 3138 1806 3200 ad
1847 3156 1922 3200 ea

409 3255 558 3317 quae
605 3235 830 3298 libent.
877 3236 988 3298 Est
1029 3236 1203 3297 enim
1260 3235 1426 3298 inter
1467 3254 1574 3299 eos
1627 3237 1916 3318 quaedam

407 3335 770 3398 similitudo
810 3334 1180 3398 substantiae
1217 3342 1408 3417 atque
1453 3335 1766 3417 cognatio,
1800 3336 1919 3399 sic-

409 3440 484 3493 ut
513 3440 578 3494 et
608 3431 777 3495 inter
806 3432 1117 3495 homines,
1151 3431 1310 3495 Nam
1347 3439 1412 3495 et
1448 3432 1750 3496 definitio
1777 3453 1918 3516 quae

415 3530 498 3593 de
535 3538 764 3594 natura
793 3531 1022 3594 animae
1053 3531 1257 3605 datur,
1294 3530 1420 3593 illis
1455 3531 1647 3593 etiam
1682 3532 1920 3614 aliqua-

416 3628 570 3692 liter
611 3637 958 3712 coaptatur.
1005 3629 1193 3692 Porro
1237 3628 1632 3711 impossibile
1674 3637 1770 3692 est
1811 3647 1918 3693 eos

413 3727 508 3790 ita
557 3728 936 3790 altrinsecus
990 3727 1184 3790 inseri
1237 3735 1346 3789 aut
1397 3727 1590 3801 uniri,
1644 3734 1715 3789 ut
1760 3727 1920 3790 alter

411 3827 683 3890 alterius
713 3828 918 3890 valeat
953 3845 1090 3889 esse
1130 3845 1327 3909 capax
1366 3844 1482 3908 per
1513 3826 1915 3890 essentialem

411 3925 723 4007 illapsum
771 3943 787 3987 t
838 3925 962 3988 boc
1009 3943 1286 4007 namque
1333 3925 1542 3987 solum
1591 3924 1918 3987 Divinitati

411 4032 592 4087 recte
628 4023 1034 4098 adscribitur,
1067 4043 1210 4106 quae
1248 4023 1382 4086 sola
1415 4030 1510 4086 est
1549 4023 1921 4105 incorporea

410 4142 490 4185 ac
533 4122 811 4205 simplex
855 4130 1098 4185 natura.

821 4376 1324 4442 CAPITULUM
1385 4377 1506 4442 XI.

415 4530 716 4603 Objectio,
747 4532 911 4605 quod
935 4533 1198 4604 spiritus
1229 4534 1526 4590 immundi
1546 4535 1790 4605 possint
1828 4535 1922 4591 in-

493 4622 622 4678 seri
668 4627 776 4677 aut
821 4623 999 4678 uniri
1043 4622 1366 4700 animabus
1411 4639 1616 4680 eorum
1652 4640 1799 4697 quos
1835 4641 1926 4682 re-

491 4709 690 4784 plent.

575 4901 938 4965 ERMANUS
971 4919 986 4963 ε
1018 4901 1177 4964 Huic
1216 4907 1340 4964 tuae
1382 4903 1714 4965 assertioni
1764 4902 1927 4965 arbi·

599 5008 845 5063 tramur
891 5018 1031 5062 esse
1079 5000 1491 5074 contrarium,
1537 5000 1708 5082 quod
1756 5001 1926 5063 vide-

430 5119 578 5162 mus
606 5099 674 5161 in
703 5097 1063 5180 arrepticiis
1102 5097 1268 5172 fieri,
1302 5098 1412 5180 qui
1443 5098 1774 5181 spiritibus
1815 5099 1928 5162 im-

2033 3134 2503 3215 quodammodo
2551 3151 2625 3196 ea
2675 3134 2957 3208 indutuS,
3007 3133 3289 3216 proferat
3333 3134 3530 3197 verba

2034 3250 2146 3313 per
2175 3249 2245 3293 os
2275 3231 2576 3314 patientis
2610 3249 2624 3292 z
2661 3232 2791 3294 imo
2828 3250 3232 3313 nequaquam
3273 3233 3529 3294 creden-

2031 3330 2185 3392 dum
2225 3337 2319 3392 est
2358 3329 2479 3392 hoc
2522 3329 2667 3391 fieri
2706 3347 2892 3411 posse
2932 3329 3013 3392 ab
3053 3329 3165 3392 eis.
3200 3329 3530 3393 Manifesta

2030 3446 2287 3510 quoque
2346 3427 2589 3490 ratione
2644 3427 2952 3510 probatur
3007 3427 3177 3490 istud
3239 3427 3527 3491 accidere

2030 3543 2156 3588 non
2218 3544 2332 3608 per
2386 3527 2616 3589 animae
2673 3525 3189 3600 diminutionem,
3245 3526 3356 3589 sed
3415 3545 3529 3609 per

2030 3624 2315 3706 corporis
2376 3623 2771 3686 debilitatem
2826 3641 2840 3685 ε
2895 3624 3048 3687 dum
3108 3624 3355 3687 scilicet
3413 3624 3529 3686 im-

2030 3721 2307 3784 mundus
2358 3722 2622 3805 spiritus
2670 3722 2897 3785 sedens
2948 3723 3014 3785 in
3065 3723 3371 3786 membris
3419 3730 3529 3785 aut

2029 3819 2281 3902 organis
2333 3821 2400 3882 in
2448 3821 2683 3903 quibus
2732 3821 2913 3902 vigor
2966 3821 3196 3885 animae
3246 3821 3528 3884 contine-

2028 3928 2154 3994 tur,
2208 3919 2613 4001 importabile
2664 3927 2729 3981 et
2779 3919 3167 3982 immensum
3220 3937 3382 4001 opus
3434 3919 3527 3981 eis

2028 4018 2323 4101 imponit,
2376 4026 2439 4081 et
2492 4018 2815 4080 teterrima
2870 4017 3255 4080 obscuritate
3311 4017 3529 4081 obruit

2026 4125 2219 4200 atque
2257 4116 2584 4198 intercipit
2622 4115 3018 4178 intellectum
3056 4116 3352 4198 viresque
3394 4116 3528 4178 ani-

1950 4222 2000 4283 D
2031 4234 2168 4278 mae.
2218 4214 2393 4288 Quod
2439 4231 2897 4295 nonnunquam
2941 4213 3234 4277 videmus
3284 4213 3529 4277 contin-

2027 4331 2176 4393 gere
2218 4331 2295 4375 ex
2334 4311 2817 4376 immoderantia
2852 4311 2987 4373 vini
3027 4319 3138 4374 aut
3176 4311 3373 4374 febris
3414 4331 3527 4375 seu

2028 4410 2587 4493 frigoris‚aliisque
2619 4409 3103 4472 infirmitatibus
3133 4410 3528 4474 extrinsecus

2031 4508 2427 4571 introductis.
2473 4508 2649 4580 Quod
2693 4508 2858 4570 Deus
2906 4508 3234 4590 prohibuit
3275 4509 3528 4574 diabolo

2030 4606 2239 4670 facere
2268 4614 2486 4670 sancto
2514 4606 2651 4682 lob,
2685 4606 2751 4668 in
2784 4607 2969 4687 cujus
2999 4625 3230 4691 corpus
3268 4627 3529 4692 accepe-

2031 4714 2128 4768 rat
2164 4712 2541 4788 potestatem
2580 4704 2891 4780 diabolus,
2924 4705 3002 4767 ad
3040 4725 3233 4787 quem
3276 4706 3524 4769 locutus

2030 4811 2127 4866 est
2170 4803 2477 4866 Dominus
2512 4822 2525 4867 :
2560 4802 2723 4865 Ecce
2766 4803 2943 4866 trado
2985 4822 3133 4866 eum
3181 4804 3249 4867 in
3298 4824 3523 4869 manus

2030 4911 2194 4978 tuaS‚
2226 4910 2473 4966 tantum
2503 4902 2783 4966 animam
2813 4903 2953 4982 ejus
2993 4903 3273 4984 custodi3
3307 4904 3367 4966 id
3402 4913 3519 4981 est,

2031 5009 2352 5064 amentem
2394 5020 2521 5065 non
2560 5001 2753 5065 facias
2795 5020 2967 5076 eum,
3002 5019 3120 5066 nec
3165 5002 3251 5065 ita
3293 5021 3522 5086 corpus

2032 5099 2174 5181 ejus
2218 5099 2511 5163 debilites
2559 5108 2626 5162 ut
2668 5101 3063 5164 intellectum
3106 5101 3386 5175 invadas,
3420 5119 3527 5162 ne-

431 5198 689 5260 mundis
730 5196 960 5272 afflati,
1003 5197 1350 5279 loquuntur
1387 5205 1452 5259 et
1493 5205 1687 5279 agunt
1729 5199 1931 5262 multa
2035 5218 2159 5281 que
2194 5198 2289 5261 sic
2320 5199 2506 5262 laedas
2534 5216 2844 5280 organum
2877 5199 3159 5274 rationiS‚
3188 5217 3303 5281 per
3332 5217 3526 5281 quam

429 5315 574 5379 quae
613 5295 930 5359 nesciunt.
963 5294 1288 5370 Quomodo
1329 5313 1481 5376 ergo
1521 5295 1750 5360 animae
1789 5297 1928 5362 illo-

680 5430 746 5480 T.
783 5430 864 5480 27.

2037 5315 2187 5360 eum
2218 5296 2337 5358 tibi
2366 5302 2613 5377 oportet
2642 5295 2957 5370 resistere,
2984 5302 3054 5358 ut
3083 5295 3317 5360 obruas
3349 5316 3527 5361 men-

3218 5431 3277 5482 14

3576 4827 3661 4872 Job
3689 4840 3733 4878 u,
3753 4829 3797 4870 ⁶.
