4359 6267
875 464 956 527 88
1721 478 1799 523 nn
1850 475 2178 522 msrrru'rrs
2232 474 2317 519 ss.
2365 472 2627 519 uranu.
2674 490 2756 500 —
2800 472 2976 519 unna
3020 473 3130 519 vm

1951 855 2463 965 LIBER
2588 854 2911 963 VIII

2061 1154 2167 1205 DE
2227 1152 2549 1205 SPIRITU
2610 1151 2799 1204 IRAE.

2402 1432 2453 1494 A
2482 1433 2888 1515 quietudines
2919 1450 3047 1497 non
3079 1432 3435 1496 inferantur
3464 1434 3649 1498 nobis
3677 1434 3759 1497 ab
3789 1435 3935 1497 aliis
3962 1452 3977 1497 ε

1157 1496 1661 1565 CAPITULUM
1726 1494 2094 1559 PRIMUM·
2483 1532 2633 1613 quia
2675 1533 2774 1593 vir
2817 1531 3141 1596 animosus
3185 1534 3350 1615 parit
3392 1534 3581 1607 rixas»,
3625 1534 3725 1596 vir
3762 1542 3979 1596 autem
4024 1550 4277 1656 fflff

4008 1615 4085 1661 22.
4108 1628 4127 1667 1

882 1650 1054 1719 Quod
1107 1653 1394 1722 quartum
1447 1650 1747 1702 certamen
1801 1644 1883 1698 sit
1937 1641 2116 1697 nobis
2161 1646 2377 1697 contra
2484 1629 2827 1693 iracundus
2866 1630 3145 1693 effundit
3188 1638 3465 1713 peccata.
4006 1674 4136 1717 m·

931 1740 1113 1801 iram,
1143 1743 1201 1793 et
1229 1740 1462 1809 quanta
1489 1733 1652 1789 mala
1679 1737 1922 1804 yeneret
1944 1731 2157 1803 passio
2188 1731 2329 1785 ista.

889 1936 1674 2137 QUARTOcertamine
1730 1935 2037 1997 debemus
2092 1935 2168 1996 de
2220 1933 2378 1995 inte·
2904 1895 3409 1959 CAPITULUM
3469 1897 3556 1959 ῙῙ-

1046 2037 1322 2102 rioribus
1365 2036 1595 2098 animae
1639 2041 1868 2097 nostrae
1913 2031 2201 2093 funditus
2246 2050 2379 2092 era·
2486 2039 2571 2093 De
2616 2038 2699 2093 iis
2740 2040 2850 2110 qui
2896 2038 3111 2094 dicunt
3152 2041 3315 2097 iram
3358 2056 3483 2095 non
3527 2055 3652 2095 esse
3706 2042 3985 2098 nocivam

883 2136 1095 2198 dicare
1135 2133 1536 2197 mortiferum
1568 2131 1744 2193 virus
1784 2131 1892 2193 irae
1929 2147 1941 2191 :
1975 2148 2103 2211 qua
2142 2130 2208 2190 in
2244 2146 2379 2190 cor·
2558 2143 2663 2182 seu
2697 2128 3083 2199 culpabilem,
3124 2130 3181 2183 si
3218 2129 3712 2202 delinquentibus
3752 2131 3989 2187 irasca-

887 2233 1078 2296 dibus
1118 2231 1350 2295 nostris
1393 2237 1709 2302 manente,
1742 2235 1806 2289 et
1843 2227 2101 2290 oculum
2147 2226 2379 2289 mentis
2558 2234 2716 2282 mur»
2746 2234 2812 2273 0⁰
2842 2218 3004 2291 ‘12‘0d
3030 2224 3087 2273 0!
3114 2219 3272 2274 Deus
3301 2219 3550 2275 dicatur
3578 2220 3789 2276 irasci.

884 2330 1166 2393 tenebris
1205 2329 1414 2391 noxiis
1451 2334 1829 2399 excaecante,
1864 2344 1992 2387 non
2030 2324 2381 2407 poterimus

889 2428 1216 2511 acquirere
1271 2434 1457 2489 rectae
1503 2423 1982 2486 examinationis
2038 2423 2378 2504 judicium,
2631 2421 3057 2484 UDlVIMUS
3115 2422 3423 2504 quosdam
3471 2422 3754 2486 volentes
3812 2424 3987 2485 hunc

887 2545 1093 2609 neque
1136 2526 1415 2588 honestae
1455 2521 2008 2603 contemplationis
2051 2521 2377 2583 intuitum.
2649 2520 3265 2601 perniciosissimum
3295 2522 3525 2585 animae
3556 2521 3872 2596 morbum,
3896 2523 3993 2585 vi-

885 2626 1012 2689 Nec
1043 2624 1394 2707 poterimus
1427 2621 1855 2683 maturitatem
1886 2620 2209 2702 possidere
2240 2637 2383 2681 con·
2415 2617 2462 2679 B
2491 2616 2722 2679 delicet
2762 2617 2943 2691 iram,
2977 2618 3188 2681 taliter
3228 2627 3658 2693 excusare,.ut
3696 2639 3843 2683 eum
3883 2620 3993 2681 de-

885 2723 1037 2796 silii,
1080 2741 1199 2784 nec
1241 2720 1372 2784 veri
1413 2738 1487 2781 ac
1537 2718 1886 2800 spiritualis
1940 2717 2200 2779 luminis
2242 2736 2382 2780 esse
2493 2715 2879 2779 testabiliore
2935 2717 3407 2798 Scripturarum
3468 2718 3992 2799 interpretatione

888 2839 1172 2903 capaceS,
1207 2837 1323 2881 nec
1369 2819 1514 2880 vitae
1559 2816 1923 2899 participeS,
1967 2817 2075 2879 sed
2126 2834 2244 2877 nec
2285 2816 2384 2896 ju·
2491 2822 2832 2877 extenuare
2862 2834 2973 2877 seu
3005 2816 3302 2878 alleviare
3333 2823 3623 2899 optarent
3655 2834 3670 2878 :
3702 2817 3992 2879 dicentes

886 2919 1074 2982 stitiae
1105 2935 1242 2980 esse
1275 2924 1548 2989 tenaces,
1583 2933 1784 2996 quum
1814 2921 1878 2976 et
1907 2914 2215 2996 Propheta
2246 2931 2382 2995 pro·
2491 2931 2619 2976 non
2666 2929 2804 2976 esse
2854 2914 3178 2988 nocivum,
3217 2915 3269 2977 si
3314 2914 3619 2977 fratribus
3668 2916 3991 2997 peccanti-

593 3040 855 3091 P2.xxx,m.
885 3023 1152 3079 testetur
1214 3033 1227 3077 :
1289 3014 1602 3077 Turbatus
1660 3020 1755 3074 est
1815 3032 1943 3094 prae
2009 3013 2102 3074 ira
2158 3011 2381 3074 oculus
2492 3011 2611 3074 bus
2656 3011 3023 3086 irascamur,
3058 3032 3260 3094 quum
3299 3021 3362 3075 et
3401 3014 3567 3077 Deus
3604 3014 3854 3076 dicatur
3892 3012 3995 3075 fu-

888 3124 1086 3177 meus.
1121 3114 1250 3176 Nec
1289 3113 1481 3174 etiam
1527 3111 1879 3192 poterimus
1919 3109 2098 3173 effici
2137 3111 2384 3192 sapien·
2491 3129 2628 3173 rere
2686 3129 2759 3172 ac
2816 3110 3005 3173 irasci
3065 3119 3283 3174 contra
3338 3129 3445 3173 eos
3501 3112 3610 3193 qui
3669 3130 3819 3175 eum
3879 3130 3991 3175 co·

885 3214 990 3277 tiae
1022 3212 1386 3294 participes,
1419 3209 1670 3272 etiamsi
1701 3208 1991 3271 omnium
2022 3208 2384 3272 aestimatio-
2488 3226 2791 3288 gnoscere
2855 3208 3101 3285 nolunt,
3161 3210 3263 3271 vel
3322 3228 3470 3272 eum
3532 3219 3991 3291 cognoscentes

619 3334 855 3384 nectam,
887 3330 968 3373 ne
998 3310 1316 3393 sapientes
1357 3308 1646 3371 dicamur
1682 3325 1695 3370 :
1730 3307 2034 3388 quoniam
2077 3307 2168 3367 ira
2202 3306 2266 3367 in
2308 3306 2384 3368 si·
2492 3314 2955 3371 contemnunt:
2990 3316 3062 3370 ut
3104 3307 3218 3383 ibi,
3264 3308 3341 3370 Et
3383 3307 3581 3371 iratus
3631 3316 3727 3371 est
3771 3308 3990 3371 furore
4034 3330 4314 3381 102.cv,w.2

595 3400 660 3440 ¹⁰·
887 3428 975 3471 nu
1007 3407 1447 3488 insipientium
1490 3404 1849 3486 requiescit.
1887 3404 2006 3465 Sed
2037 3422 2154 3465 nec
2184 3404 2380 3465 vitam
2490 3407 2795 3468 Dominus
2844 3407 3084 3489 populo
3125 3423 3275 3486 suo;
3317 3415 3380 3469 et
3422 3426 3623 3488 quum
3669 3415 3805 3470 orat
3846 3408 3991 3470 Pro-

889 3504 1312 3568 immortalem
1346 3502 1696 3586 poterimus
1727 3502 2052 3583 consequi,
2088 3503 2381 3583 quamvis
2491 3504 2701 3586 pheta,
2754 3505 3041 3579 Domine,
3095 3524 3174 3567 ne
3225 3505 3291 3567 in
3341 3504 3555 3569 furore
3604 3514 3711 3568 tuo
3760 3524 3989 3587 arguas
4050 3528 4314 3576 Pam:

883 3603 1130 3683 judicio
1168 3601 1501 3663 hominum
1543 3599 1941 3681 appellemur
1984 3600 2327 3681 prudentes
2363 3617 2376 3662 ε
2493 3622 2614 3677 me,
2657 3623 2863 3686 neque
2910 3604 2974 3666 in
3020 3604 3113 3665 ira
3162 3612 3269 3665 tua
3314 3603 3619 3686 corripias
3670 3622 3773 3665 me
3806 3622 3821 3665 ε
3856 3622 3989 3667 non
4018 3604 4185 3638 mm·
4208 3594 4248 3633 ²·

593 3732 858 3778 prowm,
888 3700 1190 3784 quoniam
1239 3700 1333 3761 ira
1380 3698 1589 3781 perdit
1632 3698 1824 3759 etiam
1873 3697 2208 3779 sapientes.
2252 3698 2380 3761 Nec
2489 3700 2914 3782 intelligentes
2953 3703 3122 3784 quod
3161 3702 3315 3764 dum
3346 3701 3571 3764 volunt
3609 3701 3989 3763 hominibus

587 3796 712 3849 ium
739 3790 856 3835 ¹⁴¹¹·
886 3798 1243 3862 valebimus
1311 3794 1661 3879 perspicaci
1731 3796 1937 3857 cordis
1998 3796 2379 3859 discretione
2413 3797 2457 3859 C
2487 3799 2636 3862 dare
2685 3800 3083 3862 occasionem
3132 3799 3419 3881 pestiferi
3468 3800 3632 3874 vitii,
3676 3800 3991 3862 admisce-

885 3896 1174 3959 obtinere
1233 3896 1640 3957 moderamen
1693 3893 1979 3973 justitiae,
2033 3894 2180 3956 licet
2228 3914 2379 3957 cun-
2486 3904 2595 3959 ant
2635 3897 2948 3977 majestati
2992 3898 3226 3961 divinae
3263 3917 3337 3961 ac
3377 3898 3539 3962 fonti
3576 3897 3769 3961 totius
3810 3898 3989 3979 puri-

886 4002 1132 4057 ctorum
1172 3992 1536 4076 opinatione
1579 3992 1969 4055 aestimemur
2007 3992 2273 4075 perfecti
2317 4002 2380 4055 et
2488 3995 2631 4057 tatis
2674 3995 3134 4059 turbulentiam
3179 3997 3495 4078 passionis
3542 3996 3831 4059 carnalis.

589 4112 852 4166 ,ιω-ωηο.
883 4092 1085 4155 sancti
1141 4112 1154 4156 :
1208 4092 1360 4174 quia
1409 4090 1502 4153 ira
1548 4089 1670 4151 viri
1725 4090 2038 4170 justitiam
2091 4091 2202 4153 Dei
2252 4109 2379 4154 non

883 4198 1199 4271 operatur.
1217 4189 1404 4252 Nullo
1433 4189 1620 4251 etiam
1649 4188 1836 4250 modo
1866 4188 2214 4269 poterimus
2246 4207 2384 4271 pos-

883 4289 1090 4351 sidere
1119 4288 1444 4369 gravitatis
1475 4288 1894 4363 honestatem,
1930 4307 2071 4369 quae
2101 4288 2262 4350 solet
2290 4288 2380 4351 fa·
2888 4251 3392 4314 CAPITULUM
3464 4252 3583 4314 ῙῙῙ·

884 4386 1152 4449 miliaris
1199 4386 1502 4449 exsistere
1553 4385 1708 4446 viris
1755 4386 1949 4447 etiam
2000 4387 2216 4448 saeculi
2266 4388 2383 4449 hu·
2523 4396 2609 4451 De
2634 4397 2731 4451 his
2759 4412 2895 4469 quoe
2922 4399 3043 4453 Deo
3072 4397 3503 4453 attribuuntur
3527 4413 3609 4452 ex
3636 4403 3953 4453 consuetu·

882 4484 1010 4564 juS,
1084 4484 1377 4567 quamvis
1444 4501 1522 4544 ex
1590 4483 1898 4546 natalium
1971 4486 2385 4566 praerogativa
2732 4533 2743 4543 .
2895 4486 3040 4542 dine
3068 4492 3295 4543 nostra»
3323 4492 3587 4543 naturoe.

589 4608 858 4659 maumas,
886 4590 1259 4664 reputemur
1306 4580 1552 4644 nobiles
1601 4600 1676 4643 ac
1725 4580 1972 4644 honesti
2021 4598 2035 4644 ε
2087 4583 2239 4663 quia
2286 4584 2387 4645 vir

586 4671 711 4726 ⁵⁰¹³
726 4668 842 4713 Lxx·
889 4680 1234 4743 iracundus
1291 4679 1664 4741 inhonestus
1721 4686 1834 4741 est.
1887 4679 2191 4743 Praeterea
2246 4682 2385 4743 nul·
2616 4683 2639 4743 Ι
2670 4684 2843 4745 enim
2883 4701 3083 4765 quum
3116 4682 3235 4745 ista
3265 4683 3345 4745 de
3376 4684 3505 4745 Deo
3534 4683 3856 4757 dicuntur,
3894 4684 3988 4745 in-

891 4780 1136 4841 latenus
1194 4777 1484 4840 obtinere
1538 4776 1896 4839 valebimus
1957 4779 2383 4843 maturitatem
2647 4780 2983 4862 telligenda
3042 4788 3190 4842 sunt
3242 4782 3596 4843 secundum
3651 4782 3990 4844 litteralem

888 4877 1162 4952 consilii,
1199 4875 1491 4958 quamvis
1523 4876 1856 4938 videamur
1893 4894 2114 4956 graves
2145 4897 2283 4940 esse
2312 4897 2386 4941 ac
2494 4879 3031 4961 significationem
3084 4880 3274 4941 se'nsu
3326 4880 3563 4942 carnali
3612 4887 3674 4941 et
3725 4880 3987 4961 pingui3

589 4998 857 5051 mamm-1,
888 4993 1139 5037 summa
1169 4973 1436 5036 scientia
1472 4972 1721 5054 praediti
1756 4989 1769 5034 ε
1804 4975 2105 5055 quoniam
2137 4976 2237 5037 vir
2266 4976 2385 5038 ira·
2415 4978 2463 5038 D
2494 4994 2644 5058 ergo
2686 4985 2749 5038 et
2792 4977 2955 5039 Deus
3000 4977 3254 5050 dormit,
3298 4995 3499 5058 quum
3544 4977 3779 5038 dicitur
3812 4996 3826 5041 :
3866 4977 3986 5039 Ex·
4016 5000 4314 5050 Fumea„

585 5062 710 5116 ''¹¹¹“
727 5059 842 5103 ¹⁴¹¹·
886 5075 1134 5136 cundus
1179 5072 1308 5154 agit
1352 5072 1489 5133 sine
1536 5071 1819 5134 consilio.
1863 5073 1988 5135 Nec
2034 5075 2385 5167 poterimus
2493 5094 2701 5156 surge,
2735 5093 2929 5157 quare
2972 5074 3319 5148 obdormiS,
3361 5075 3675 5138 Domine?
3720 5076 3807 5137 De
3856 5094 3987 5157 quo

884 5191 1024 5234 esse
1056 5171 1255 5253 quieti
1301 5189 1338 5231 a
1376 5169 1959 5251 perturbationibus
2002 5171 2232 5247 noxiiS,
2266 5192 2384 5236 nec
2493 5175 2725 5236 iterum
2768 5173 2999 5254 legitur
3036 5190 3050 5234 :
3096 5174 3255 5235 Ecce
3299 5189 3426 5235 non
3466 5172 3840 5236 dormitabit
3876 5192 3986 5235 ne·
4034 5198 4283 5248 Fama.

885 5270 1204 5331 immunes
1234 5287 1309 5331 ac
1341 5267 1524 5329 liberi
1555 5286 1592 5329 a
1621 5268 1920 5349 peccatis,
1954 5270 2247 5351 quamvis
2291 5272 2383 5334 in·
2492 5292 2616 5354 que
2643 5272 2935 5344 dormiet,
2961 5271 3071 5353 qui
3108 5272 3383 5333 custodit
3411 5270 3621 5333 Israel.
3656 5272 3791 5334 Stat
3820 5289 3975 5353 quo-
