4359 6267
154 5116 207 5160 w
240 5116 363 5170 Περ.

101 5192 217 5224 πται.
236 5182 279 5221 3.

1311 514 1392 559 DE
1434 514 1764 561 INSTrrU‘rls
1806 516 1891 560 SS.
1927 514 2189 560 PATRUM.
2235 532 2315 541 —
2353 514 2530 559 LIBER
2569 514 2634 559 XI

811 733 1315 797 CAPITULUM
1378 733 1507 796 VII
1514 782 1527 795 .

506 880 680 947 Quod
704 881 1045 937 cenodoxia
1074 898 1179 937 nec
1207 897 1400 937 eremo
1427 898 1534 937 nec
1562 883 1844 937 castitate

794 986 835 1025 a
862 986 971 1025 suo
997 970 1237 1040 fervore
1268 977 1545 1043 tepescat.

561 1173 689 1236 LlA
732 1173 909 1247 vitia,
944 1183 1013 1236 ut
1056 1175 1357 1249 diximus,
1400 1175 1720 1237 interdum
1770 1194 1920 1256 qua-

580 1273 757 1335 litate
796 1291 908 1334 seu
949 1273 1115 1335 dono
1155 1273 1277 1335 loci
1318 1273 1799 1355 conquiescunt,
1832 1281 1917 1335 at-

416 1390 545 1451 que
608 1370 930 1432 subtracta
988 1372 1080 1433 eis
1148 1372 1392 1453 peccati
1464 1371 1748 1445 materia,
1815 1372 1917 1433 vel

412 1469 893 1549 opportunitate
933 1476 997 1530 et
1039 1470 1369 1532 occasione
1420 1470 1723 1551 peccandi
1773 1468 1918 1531 sub-

417 1566 564 1639 lata,
608 1574 932 1647 tepescere
975 1566 1181 1629 solent
1219 1586 1292 1629 ac
1339 1568 1564 1629 minui.
1606 1568 1726 1629 Sed
1772 1567 1915 1629 viti-

416 1684 529 1724 um
577 1664 745 1725 istud
782 1682 927 1725 cum
961 1663 1245 1744 fugiente
1285 1673 1572 1745 penetrat
1600 1682 1910 1736 eremum,

414 1780 537 1822 nec
569 1762 707 1824 loco
736 1761 1118 1835 excluditur,
1150 1780 1269 1823 nec
1313 1762 1573 1823 materia
1613 1763 1915 1823 extrinse-

3402 492 3516 556 111

1946 683 1997 744 A
2028 684 2322 745 vanitatis
2353 682 2589 745 affectu
2621 691 2762 764 post
2795 684 3124 745 innumera
3152 701 3343 763 opera
3372 700 3523 762 prae·

2026 782 2336 863 coniaque
2396 782 2741 859 virtutum3
2792 790 2855 842 et
2902 782 3014 863 qui
3074 780 3437 862 impetravit
3482 798 3520 841 a

2026 879 2153 941 Deo
2187 879 2693 941 interfectionem
2719 886 2972 941 centum
3000 879 3318 959 octoginta
3346 879 3522 959 quin·
3546 890 3716 949 lvneq.
3729 906 3812 944 212

2026 996 2151 1058 que
2201 977 2478 1038 millium
2528 978 2604 1039 de
2651 976 2934 1039 exercitu
2980 975 3381 1059 Assyriorum
3436 975 3516 1037 ab
3546 957 3613 998 ³⁵·

2026 1074 2252 1155 angelo
2292 1095 2418 1137 una
2461 1083 2666 1148 nocte,
2703 1076 2874 1137 inani
2914 1063 3121 1136 victus
3160 1081 3255 1135 est
3294 1073 3512 1153 gloria.

2026 1173 2141 1245 Qui
2190 1174 2289 1255 (ut
2337 1181 2574 1235 ceteras
2622 1173 2762 1254 ejus
2812 1180 3180 1255 praeteream
3224 1173 3514 1247 virtuteS,

2025 1290 2184 1352 quas
2229 1272 2493 1333 recitare
2539 1272 2855 1352 prolixum
2903 1272 3024 1352 est)
3069 1290 3194 1332 una
3236 1271 3517 1334 oratione
3557 1284 3810 1339 Imaus,

2027 1369 2381 1450 promeruit
2420 1370 2963 1451 prolongationem
3000 1370 3145 1433 vitae
3184 1388 3298 1451 per
3335 1370 3518 1451 quin-
3545 1351 3585 1392 ⁶·

2025 1468 2236 1528 decim
2297 1484 2494 1529 annos
2559 1467 2724 1529 ultra
2778 1468 3122 1529 terminum
3183 1468 3329 1529 vitae
3391 1467 3515 1529 sibi

2022 1574 2167 1627 ante
2213 1583 2608 1646 expressum,
2642 1573 2705 1628 et
2747 1565 2912 1641 ultra
2953 1566 3124 1628 diem
3171 1566 3391 1627 mortis
3428 1565 3520 1626 di-

2023 1663 2173 1724 vina
2230 1664 2543 1725 sententia
2600 1664 2983 1738 nuntiatum,
3036 1663 3166 1726 sole
3217 1663 3518 1725 redeunte
3571 1679 3688 1722 ιῡιιι.
3718 1681 3782 1721 ιι.

2026 1780 2140 1841 per
2177 1761 2398 1822 decem
2441 1761 2672 1841 gradus
2720 1780 2878 1843 quos
2927 1762 3003 1823 ad
3048 1780 3342 1824 occasum
3389 1768 3520 1821 ten-

414 1878 533 1921 cus
564 1859 886 1922 subtracta
916 1860 1256 1921 colliditur.
1282 1861 1418 1923 Non
1450 1862 1622 1923 enim
1656 1860 1912 1922 aliunde
1950 1862 1997 1923 B
2026 1859 2181 1920 dens
2243 1858 2665 1920 illustraverat
2710 1878 2782 1920 ac
2841 1859 3288 1939 pertransierat
3340 1878 3354 1921 ε
3406 1858 3517 1939 qui

411 1957 757 2030 animat-ur,
812 1977 1005 2038 quam
1065 1958 1354 2039 profectu
1406 1959 1714 2019 virtutum
1773 1958 1913 2038 ejus

410 2074 611 2137 quem
659 2062 876 2117 tentat.
930 2056 1196 2138 Insuper
1255 2064 1463 2117 cetera
1508 2056 1665 2117 vitia
1722 2055 1915 2117 inter-

411 2154 571 2215 dum
635 2153 980 2215 mitescunt
1036 2162 1099 2216 et
1160 2161 1549 2216 evanescunt
1612 2172 1913 2236 processu

410 2254 744 2334 temporiS,
787 2254 955 2313 sicut
1004 2253 1451 2333 praediximus3
1499 2252 1651 2313 huic
1699 2260 1912 2314 autem

409 2368 591 2412 vanae
620 2349 836 2431 gloriae
866 2350 1024 2413 vitio
1055 2349 1422 2431 longaevitas
1456 2351 1602 2413 vitae
1631 2358 1739 2411 aut
1768 2357 1915 2411 tem-

411 2448 589 2531 poris
620 2466 747 2511 non
788 2448 995 2510 solum
1038 2466 1165 2510 non
1196 2448 1431 2521 obviat,
1466 2467 1689 2511 verum
1720 2448 1912 2509 etiam

411 2546 663 2609 confert
712 2546 951 2625 majora
1008 2545 1308 2619 fomenta,
1362 2546 1486 2608 nisi
1536 2546 1730 2608 fuerit
1781 2546 1912 2609 lon-

408 2646 672 2727 gaevitas
713 2645 849 2727 ipsa
883 2644 1148 2707 fundata
1187 2644 1400 2707 solerti
1442 2644 1753 2707 industria
1786 2646 1908 2707 dis-

412 2743 824 2824 cretioneque
864 2743 1149 2825 provida.

787 3022 1292 3087 CAPITULUM
1347 3022 1529 3086 VIII.

438 3207 613 3275 Quod
638 3206 977 3263 cenodoxia
998 3205 1411 3277 periculosior
1436 3206 1520 3259 sit
1546 3205 1770 3260 virtuti
1774 3205 1882 3260 bus

1046 3294 1265 3349 mioeta.

538 3526 889 3591 OSTREMO
938 3535 1162 3589 ceterae
1211 3526 1534 3609 passiones
1581 3545 1655 3588 ac
1702 3524 1907 3606 culpae

554 3644 595 3687 a
627 3624 971 3687 virtutibus
1016 3624 1139 3686 sibi
1184 3624 1517 3687 contrariis
1560 3630 1909 3706 sequestra-

406 3732 511 3797 tae,
562 3732 630 3785 et
675 3731 893 3786 contra
940 3742 1047 3785 eas
1094 3731 1309 3805 aperte
1358 3722 1539 3803 quasi
1588 3721 1757 3784 claro
1805 3720 1908 3782 die

406 3830 790 3903 pugnantes,
842 3819 1097 3883 facilius
1146 3827 1528 3902 superantur
1574 3826 1763 3900 atque
1812 3837 1909 3879 ca-

403 3928 675 3998 ventur3
708 3919 817 3982 sed
848 3938 1011 3981 vana
1048 3918 1249 4000 gloria
1288 3937 1355 3981 se
1394 3917 1750 3980 admiscens
1782 3916 1905 3977 vir-

406 4018 679 4091 tutibuS‚
745 4026 809 4080 et
872 4018 1065 4080 insita
1124 4017 1284 4079 aciei
1351 4034 1593 4089 earum,
1659 4015 1906 4077 occulte

402 4134 665 4198 quoque
711 4116 1095 4197 impugnans
1138 4121 1441 4196 tanquam
1486 4114 1551 4174 in
1595 4120 1778 4175 nocte
1820 4119 1906 4173 te—

2027 1975 2246 2017 rursus
2306 1957 2511 2018 reditu
2571 1974 2687 2018 suo
2746 1956 2943 2018 lineas
3005 1956 3143 2018 illas
3195 1956 3518 2017 illustrans

2025 2073 2185 2135 quas
2249 2053 2476 2115 umbra
2537 2073 2809 2136 sequens
2871 2061 3207 2135 operuerat
3261 2072 3338 2115 ex
3402 2070 3517 2115 suo

2025 2151 2348 2227 abscessu,
2391 2151 2664 2233 praebuit
2706 2152 3006 2214 universo
3052 2152 3192 2214 orbi
3239 2151 3520 2233 duplica-

2026 2259 2161 2313 tum
2195 2251 2364 2312 diem
2405 2251 2688 2312 inaudito
2730 2250 3038 2312 miraculo
3069 2258 3286 2312 contra
3326 2258 3519 2312 statu-

2029 2359 2117 2411 tas
2146 2350 2314 2429 leges
2345 2356 2596 2411 naturae.
2615 2349 2896 2431 Denique
2927 2348 3198 2431 qualiter
3224 2347 3520 2410 Ezechias

2026 2447 2220 2509 fuerit
2268 2466 2381 2528 per
2441 2448 2694 2509 inanem
2753 2448 3018 2527 gloriam
3069 2466 3146 2509 ex
3199 2446 3519 2528 prosperis

2025 2546 2157 2607 suis
2203 2545 2606 2607 successibus
2643 2546 2850 2607 victus
2892 2552 3035 2626 post
3075 2552 3247 2607 tanta
3285 2552 3348 2607 et
3387 2552 3516 2606 tam

2024 2643 2426 2705 incredibilia
2475 2644 2674 2723 signa,
2727 2652 2788 2705 et
2837 2651 2979 2725 post
3027 2650 3158 2705 tam
3217 2642 3518 2725 praeclara

2023 2742 2334 2804 virtutum
2372 2742 2752 2804 documenta
2793 2749 2856 2803 et
2899 2760 3112 2823 opera,
3153 2741 3302 2803 audi
3351 2741 3515 2803 Scri-

2022 2848 2276 2922 pturam
2316 2840 2633 2902 dicentem
2669 2857 2682 2901 :
2717 2841 2785 2901 In
2826 2839 3050 2902 diebus
3090 2839 3218 2900 illis
3256 2846 3513 2919 aegrota-
3595 2860 3630 2904 ιι
3659 2860 3771 2904 Par.

2021 2939 2114 3001 vit
2157 2938 2456 3000 Ezechias
2501 2956 2702 3019 usque
2750 2938 2827 2999 ad
2873 2944 3164 3013 mortem,
3207 2944 3271 2998 et
3311 2938 3514 3000 oravit
3541 2926 3759 2975 ¹¹¹¹¹’²⁴·

1947 3034 1990 3097 C
2019 3037 2384 3109 Dominum,
2418 3044 2481 3097 et
2519 3035 2695 3111 dedit
2731 3036 2791 3097 ei
2832 3036 3086 3115 signum
3115 3036 3304 3115 (illud
3338 3036 3513 3099 vide-

2021 3135 2170 3197 licet
2218 3135 2388 3217 quod
2446 3141 2671 3216 quarto
2719 3134 2959 3214 Regum
3019 3133 3184 3196 libro
3242 3133 3512 3215 legimus
3541 3154 3806 3210 wneqax,

2019 3233 2238 3294 datum
2277 3232 2354 3293 de
2397 3232 2602 3293 reditu
2644 3231 2794 3294 solis
2838 3250 2949 3312 per
2977 3231 3202 3293 Isaiam
3244 3231 3511 3314 prophe·
3541 3220 3607 3260 ¹¹·

2021 3331 2196 3412 tam).
2233 3330 2308 3391 Et
2338 3330 2626 3411 sequitur
2657 3330 2745 3391 ibi
2783 3348 2796 3391 :
2831 3330 2950 3391 Sed
2989 3348 3117 3392 non
3158 3330 3510 3393 secundum
3593 3350 3626 3393 ιι
3651 3351 3763 3395 Par.

2018 3428 2336 3490 beneficia
2363 3448 2505 3510 quae
2532 3435 2862 3509 acceperat
2892 3427 3188 3490 Ezechias
3217 3428 3515 3490 retribuit
3537 3416 3807 3466 ¹¹¹¹¹·²⁵·²⁶·

2019 3525 2310 3599 Domino,
2361 3526 2512 3606 quia
2559 3525 2875 3587 elevatum
2923 3531 3020 3587 est
3068 3542 3176 3587 cor
3223 3525 3400 3605 ejus3
3450 3533 3514 3588 et

2018 3624 2186 3686 facta
2224 3631 2321 3685 est
2350 3630 2568 3685 contra
2605 3642 2753 3684 eum
2795 3623 2908 3697 ira,
2941 3630 3004 3685 et
3035 3630 3254 3685 contra
3288 3624 3511 3686 Judam

2019 3729 2081 3783 et
2109 3721 2491 3799 Jerusalem3
2525 3720 3024 3801 humiliatusque
3055 3727 3151 3781 est
3183 3728 3419 3801 postea,
3438 3738 3514 3783 eo

2019 3820 2190 3902 quod
2234 3820 2577 3880 exaltatum
2628 3825 2795 3879 esset
2842 3836 2950 3879 cor
2991 3818 3153 3898 ejuS,
3197 3824 3325 3879 tam
3377 3820 3513 3900 ipse

2019 3936 2210 4000 quam
2275 3916 2658 3979 habitatores
2719 3916 3087 3989 Jerusalem,
3149 3923 3211 3977 et
3276 3916 3513 3980 idcirco

2018 4034 2146 4078 non
2177 4015 2352 4077 venit
2392 4033 2584 4095 super
2613 4032 2721 4075 eos
2764 4013 2856 4075 ira
2895 4014 3147 4076 Domini
3189 4014 3254 4075 in
3285 4015 3510 4077 diebus

2020 4114 2320 4175 Ezechiae.
2353 4112 2512 4173 Ecce
2554 4131 2744 4193 quam
2786 4112 3181 4193 perniciosus
3212 4119 3272 4173 et
3302 4113 3510 4194 gravis

400 4213 703 4288 nebrosa,
736 4213 1013 4276 atrocius
1048 4211 1215 4275 fallit
1246 4211 1531 4274 incautos
1568 4229 1641 4272 ac
1674 4210 1907 4291 impro-
1938 4220 1985 4282 D
2014 4218 2114 4274 est
2153 4211 2416 4273 morbus
2462 4210 2599 4282 iste,
2634 4229 2762 4291 quo
2806 4229 2932 4271 una
2975 4210 3244 4272 elatione
3289 4211 3511 4292 deper-

400 4311 599 4374 visos..

812 4553 1316 4617 CAPITULUM
1379 4553 1497 4616 IX.

476 4702 845 4775 Exemplum
879 4702 1041 4773 reqis
1076 4702 1378 4764 Ezechiae,
1418 4701 1688 4773 qualiter
1726 4700 1839 4756 telo

736 4807 915 4849 vanoe
940 4790 1159 4862 ylorioe
1187 4792 1269 4845 sit
1296 4790 1581 4861 dejectus.

537 4997 822 5061 EGIMUS
862 4996 1197 5059 Ezechiam
1237 5014 1449 5077 regem
1482 4997 1659 5071 Juda,
1695 4997 1904 5059 virum

554 5097 619 5157 in
654 5095 833 5158 omni
870 5094 1117 5175 justitia
1152 5102 1687 5169 consummatum,
1720 5102 1908 5175 atque

412 5202 777 5259 sanctarum
825 5193 1189 5255 testimonio
1244 5192 1713 5274 Scripturarum
1774 5211 1911 5274 pro-

413 5293 662 5367 batum,
705 5290 905 5355 fuisse
953 5290 1274 5372 dejectum
1325 5308 1452 5353 uno
1499 5290 1790 5353 elationis
1837 5310 1911 5352 ac

2015 4317 2169 4373 eunt
2199 4316 2387 4371 tantae
2415 4308 2680 4389 justitiae
2708 4327 2782 4370 ac
2811 4308 3100 4381 virtutes,
3133 4314 3307 4369 tanta
3346 4308 3510 4372 fides

2016 4415 2206 4489 atque
2250 4406 2525 4478 devotio,
2572 4424 2713 4487 quae
2757 4413 3128 4467 meruerunt
3170 4406 3510 4469 immutare

2015 4506 2222 4587 ipsam
2263 4511 2554 4564 naturam
2585 4512 2649 4565 et
2681 4502 2850 4583 leges
2883 4502 3076 4565 totius
3118 4504 3342 4567 mundi
3377 4522 3391 4566 ε
3428 4504 3513 4567 ita

2017 4612 2087 4666 ut
2126 4602 2443 4663 universis
2476 4601 2819 4663 virtutibus
2861 4601 3001 4681 ejus
3041 4601 3349 4665 oblivioni
3389 4610 3510 4665 tra-

2015 4701 2164 4764 ditis
2209 4719 2282 4761 ac
2327 4700 2379 4761 si
2423 4717 2751 4781 nunquam
2801 4698 3094 4773 fuissent,
3139 4700 3511 4764 incurrisset

2016 4798 2308 4882 protinus
2357 4798 2530 4873 ,iram
2590 4796 2724 4870 Dei,
2783 4797 2907 4858 nisi
2969 4797 3279 4878 placasset
3335 4818 3508 4861 eam-

2017 4900 2161 4960 dem
2201 4896 2561 4958 humilitate
2601 4903 2960 4977 resumpta3
3003 4903 3072 4957 ut
3111 4896 3221 4977 qui
3262 4897 3340 4959 de
3379 4905 3510 4961 tam

2017 4995 2268 5058 excelso
2321 4994 2694 5055 meritorum
2744 4993 3018 5074 fastigio,
3069 4995 3340 5058 elatione
3394 4996 3511 5057 im·
3601 5046 3604 5049 .

2020 5094 2317 5176 pellente,
2363 5098 2704 5164 corruerat,
2747 5109 2874 5153 non
2917 5092 3040 5154 nisi
3093 5111 3204 5173 per
3251 5094 3504 5155 eosdem

2020 5190 2401 5253 humilitatis
2461 5190 2691 5269 gradus
2753 5190 2831 5251 ad
2889 5189 3192 5251 amissum
3254 5190 3508 5251 culmen

2025 5288 2436 5373 perfectionis
2480 5306 2700 5349 rursus
2741 5288 3126 5349 ascenderet.
