4359 6267
901 493 1021 560 330
1581 511 1998 560 coum-mmm
2041 511 2126 557 ss.
2160 510 2406 557 rammi
2446 511 2620 556 mnan
2661 509 2723 554 n.
2770 526 2851 536 —
2891 507 3178 556 commo
3217 508 3324 554 xv1

1205 713 1708 779 GAPITULUM
1770 713 2090 777 XXVIII·
2428 681 2481 744 A
2507 680 2809 744 dissimus
2849 679 3048 744 hostis
3088 678 3442 763 praecipitat
3470 693 3578 740 eos
3612 675 3885 738 celerius
3926 675 4011 738 ad

2507 778 3003 861 dirumpendum
3038 777 3297 842 vincula
3332 776 3784 849 amicitiarum,
3820 781 3891 836 ut
3922 773 4015 835 fa-

2509 878 2634 939 ciat
2678 896 2785 940 eos
2833 877 2975 940 initi
3020 877 3186 961 pacti
3233 876 3765 958 praevaricatores.
3802 873 4015 935 Veris-

2510 977 2670 1038 sima
2708 994 2857 1058 ergo
2901 983 2999 1038 est
3037 975 3681 1059 prudentissimorum
3722 973 4015 1036 virorum

1059 1074 1276 1138 ULTIS
1324 1093 1578 1158 quoque
1629 1077 2082 1158 experimentis
2132 1077 2402 1158 saepissi-
2509 1075 2843 1150 sententia,
2878 1093 3094 1138 veram
3134 1073 3539 1137 concordiam
3582 1091 3656 1134 ac
3697 1070 4018 1133 individu-

1089 1191 1190 1234 me
1240 1182 1336 1236 est
1379 1174 1739 1256 probatum,
1782 1167 1912 1238 eos'
1941 1194 2067 1238 non
2116 1176 2400 1259 potuisse
2508 1193 2611 1236 am
2658 1174 3022 1236 societatem
3068 1181 3233 1236 stare
3271 1191 3399 1235 non
3440 1189 3647 1254 posse,
3682 1171 3805 1233 nisi
3846 1170 4017 1232 inter

902 1288 1152 1332 servare
1196 1271 1588 1353 indiruptam
1636 1273 2040 1335 concordiam
2086 1274 2199 1355 qui
2250 1274 2405 1336 inie-
2512 1290 2719 1335 mores
2760 1272 3125 1335 emendatos
3157 1279 3221 1335 et
3250 1270 3420 1334 viros
3458 1270 3747 1351 ejusdem
3786 1285 4019 1350 propo-

903 1375 1052 1429 runt
1079 1368 1378 1432 amicitiae
1407 1369 1616 1432 foedus
1649 1389 1795 1432 cum
1835 1370 2220 1451 juramento,
2254 1371 2405 1453 quia
2512 1371 2617 1433 siti
2660 1389 2733 1432 ac
2771 1370 3045 1433 virtutis

904 1467 1112 1530 conati
1154 1475 1303 1529 sunt
1331 1487 1470 1530 eam
1508 1477 1723 1531 tenere
1760 1487 1886 1531 non
1922 1469 2238 1533 desiderio
2270 1489 2407 1552 per·
2592 1469 2737 1531 Haec
2796 1469 2873 1530 de
2930 1469 3213 1530 amicitia
3274 1468 3340 1530 B.
3400 1467 3630 1549 Ioseph
3689 1463 4011 1547 spirituali

904 1563 1198 1626 fectionis
1244 1585 1452 1647 neque
1499 1566 1738 1628 intuitu
1781 1568 2142 1649 apostolicae
2188 1567 2406 1630 carita-
2516 1566 2873 1628 narratione
2914 1567 3235 1640 disseruit,
3269 1584 3513 1647 nosque
3551 1563 3875 1627 ardentius
3920 1563 4015 1624 in-

906 1662 1009 1736 tis,
1044 1663 1153 1724 sed
1196 1681 1274 1724 ex
1317 1682 1531 1726 amore
1574 1672 1846 1739 terren0,
1880 1673 1990 1726 aut
2030 1666 2405 1729 necessitate
2516 1665 2735 1727 citavit
2777 1665 2854 1726 ad
2900 1665 3379 1728 custodiendam
3424 1672 3798 1746 perpetuam
3841 1681 4013 1725 verae

907 1768 967 1821 et
1008 1761 1265 1824 vinculo
1310 1762 1450 1824 initi
1495 1763 1700 1845 pacti3
1745 1763 1844 1825 vel
1889 1764 2190 1845 quoniam
2238 1763 2409 1826 calli·
2517 1763 2866 1826 sodalitatis
2909 1763 3337 1826 dilectionem.

903 834 1076 902 Quod
1111 836 1404 891 amicitiae
1439 853 1571 892 cum
1597 836 1950 907 juramento
1992 837 2170 891 initoe
2206 835 2400 906 firmae

1356 940 1481 981 esse
1519 941 1641 981 non
1679 924 1942 981 valeant.
