4359 6267
992 501 1409 548 coLLATlonfl
1452 502 1537 548 SS.
1572 501 1816 548 PATRUM
1856 503 2032 548 LIBER
2073 505 2134 550 11.
2181 523 2263 532 -
2302 505 2587 552 contulo
2626 509 2753 554 xvn

353 671 574 752 cupivit
612 671 1116 735 benedictionem
1163 672 1586 754 primogenito
1623 671 1820 753 depu—
1844 670 1895 733 A

353 779 544 844 tatam,
577 788 698 833 non
731 789 808 833 ex
837 771 1101 833 avaritia
1137 770 1297 833 lucri
1330 771 1681 852 praesentiS‚
1705 771 1815 832 sed

351 888 420 930 ex
447 868 564 931 fide
591 879 913 952 perpetuae
947 869 1504 948 sanctificationis3
1536 878 1600 931 et
1627 869 1816 932 Judas

351 967 517 1029 morti
546 968 800 1030 tradidit
833 969 1122 1031 omnium
1161 968 1649 1050 Redemptorem
1688 985 1814 1029 non

347 1083 538 1128 amore
573 1065 794 1128 salutis
835 1066 1149 1142 humanae‚
1183 1067 1294 1128 sed
1326 1066 1692 1150 cupiditatis
1731 1065 1818 1128 fa-

347 1163 557 1226 cinore.
608 1165 851 1228 Idcirco
901 1166 1163 1248 utrique
1204 1184 1425 1228 eorum
1485 1166 1814 1227 restitutus

345 1271 432 1324 est
464 1263 700 1326 ‚fructus
738 1265 952 1346 operis
990 1266 1089 1328 sui
1129 1265 1482 1327 secundum
1523 1264 1816 1326 intentio-

345 1379 475 1422 nem
505 1362 730 1424 mentis
757 1379 976 1425 eorum
1006 1371 1068 1424 et
1093 1363 1276 1443 juxta
1305 1363 1648 1425 voluntatis
1682 1380 1817 1443 pro-

345 1461 620 1542 positum,
680 1462 832 1543 quia
892 1480 1011 1524 nec
1072 1461 1263 1523 Jacob
1325 1461 1544 1523 statuit
1604 1458 1812 1522 facere

342 1558 631 1634 fraudem,
673 1579 792 1622 nec
831 1561 1022 1623 Judas
1069 1560 1364 1634 salutem,
1406 1579 1548 1641 quae
1596 1566 1814 1621 contra

343 1676 501 1738 spem
538 1665 598 1720 et
637 1658 1025 1721 desiderium
1063 1659 1204 1739 ejus
1245 1665 1460 1720 exorta
1500 1665 1613 1719 est.
1649 1657 1811 1718 Illud

343 1755 532 1836 itaque
557 1755 726 1836 juste
758 1764 1278 1839 recompensatur
1320 1756 1665 1848 unicuique
1696 1773 1811 1836 pro

3299 490 3421 555 335

2297 724 2799 791 CAPITULUM
2863 728 3052 791 XIII.

1945 873 2116 938 Quod
2159 873 2293 928 sine
2337 874 2520 946 culpa
2566 875 2715 931 ordo
2760 878 3068 947 pactionis
3114 884 3397 942 mutetur,

2011 961 2326 1019 dummodo
2354 963 2596 1037 effectus
2627 965 2771 1021 boni
2798 967 2993 1021 studii
3020 969 3328 1040 capiatur.

2019 1158 2261 1222 OSEPH
2296 1178 2309 1222 ε
2344 1161 2517 1224 Sicut
2559 1162 2804 1244 praefati
2849 1185 3091 1240 summ,
3137 1167 3419 1249 proposi-

2037 1265 2172 1320 tum
2228 1259 2361 1322 sive
2410 1261 2679 1324 intentio
2729 1265 2958 1327 mentis
3008 1267 3264 1329 damnat
3310 1266 3420 1331 ho-

1925 1355 2164 1418 minem
2210 1359 2310 1420 vel
2352 1369 2630 1436 accusat,
2660 1361 2841 1442 juxta
2883 1363 3043 1426 illud
3080 1363 3364 1446 Apostoli
3398 1383 3412 1426 :

1924 1454 2092 1516 Inter
2139 1475 2206 1518 se
2255 1458 2532 1520 invicem
2582 1461 3071 1541 cogitationibus
3120 1482 3419 1525 accusan-
3443 1477 3710 1529 Romnum.

1923 1552 2092 1615 tibus
2132 1563 2242 1616 aut
2283 1557 2473 1619 etiam
2516 1558 3027 1635 defendentibus,
3062 1561 3127 1622 in
3159 1561 3261 1624 die
3292 1581 3417 1643 qua

1918 1649 2235 1731 judicabit
2284 1654 2592 1718 Dominus
2639 1656 2888 1719 occulta
2936 1659 3306 1738 hominum3
3354 1667 3418 1721 et

1917 1749 2098 1829 juxta
2136 1750 2295 1813 illud
2338 1752 2401 1814 in
2446 1755 2650 1817 Isaia:
2696 1755 2824 1837 Ego
2862 1764 3075 1819 autem
3120 1775 3312 1840 opera
3354 1767 3417 1820 et
3446 1780 3709 1832 zamma.

340 1853 751 1916 retributionis
795 1855 1110 1930 mercede,
1152 1855 1322 1936 quod
1371 1853 1811 1936 principaliter
1847 1853 1894 1915 Β
1923 1849 2334 1930 cogitationes
2392 1871 2611 1915 eorum
2658 1855 2848 1917 venio
2897 1864 2967 1917 ut
3014 1874 3413 1938 congregem,

343 1959 532 2013 mente
579 1953 893 2033 concepit,
935 1970 1062 2015 non
1107 1953 1277 2034 quod
1327 1953 1474 2013 inde
1519 1959 1810 2013 secutum

338 2058 426 2110 est
453 2049 606 2111 bene
643 2058 752 2112 aut
786 2051 948 2112 male
981 2058 1198 2114 contra
1233 2049 1477 2132 agentis
1520 2049 1813 2112 intentio-

339 2168 490 2210 nem.
523 2149 676 2211 Hinc
704 2149 902 2230 judex
927 2149 1322 2230 justissimus
1353 2147 1808 2222 excusabilem,

339 2248 456 2310 imo
486 2247 862 2310 laudabilem
895 2249 1143 2310 censuit
1169 2247 1358 2310 Jacob
1400 2254 1813 2329 praesumpto-

337 2365 461 2406 rem
515 2346 652 2407 talis
708 2347 1048 2421 mendacii,
1100 2346 1236 2408 sine
1294 2364 1421 2428 quo
1481 2345 1812 2427 pervenire

337 2445 605 2526 nequivit
650 2445 727 2507 ad
788 2445 1300 2508 benedictionem
1360 2445 1815 2528 primogenitu-

335 2562 430 2604 rae.
463 2543 582 2606 Nec
619 2543 842 2606 debuit
877 2562 993 2625 pro
1024 2544 1292 2606 crimine
1332 2543 1610 2626 reputari
1642 2543 1811 2624 quod

334 2641 629 2704 desiderio
667 2642 1130 2704 benedictionis
1173 2649 1462 2704 exortum
1503 2648 1632 2720 est;
1663 2641 1812 2703 alio-

333 2740 436 2821 qui
487 2741 666 2802 Jacob
726 2741 1086 2822 patriarcha
1143 2741 1369 2803 fuisset
1423 2757 1549 2803 non
1602 2741 1810 2802 solum

334 2839 576 2920 iniquus
615 2840 680 2902 in
720 2839 982 2902 fratrem
1024 2859 1212 2902 suum
1251 2840 1438 2914 Esau,
1472 2839 1580 2901 sed
1619 2839 1812 2901 etiam

332 2939 784 3001 circumventor
822 2939 886 3000 in
928 2947 1174 3021 patrem
1212 2947 1401 3020 atque
1442 2938 1808 3019 sacrileguS,

1921 1965 2068 2008 cum
2117 1949 2417 2012 omnibus
2460 1952 2756 2032 gentibus
2796 1961 2859 2016 et
2898 1954 3151 2035 linguis.
3195 1955 3419 2028 Quam-

1919 2045 2163 2118 obrem,
2210 2055 2279 2109 ut
2322 2049 2531 2123 video,
2576 2052 3064 2131 promissionem
3109 2053 3285 2115 illam
3331 2053 3419 2116 fe·

1917 2144 2093 2207 cistis
2124 2146 2440 2209 desiderio
2471 2148 3244 2230 perfectionis,credentes
3275 2171 3414 2215 eam

1919 2261 2104 2325 posse
2134 2247 2381 2327 acquiri
2412 2247 2633 2309 ordine
2665 2247 2775 2310 illo
2805 2267 2954 2330 qun,
2990 2269 3160 2311 nunc
3200 2269 3419 2332 super-

1919 2343 2214 2405 veniente
2240 2345 2540 2426 'pleniore
2577 2346 2844 2427 judicio,
2879 2348 3248 2429 conspicitis
3291 2366 3415 2410 non

1919 2459 2105 2522 posse
2137 2443 2408 2524 pertingi
2441 2444 2519 2506 ad
2551 2444 3008 2508 sublimitatem
3041 2446 3414 2527 ipsiuS.Non

1920 2556 2068 2618 ergo
2107 2540 2481 2621 praejudicat
2524 2543 2851 2624 sponsioni
2890 2543 3202 2625 quidquid
3241 2543 3416 2606 vide-

1919 2645 2061 2699 atur
2117 2639 2425 2702 accidisse
2484 2641 2850 2723 discrepans
2908 2641 2987 2703 ab
3042 2641 3150 2703 illa
3208 2642 3416 2724 dispo-

1919 2736 2168 2809 sitione,
2221 2738 2568 2801 dummodo
2628 2739 2803 2801 nulla
2859 2740 3191 2803 diversitas
3240 2740 3413 2803 illius

1922 2835 2294 2917 principalis
2345 2838 2651 2918 propositi
2701 2837 3141 2920 subsequatur.
3194 2839 3413 2922 Neque

1919 2934 2091 2995 enim
2122 2933 2369 3015 opificii
2405 2955 2515 2998 seu
2546 2936 2699 2998 'artis
2730 2936 3109 3018 cujusquam
3140 2938 3414 3001 desertio

330 3037 376 3098 si
405 3037 633 3100 habens
662 3037 851 3100 aliam
877 3037 1046 3099 viam
1076 3037 1488 3119 perveniendi
1519 3037 1598 3098 ad
1629 3037 1813 3098 bene·
1847 3038 1890 3101 C
1919 3041 2015 3094 est
2069 3031 2439 3095 ferramenti
2499 3035 2785 3108 mutatio,
2835 3053 2954 3096 nec
3010 3034 3236 3097 electio
3292 3036 3413 3098 viae

331 3135 678 3210 dictionem,
727 3135 1057 3198 maluisset
1103 3135 1384 3217 arripere
1433 3135 1618 3196 istam
1669 3153 1811 3216 quae

331 3234 498 3296 fratri
525 3254 638 3297 suo
665 3243 802 3298 erat
829 3236 1150 3297 damnosa.
1170 3233 1410 3296 Videtis
1440 3251 1590 3314 ergo
1619 3253 1655 3295 a
1685 3233 1812 3295 Deo

331 3333 551 3415 inquiri
583 3353 708 3397 non
745 3341 991 3396 tantum
1022 3334 1232 3416 operis
1273 3350 1666 3415 processum,
1700 3332 1808 3393 sed

329 3441 384 3492 et
425 3433 647 3495 mentis
694 3433 1111 3514 proposit-um.

399 3531 500 3593 His
547 3549 696 3613 ergo
748 3530 1116 3612 praemissiS,
1171 3537 1240 3591 ut
1285 3537 1681 3591 revertamur
1728 3528 1807 3590 ad

331 3631 697 3710 propositam
730 3628 1149 3711 quaestionem
1185 3627 1266 3690 ob
1299 3647 1492 3710 quam
1529 3627 1808 3689 introdu-

329 3735 420 3788 cta
463 3736 607 3790 sunt
648 3727 866 3790 omnia
907 3726 1048 3800 ista,
1089 3726 1235 3788 volo
1278 3733 1348 3787 ut
1391 3726 1670 3807 primum
1717 3745 1807 3787 re-

327 3827 670 3906 spondeatis
709 3844 905 3908 quam
935 3824 1017 3886 ob
1049 3843 1304 3886 causam
1333 3824 1613 3887 feceritis
1654 3843 1806 3907 prae-

327 3933 624 3987 narratam
669 3923 1179 4007 promissionem.

693 4179 1198 4254 CAPITULUM
1259 4181 1414 4244 XII.

427 4331 566 4398 Quoe
593 4345 780 4387 causa
810 4330 1084 4401 eoeeyerit
1111 4330 1492 4402 sponsionem
1521 4329 1695 4384 illam

923 4435 964 4474 a
992 4418 1187 4475 nobis.

451 4614 810 4678 ERMANUS
844 4633 858 4676 ε
895 4615 1070 4678 Sicut
1097 4615 1228 4696 jam
1261 4615 1562 4691 diximuS,
1597 4616 1803 4698 prima

476 4715 586 4776 illa
643 4731 831 4776 causa
877 4712 1022 4788 fuit,
1072 4715 1373 4796 quoniam
1424 4715 1803 4777 verebamur

322 4813 586 4876 seniores
619 4820 866 4874 nostros
897 4812 1270 4876 contristare
1299 4822 1362 4876 et
1391 4832 1612 4876 eorum
1645 4834 1802 4896 prae-

322 4913 508 4992 ceptis
559 4911 870 4973 resistere.
925 4911 1234 4985 Secunda,
1285 4913 1434 4994 quia
1487 4913 1805 4975 inconsul-

322 5009 552 5072 tissima
595 5009 1006 5091 persuasione
1037 5011 1422 5073 credidimus
1462 5029 1649 5094 posse
1688 5031 1802 5075 nos

321 5125 625 5183 exercere,
658 5126 858 5190 quum
890 5108 967 5170 ad
1000 5109 1361 5172 coenobium
1392 5111 1799 5187 redissemus,

323 5206 367 5267 si
397 5206 904 5290 percepissemus
934 5207 1077 5268 visu
1107 5216 1216 5269 aut
1253 5208 1473 5270 auditu
1516 5209 1806 5290 magnifi-

327 5323 458 5369 cum
499 5305 744 5387 aliquid
785 5313 848 5368 et
891 5304 1264 5388 perfectum.

1921 3131 2487 3212 compendiosioris
2520 3132 2927 3213 reprehendit
2956 3133 3292 3213 segnitiem
3319 3135 3413 3196 vi-

1919 3230 2130 3291 atoris,
2151 3232 2366 3314 Itaque
2396 3232 2588 3294 etiam
2618 3231 2678 3292 in
2708 3230 2824 3293 hac
2853 3240 3028 3313 parte
3054 3232 3413 3295 emendatio

1920 3329 2360 3409 promissionis
2410 3331 2783 3413 improvidae
2829 3348 2953 3393 non
2997 3338 3093 3393 est
3128 3330 3413 3411 judican-

1919 3427 1998 3488 da
2057 3411 2471 3509 transgressio
2530 3429 2971 3511 promissionis
3035 3430 3404 3513 spiritualis,

1917 3526 2236 3608 Quidquid
2298 3528 2470 3589 enim
2533 3527 2610 3589 fit
2673 3546 2787 3609 pro
2851 3529 3109 3590 caritate
3176 3529 3287 3591 Dei
3348 3535 3411 3592 et

1915 3644 2131 3688 amore
2179 3627 2453 3707 pietatiS,
2492 3646 2633 3708 quae
2684 3627 3173 3708 promissionem
3221 3627 3409 3689 habet

1916 3725 2061 3786 vitae
2110 3745 2252 3806 quae
2302 3744 2472 3786 nunc
2519 3734 2634 3800 est,
2687 3734 2750 3788 et
2799 3725 3066 3805 futurae3
3115 3726 3407 3807 quamvis

1915 3824 2206 3885 videatur
2254 3824 2534 3887 inchoari
2585 3825 2761 3887 duris
2803 3831 2867 3886 et
2903 3825 3185 3887 adversis
3235 3824 3405 3906 prin-

1913 3923 2122 4004 cipiis,
2158 3923 2343 3985 laude
2386 3923 2836 4004 dignissimum
2878 3932 2996 3999 est,
3039 3942 3157 3986 nec
3200 3943 3407 4005 repre-

1912 4022 2286 4085 hensionem
2343 4023 2539 4084 ullam
2600 4032 2897 4086 meretur.
2949 4023 3192 4087 Idcirco
3243 4023 3405 4085 nihil

1912 4121 2286 4201 praejudicat
2317 4120 2649 4201 refragatio
2679 4140 2791 4183 seu
2832 4121 3191 4184 retractatio
3220 4139 3406 4203 spon·

1833 4225 1879 4286 D
1910 4219 2106 4281 sionis
2139 4219 2429 4293 incautae,
2463 4219 2809 4294 dummodo
2840 4221 3062 4301 quovis
3097 4221 3285 4284 modo
3314 4228 3403 4283 te-

1910 4326 2135 4379 neatur
2164 4318 2560 4400 propositum
2594 4317 2846 4398 pietatis
2877 4318 3150 4382 intentae.
3179 4318 3404 4382 Omnia

1910 4416 2150 4499 quippe
2209 4425 2466 4498 propter
2513 4416 2632 4478 hoc
2680 4416 2950 4496 agimus,
3002 4425 3069 4478 ut
3118 4418 3247 4480 Deo
3296 4435 3405 4481 cor

1912 4534 2146 4596 purum
2177 4514 2478 4578 exhibere
2509 4514 2828 4596 possimus
2855 4533 2868 4578 :
2894 4515 3078 4596 cujus
3109 4517 3402 4599 puritatis

1912 4613 2375 4675 consummatio
2407 4613 2461 4674 si
2495 4612 2746 4676 facilius
2777 4615 3049 4678 obtineri
3093 4635 3279 4698 posse
3305 4617 3405 4698 ju-

1911 4712 2158 4774 dicatur
2207 4713 2271 4773 in
2319 4711 2475 4774 locis
2523 4713 2645 4787 his,
2696 4733 2922 4795 parum
2970 4715 3173 4779 oberit
3218 4718 3403 4781 vobis

1913 4812 2179 4873 mutatio
2226 4819 2483 4873 extortae
2533 4813 3006 4893 promissionis;
3056 4816 3403 4879 dummodo

1912 4910 2285 4993 principalis
2316 4909 2622 4990 perfectio
2652 4912 2966 4992 puritatiS,
3000 4913 3185 4993 cujus
3216 4915 3406 4976 intui-

1918 5019 1981 5072 tu
2013 5009 2503 5090 promissionem
2535 5009 2709 5071 illam
2743 5009 3004 5085 fecistiS,
3037 5013 3403 5093 acquiratur

1916 5108 2226 5170 maturius
2274 5108 2624 5169 secundum
2669 5107 3057 5171 voluntatem
3107 5110 3403 5194 Omnipo-

1914 5206 2123 5270 tentiS.
2157 5207 2293 5268 Non
2332 5204 2505 5267 enim
2554 5225 2631 5268 ex
2680 5207 2797 5269 hac
2844 5209 3187 5272 mutatione
3232 5209 3401 5290 judi-

1914 5306 2042 5369 cari
2073 5312 2279 5387 potest
2310 5303 2513 5367 ullum
2548 5306 3092 5381 mendacium‚sed
3122 5309 3401 5390 prudens

3449 1542 3513 1583 ¹6.

3440 3647 3454 3690 Ι
3470 3648 3584 3691 Tim.
3598 3651 3701 3700 1v‚8.
