4359 6267
525 1270 791 1321 Prov.x¹u.4‚

521 1334 645 1387 Juxta
659 1332 778 1378 Lxx.

565 1395 682 1439 Ibid.
705 1409 790 1447 xxi,

525 1460 592 1501 25.

572 2751 680 2795 Lac.
700 2765 786 2803 xiv,

523 2818 589 2858 26.

523 3737 618 3781 Jer.
633 3751 732 3790 xvii,
748 3740 786 3779 5.

522 3836 602 3879 Pe.
620 3838 788 3887 cxcv,2.

524 4615 541 4658 1
558 4614 664 4658 Cor.
678 4628 736 4659 ιιι.
749 4618 789 4658 8.

819 480 938 543 416

818 670 946 732 tius
979 676 1190 731 mente
1229 669 1572 750 suscipere.
1610 668 1672 729 Si
1704 666 1876 728 enim
1917 664 2315 746 concepisse·
2343 662 2396 726 A
2427 664 2491 726 in
2537 664 2877 745 Evangelio
2920 664 3088 727 dicta
3129 670 3225 725 est
3266 663 3449 725 diviti
3492 681 3506 724 :

817 768 900 831 tis
933 768 1236 829 rationem
1267 765 1856 839 abrenuntiationiS,
1875 763 2317 845 principalem-

819 886 896 929 ve
929 885 1182 929 causam
1226 866 1589 928 solitudinis
1630 865 1696 925 in
1730 882 1856 944 qua
1893 863 2066 936 estiS,
2100 863 2316 924 omnia

815 965 950 1045 jam
1012 972 1308 1046 praetacta
1367 971 1578 1026 essent
1635 962 1884 1044 sepulta
1941 969 2004 1023 et
2057 978 2315 1042 prorsus

821 1063 1040 1125 evulsa
1089 1063 1166 1124 de
1218 1062 1515 1125 cordibus
1564 1060 1811 1123 vestris.
1855 1061 2071 1141 Itaque
2111 1059 2316 1120 sentio

821 1178 934 1223 vos
995 1160 1279 1223 laborare
1329 1160 1704 1241 aegritudine
1763 1158 1898 1231 otii,
1951 1158 2028 1219 de
2076 1177 2203 1239 qua
2250 1158 2315 1219 in

821 1260 1177 1322 Proverbiis
1219 1258 1420 1321 fertur
1453 1278 1467 1322 :
1501 1260 1570 1320 ln
1609 1257 1942 1320 desideriis
1981 1264 2075 1318 est
2106 1256 2315 1318 omnis

819 1358 1101 1437 otiosus;
1155 1358 1457 1437 itemque,
1505 1356 1829 1417 Desideria
1874 1354 2172 1417 occidunt
2220 1355 2315 1437 pi-

817 1476 1022 1539 grum.
1052 1457 1208 1519 Nam
1243 1463 1305 1518 et
1335 1455 1768 1518 emolumenta
1797 1474 1910 1516 seu
1940 1454 2315 1536 compendia

818 1557 937 1619 ista
967 1554 1316 1617 carnalium
1350 1554 1829 1617 commodorum
1861 1573 2000 1634 quae
2031 1553 2310 1633 tangitiS,

815 1660 1077 1736 possent
1112 1661 1174 1714 et
1209 1652 1392 1715 nobis
1430 1652 1671 1723 adesse,
1705 1650 1756 1712 si
1797 1651 2201 1713 crederemus
2240 1670 2315 1713 ea

815 1759 1032 1814 nostro
1092 1751 1416 1832 proposito
1472 1750 1834 1824 convenire,
1886 1757 1948 1811 et
2000 1750 2313 1830 judicare-

1475 496 1890 543 GOLLATIONUM
1933 496 2018 541 SS.
2054 495 2299 541 PATRUM
2340 495 2514 541 LIBER
2556 496 2618 541 11.
2664 514 2745 524 —
2786 495 3071 542 coLLA'rlo
3112 494 3260 540 xxlv

2424 762 2575 844 pisti
2620 762 3114 825 consolationem
3162 762 3227 823 in
3271 762 3402 824 vita
3444 769 3569 824 tua.
3612 762 3773 823 Hinc
3816 763 3925 823 de—

2424 861 2658 942 spectis
2687 861 2988 924 omnibus
3021 860 3147 923 illis
3176 868 3239 921 et
3271 860 3568 922 universa
3594 860 3925 941 voluptate

2424 960 2649 1021 mundi
2694 967 3077 1041 contempta,
3120 959 3511 1022 delectamur
3552 958 3689 1021 istis
3733 978 3923 1041 squa—

2426 1057 2667 1121 loribus
2711 1058 2933 1133 eremi,
2967 1066 3156 1140 atque
3199 1058 3579 1121 horrendam
3625 1058 3786 1119 hanc
3824 1074 3924 1120 so-

2427 1156 2717 1218 litudinis
2754 1157 3111 1219 vastitatem
3158 1156 3559 1238 praeferimus
3604 1156 3921 1218 universis

2427 1255 2675 1317 deliciis
2735 1256 2993 1333 saeculi3
3055 1274 3171 1316 nec
3231 1272 3675 1336 comparamus
3734 1274 3920 1335 quas-

2427 1372 2705 1435 cumque
2754 1354 3007 1416 divitias
3051 1362 3235 1416 terrae
3284 1353 3573 1415 fecundas
3620 1352 3921 1414 amaritu-

2427 1452 2559 1514 dini
2611 1453 2806 1533 hujus
2853 1471 3080 1525 arenae,
3124 1458 3436 1514 sectantes
3485 1452 3923 1514 emolumenta

2427 1551 2661 1614 mentis
2720 1559 2973 1626 aeterna‚
3028 1570 3152 1613 non
3202 1549 3579 1632 temporalia
3634 1548 3920 1632 corporis

2427 1653 2619 1715 lucra.
2654 1646 2881 1713 Parum
2926 1658 3022 1712 est
3065 1668 3343 1730 namque
3388 1650 3770 1712 monachum
3823 1670 3921 1712 se-

2426 1753 2551 1813 mel
2597 1750 3017 1835 renuntiasse,
3052 1749 3116 1810 id
3159 1755 3275 1821 est,
3310 1748 3375 1809 in
3420 1748 3740 1830 principio
3788 1768 3921 1811 suae

816 1870 962 1913 mus
1012 1849 1196 1912 nobis
1243 1867 1426 1930 posse
1471 1848 1744 1911 conferri
1787 1848 1974 1910 talem
2027 1846 2308 1909 fructum
2348 1850 2394 1911 B
2425 1849 2857 1912 conversionis
2898 1847 3234 1929 praesentia
3276 1848 3759 1929 contempsisse,
3792 1847 3919 1909 nisi

814 1970 892 2013 ex
947 1947 1459 2029 jucunditatibus
1524 1948 1965 2009 amoenitatum
2029 1947 2307 2020 illarum,

816 2048 1024 2131 qualis
1072 2053 1169 2109 est
1215 2046 1463 2108 fructus
1513 2046 1632 2107 iste
1682 2046 1791 2126 qui
1839 2046 2192 2127 acquiritur
2234 2065 2309 2108 ex

817 2147 1046 2209 horum
1116 2146 1407 2226 squalore
1476 2145 1760 2207 locorum
1829 2143 2309 2227 afflictioneque

815 2263 1176 2327 corporum.
1209 2244 1335 2306 Nec
1376 2263 1600 2305 sumus
1639 2242 1726 2305 ita
1762 2243 2047 2305 destituti
2088 2264 2310 2325 paren-

818 2352 953 2405 tum
995 2343 1240 2416 solatio,
1276 2350 1347 2404 ut
1383 2342 1592 2404 desint
1631 2342 1741 2423 qui
1781 2342 2041 2423 cupiant
2079 2360 2195 2405 nos
2232 2343 2310 2404 de

815 2443 949 2505 suis
999 2440 1407 2503 facultatibus
1464 2448 1840 2516 sustentare,
1892 2442 2016 2503 nisi
2063 2449 2313 2503 senten-

813 2542 904 2603 tia
935 2538 1272 2603 Salvatoris
1311 2539 1676 2601 excluderet
1709 2540 2020 2621 quidquid
2059 2541 2134 2602 ad
2175 2560 2311 2603 sus-

817 2638 1229 2702 tentationem
1280 2639 1466 2701 talem
1515 2639 1797 2721 corporis
1841 2639 2133 2720 pertinet.
2170 2640 2311 2721 Ipse

817 2739 990 2801 enim
1042 2738 1130 2800 ait
1172 2756 1185 2800 :
1227 2738 1344 2812 Qui
1383 2756 1508 2799 non
1548 2738 1773 2811 oderit,
1815 2738 1914 2799 vel
1957 2738 2309 2820 reliquerit,

819 2845 1087 2920 patrem,
1137 2843 1201 2898 et
1251 2843 1542 2909 matrem,
1595 2843 1657 2898 et
1704 2836 1899 2909 filios,
1952 2843 2015 2898 et
2061 2835 2309 2911 fratreS,

817 2954 943 2998 non
1006 2942 1210 3017 potest
1273 2954 1454 2997 meus
1511 2953 1650 2997 esse
1710 2934 2082 3015 discipulus.
2137 2936 2313 3008 Quod

2424 1949 2489 2011 in
2529 1947 2997 2011 renuntiatione
3030 1946 3377 2028 perstiterit
3413 1953 3603 2027 atque
3640 1945 3922 2027 persece—

2423 2048 2507 2110 rit
2548 2066 2751 2128 usque
2794 2046 2859 2107 in
2903 2046 3141 2123 sinem3
3183 2044 3483 2126 quoniam
3528 2063 3783 2126 semper
3823 2045 3921 2106 di-

2423 2165 2564 2209 cere
2610 2165 2757 2207 cum
2810 2144 3119 2226 Propheta
3165 2143 3475 2206 debemus
3518 2161 3531 2204 :
3572 2144 3753 2205 Diem
3804 2143 3917 2206 ho-
3944 2157 4268 2207 ,tes-‚naam

2424 2245 2618 2307 minis
2677 2262 2803 2306 non
2862 2243 3237 2316 desideravi,
3297 2250 3366 2304 tu
3425 2242 3569 2304 sciS.
3621 2242 3797 2304 Unde
3852 2251 3919 2305 et

2423 2344 2709 2406 Christus
2741 2343 2804 2404 in
2838 2342 3178 2422 Evangelio
3208 2347 3593 2423 protestatur
3625 2360 3638 2405 z
3674 2340 3738 2403 Si
3770 2340 3919 2423 quis
3948 2354 4071 2398 Luc.
4094 2368 4165 2405 n.
4186 2358 4265 2399 23.

2420 2442 2558 2503 vult
2591 2450 2733 2523 post
2764 2460 2867 2502 me
2895 2440 3135 2513 venire,
3169 2439 3437 2519 abneget
3467 2440 3913 2521 semetipsum,

2420 2549 2483 2602 et
2520 2540 2698 2601 ⁴tollat
2737 2558 2991 2601 crucem
3035 2558 3213 2600 suam
3257 2537 3561 2619 quotidie,
3593 2545 3656 2600 et
3692 2557 3917 2619 sequa-

2422 2647 2526 2700 tur
2569 2657 2691 2699 me.

2824 2890 3329 2955 CAPITULUM
3390 2891 3510 2954 III.

815 3042 878 3097 et
917 3034 970 3096 si
1010 3033 1297 3096 destituti
1344 3052 1632 3095 essemus
1680 3040 2013 3114 parentum
2065 3034 2310 3107 solatio,
2350 3032 2393 3094 C
2472 3039 2559 3095 De
2586 3038 2891 3112 qualitate
2922 3038 3185 3094 locorum
3212 3053 3350 3110 quae
3377 3037 3455 3093 ab
3484 3037 3867 3093 anachoretis

816 3150 944 3195 non
984 3140 1202 3194 tamen
1246 3139 1504 3213 possent
1542 3130 1728 3193 nobis
1766 3131 1985 3193 deesse
2028 3131 2316 3195 subsidia

817 3230 1173 3312 potentium
1225 3230 1420 3310 hujus
1471 3229 1717 3303 mundi,
1762 3230 1869 3311 qui
1919 3231 2317 3312 promptissi-

817 3348 922 3389 ma
985 3327 1271 3409 largitate
1335 3327 1770 3389 ministrarent
1826 3328 2314 3391 necessitatibus

815 3425 1049 3487 nostris
1091 3445 1237 3487 cum
1284 3425 1461 3487 omni
1508 3426 1852 3505 gratiarum
1899 3426 2167 3501 actione,
2202 3446 2316 3508 per

818 3524 987 3605 quod
1046 3542 1406 3586 careremus
1466 3522 1893 3585 sollicitudine
1941 3524 2148 3586 victus
2209 3545 2315 3607 pa-

820 3622 1035 3701 randi;
1070 3622 1195 3684 nisi
1228 3622 1590 3684 maledictio
1620 3622 1729 3684 illa
1767 3624 2138 3704 prophetica
2175 3643 2315 3705 per—

819 3729 1084 3783 terreret
1115 3738 1229 3783 nos
1259 3722 1672 3783 vehementer
1693 3722 2092 3785 :Maledictus
2122 3722 2316 3785 homo

818 3820 929 3902 qui
973 3820 1152 3901 ponit
1191 3838 1370 3900 spem
1411 3839 1592 3882 suam
1635 3819 1699 3881 in
1739 3819 2036 3899 homine3
2077 3828 2160 3895 et,
2196 3821 2315 3883 No-

819 3918 930 3980 lite
961 3916 1284 3981 considere
1326 3918 1391 3979 in
1431 3917 1852 3999 principibus.
1886 3918 2173 4000 Insuper,
2208 3938 2316 4001 po-

818 4016 1058 4078 tuimus
1092 4033 1326 4097 ponere
1357 4016 1616 4078 cellulas
1649 4025 1892 4079 nostras
1924 4036 2116 4099 super
2146 4018 2315 4099 ripas

817 4115 1004 4177 fluvii
1046 4114 1194 4187 Nili,
1239 4122 1302 4177 et
1337 4134 1568 4196 aquam
1613 4113 1857 4195 habere·
1891 4133 2004 4197 pro
2045 4114 2313 4191 foribuS,

2942 3127 3149 3199 eoepeti
3178 3126 3411 3182 debent.

2577 3324 2703 3386 lNC
2734 3324 2789 3386 ei
2826 3324 2934 3405 qui
2978 3324 3474 3387 sollicitudinem
3514 3325 3676 3406 gerit
3714 3326 3921 3407 pervi-

2594 3422 2785 3504 gilem
2824 3424 2902 3485 de
2942 3422 3261 3485 interioris
3299 3423 3581 3486 hominis
3619 3424 3919 3505 puritate,

2426 3523 2765 3603 quaerenda
2798 3530 2947 3585 sunt
2979 3523 3114 3587 loca
3139 3542 3279 3604 quae
3308 3523 3485 3587 nulla
3513 3524 3923 3587 distractione

2427 3621 2771 3683 sollicitent
2831 3630 3109 3684 mentem
3160 3622 3302 3702 ejus
3361 3642 3476 3685 sua
3530 3623 3922 3686 fecunditate

2425 3721 2502 3782 ad
2548 3739 3024 3802 quamcumque
3067 3722 3407 3792 culturam,
3440 3729 3548 3783 aut
3590 3741 3737 3784 eum
3782 3742 3925 3805 per-

2427 3818 2686 3880 turbent
2732 3820 2811 3882 de
2860 3838 2989 3882 suae
3038 3820 3213 3882 cellae
3262 3820 3605 3883 stabilitate
3662 3820 3923 3903 fixaque

2428 3918 2779 3992 mansione,
2812 3918 2946 3979 sive
2990 3920 3330 3999 procedere
3373 3927 3598 4000 cogant
3639 3920 3715 3981 ad
3759 3938 3924 4001 opus

2425 4016 2683 4097 aliquod
2742 4015 3109 4093 subdivale3
3160 4017 3379 4098 sicque
3430 4017 3923 4097 cogitationibus

2426 4115 2568 4195 ejus
2602 4113 2937 4177 manifeste
2968 4114 3196 4177 effusis
3236 4135 3349 4197 per
3377 4116 3649 4189 diversa,
3683 4116 3927 4198 disper-

817 4233 898 4276 ne
936 4232 1311 4293 cogeremur
1341 4231 1478 4274 eam
1521 4212 1768 4274 deferre
1809 4213 2166 4276 cervicibus
2207 4233 2316 4276 no-
2349 4222 2397 4282 D
2426 4222 2531 4295 gat
2559 4232 2815 4275 omnem
2851 4214 3082 4275 mentis
3114 4233 3243 4276 suae
3273 4213 3691 4276 directionem
3728 4215 3929 4277 subti-

817 4311 966 4375 stris
1006 4330 1118 4392 per
1155 4318 1428 4391 quatuor
1467 4310 1672 4372 millia
1712 4330 1964 4392 passus3
1996 4312 2123 4374 nisi
2152 4313 2315 4393 Apo·

819 4409 1018 4471 stolus
1060 4407 1408 4471 indefessos
1449 4425 1563 4472 nos
1603 4408 1892 4470 redderet
1925 4410 2000 4471 ad
2048 4410 2315 4472 toleran-

818 4508 975 4570 tiam
1015 4506 1210 4586 hujus
1256 4505 1512 4580 laboriS,
1544 4507 1888 4569 animando
1927 4526 2041 4569 nos
2077 4508 2318 4589 jugiter

819 4606 938 4667 hoc
989 4622 1104 4667 suo
1146 4604 1401 4685 eloquio
1445 4622 1458 4665 :
1502 4605 1951 4687 Unusquisque
1991 4606 2313 4688 propriam

821 4703 1181 4765 mercedem
1223 4701 1492 4783 accipiet
1523 4704 1874 4765 secundum
1918 4724 2107 4767 suum
2147 4704 2316 4767 labo-

818 4821 976 4864 rem.
1010 4800 1138 4863 Nec
1182 4802 1548 4882 ignoramus
1592 4803 1878 4883 quaedam
1931 4822 2180 4866 amoena
2223 4823 2317 4865 se-

820 4907 990 4963 creta
1020 4919 1158 4961 esse
1191 4900 1256 4960 in
1287 4899 1655 4980 regionibus
1696 4902 1951 4975 nostris,
1987 4901 2052 4963 in
2080 4901 2318 4983 quibus

818 4998 1002 5081 copia
1033 5016 1368 5080 pomorum
1403 5006 1466 5060 et
1492 4997 1743 5061 ubertas
1775 5000 2100 5062 hortorum
2133 5018 2320 5082 expe-

818 5097 1027 5159 dirent
1078 5116 1224 5159 cum
1277 5095 1489 5160 labore
1540 5096 1849 5159 facillimo
1898 5096 2314 5178 indigentiam

815 5195 1017 5258 nostri
1065 5194 1312 5273 victus3
1363 5195 1488 5257 nisi
1539 5194 2031 5257 formidaremus
2081 5196 2317 5278 impin-

815 5294 1086 5375 gendam
1145 5292 1330 5356 nobis
1379 5312 1516 5357 esse
1565 5293 2118 5376 exprobrationem
2169 5314 2313 5376 quae

2428 4312 2878 4393 lissimumque
2911 4312 3112 4394 ipsius
3145 4312 3468 4374 intuitum.
3505 4313 3653 4386 Quae
3682 4314 3925 4397 dispe-r-

2428 4412 2523 4473 sio
2561 4430 2598 4472 a
2636 4409 2893 4471 nemine
2944 4417 3149 4491 potest
3191 4410 3399 4472 caveri
3447 4430 3657 4493 neque
3693 4412 3922 4488 videri,

2429 4508 2722 4590 quamvis
2782 4508 3093 4570 sollicitus
3151 4509 3234 4570 sit
3278 4516 3341 4571 et
3390 4509 3660 4591 vigilans
3710 4513 3924 4585 corde,

2428 4607 2553 4669 nisi
2622 4607 2731 4687 qui
2805 4606 2982 4688 prius
3051 4614 3529 4689 perseveranter
3593 4608 3927 4672 recluserit

2429 4724 2659 4786 corpus
2719 4725 2908 4767 suum
2958 4725 3031 4767 ac
3078 4705 3366 4767 animum
3426 4706 3594 4767 intra
3652 4707 3926 4788 parietes

2429 4804 2687 4865 claustri
2724 4823 2738 4867 ε
2773 4811 2844 4865 ut
2889 4803 2975 4865 ita
3016 4812 3319 4885 tanquam
3366 4804 3642 4885 piscator
3684 4806 3928 4887 egregi·
4024 4812 4031 4818 ’

2428 4922 2502 4964 us
2544 4902 2884 4984 providens
2928 4902 3051 4965 sibi
3095 4902 3337 4964 victum
3382 4903 3731 4984 apostolica
3765 4912 3923 4977 arte,

2427 5002 2710 5063 intentus
2762 5009 2951 5083 atque
3004 5000 3357 5063 immobilis
3413 5001 3620 5083 capiat
3670 5002 3929 5083 agmina

2427 5100 2881 5179 cogitationum
2944 5099 3224 5162 natantia
3278 5098 3342 5160 in
3391 5098 3926 5180 tranquillissimo

2425 5184 2631 5259 cordis
2676 5197 2773 5257 sui
2820 5196 3172 5277 profund03
3208 5203 3271 5257 et
3310 5204 3611 5277 tanquam
3655 5196 3734 5257 de
3776 5214 3925 5277 pro-

2424 5294 2706 5357 minente
2756 5294 3018 5375 scopulo
3065 5293 3319 5356 intuens
3368 5293 3615 5357 curiose
3660 5293 3927 5377 profun-

3549 662 3706 737 Quia
3746 682 3923 726 rece·
3952 680 4287 727 Lucanas.
