4359 6267
1266 536 1345 583 DE
1388 537 1717 583 msrt'rmls
1760 539 1846 585 SS.
1880 539 2141 585 Parnon.
2189 556 2271 567 --
2312 539 2487 585 LIBER
2529 540 2618 584 ΧΠ

388 720 475 765 116
542 720 769 785 capere
836 704 1097 781 debeat,
1157 706 1265 767 sed
1334 706 1606 769 sollicita
1675 714 1885 769 mente
1919 707 1969 769 A

388 808 709 863 scrutatur
742 820 963 865 causas
1003 811 1262 884 propter
1290 822 1449 884 quas
1490 805 1889 885 unumquod-

388 916 521 981 que
582 897 849 974 dicatur,
911 900 1012 963 vel
1070 902 1263 964 tacito
1325 903 1514 964 corde
1577 902 1891 984 excogitat

386 996 550 1079 quid
579 997 673 1059 eis
710 998 914 1080 possit
942 998 1227 1080 objicere
1262 1016 1277 1061 ε
1311 998 1400 1062 ita
1438 1007 1509 1061 ut
1542 1000 1892 1081 apprehen-

388 1095 545 1159 dere
588 1095 679 1158 nil
727 1098 983 1179 penitus
1032 1098 1235 1180 possit
1276 1118 1353 1161 ex
1402 1098 1505 1161 his
1547 1118 1689 1181 quae
1731 1099 1891 1161 salu-

388 1193 673 1256 berrime
712 1195 1159 1277 praedicantur,
1192 1216 1399 1280 neque
1441 1198 1507 1260 in
1545 1198 1763 1280 aliquo
1788 1218 1893 1260 va-

390 1290 521 1353 leat
578 1292 921 1355 emendari.
984 1294 1216 1376 Sicque
1275 1293 1352 1357 fit
1411 1302 1481 1357 ut
1542 1294 1891 1377 spiritualis

392 1390 652 1453 collatio
716 1408 844 1453 non
912 1391 1120 1455 solum
1187 1392 1256 1454 in
1318 1393 1493 1456 nullo
1561 1393 1620 1457 ei
1692 1393 1889 1475 profi-

392 1488 545 1562 ciat,
596 1506 821 1551 verum
878 1490 1071 1553 etiam
1127 1491 1328 1572 magis
1386 1492 1689 1555 damnosa
1734 1492 1894 1555 exsi-

392 1594 541 1662 stat,
574 1586 1025 1670 efficiaturque
1062 1590 1123 1651 ei
1163 1590 1414 1653 occasio
1449 1590 1709 1672 maioris
1747 1609 1891 1672 pec—

390 1686 537 1749 eati.

503 1785 669 1847 Dum
726 1785 902 1848 enim
956 1786 1140 1868 juxta
1195 1788 1651 1851 conscientiam
1710 1807 1889 1851 suam

3383 517 3501 581 125

2340 755 2842 819 CAPITULUM
2903 754 3152 819 XXVI.

2214 902 2300 957 De
2336 901 2580 957 Fratris
2617 900 2938 971 cujusdam
2973 900 3281 974 superbia.

2146 1098 2357 1161 UDIVI
2398 1098 2465 1159 in
2505 1098 2624 1161 hac
2663 1098 2919 1178 regione
2951 1099 3277 1160 dumtaxat
3305 1098 3503 1180 (quod

2164 1197 2382 1259 horret
2431 1216 2506 1259 ac
2555 1197 2752 1278 pudet
2799 1196 3102 1277 narrare),
3153 1196 3303 1278 quia
3349 1197 3504 1258 dum

2003 1295 2266 1376 quidam
2314 1295 2644 1376 juniorum
2685 1314 2722 1356 a
2761 1312 2876 1357 suo
2920 1295 3354 1376 increparetur
3395 1293 3502 1357 ab-

2004 1392 2170 1467 bate,
2207 1412 2322 1455 cur
2357 1392 2668 1475 inciperet
2707 1391 3134 1455 humilitatem
3174 1393 3498 1467 excedere,

2005 1511 2198 1573 quam
2229 1491 2601 1554 renuntians
2631 1493 2710 1554 ad
2741 1492 3062 1554 modicum
3095 1497 3348 1572 tempus
3377 1510 3502 1553 ser-

2004 1598 2282 1665 vaverat,
2318 1609 2392 1653 ac
2438 1588 2754 1653 diabolica
2802 1589 3136 1651 inflaretur
3179 1588 3498 1671 superbia,

2004 1689 2220 1753 statim
2279 1688 2606 1770 respondit
2655 1706 2802 1749 cum
2851 1686 3250 1749 contumacia
3305 1688 3501 1750 maxi-

2007 1807 2110 1850 ma
2133 1807 2147 1851 :
2170 1786 2496 1869 Numquid
2526 1786 2608 1850 ob
2638 1785 2759 1848 hoc
2791 1804 2892 1847 me
2923 1786 3134 1867 ipsum
3164 1784 3500 1848 humiliavi

390 1883 759 1965 suspicatur
786 1891 991 1947 totum
1033 1892 1253 1948 contra
1281 1904 1348 1948 se
1378 1904 1517 1949 esse
1547 1886 1887 1968 prolatum,
1930 1888 1977 1950 B
2006 1887 2083 1949 ad
2133 1894 2408 1967 tempus,
2452 1892 2522 1946 ut
2567 1902 2820 1965 semper
2860 1883 2982 1945 sim
3031 1882 3368 1945 subditus?
3406 1884 3499 1946 Ad

390 1980 858 2046 vehementiori
902 1983 1109 2046 cordis
1148 1983 1575 2048 obstinatione
1608 1985 1889 2059 duratur,

391 2098 469 2143 ac
514 2080 797 2143 stimulis
846 2081 955 2144 irae
998 2082 1209 2144 acrius
1258 2082 1613 2163 instigatur.
1656 2083 1893 2145 Deinde

393 2187 543 2263 post
572 2180 729 2254 haec,
749 2187 1107 2261 sequuntur
1136 2180 1204 2242 in
1234 2198 1311 2244 eo
1339 2198 1460 2244 vox
1488 2182 1634 2256 alta,
1654 2181 1895 2263 rigidus

392 2295 628 2352 sermo,
650 2296 865 2341 amara
894 2296 967 2341 ac
996 2278 1366 2342 turbulenta
1392 2280 1743 2362 responsio,
1766 2298 1897 2342 ere-

392 2384 539 2439 ctus
588 2375 975 2458 mobilisque
1023 2376 1332 2452 incessuS,
1374 2376 1593 2457 lingua
1640 2376 1892 2459 loquax,

392 2474 736 2537 collocutio
781 2492 1038 2555 procax,
1082 2493 1200 2537 nec
1246 2494 1527 2557 unquam
1570 2474 1897 2537 taciturni-

386 2572 542 2635 tatis
580 2574 807 2647 amica,
840 2572 965 2635 nisi
1008 2573 1165 2635 dum
1196 2580 1415 2635 contra
1443 2574 1722 2635 Fratrem
1754 2591 1898 2636 con-

390 2670 638 2751 ceperit
676 2670 867 2732 corde
906 2672 1248 2752 quemdam
1293 2688 1621 2733 rancorem
1656 2688 1670 2733 :
1703 2678 1768 2733 et
1808 2671 1897 2733 ita

390 2766 725 2830 silentium
772 2768 915 2848 ejus
964 2768 1273 2831 indicium
1323 2776 1419 2831 est
1467 2768 1783 2851 superbiae
1832 2777 1896 2831 et

390 2865 876 2947 indignationiS‚
910 2884 1038 2930 non
1067 2866 1343 2948 alicujus
1374 2866 1755 2929 humilitatis
1786 2875 1895 2929 aut

390 2964 932 3045 compunctioniS,
976 2964 1067 3025 sic
1111 2972 1181 3025 ut
1224 2964 1495 3027 difficile
1540 2965 1623 3027 sit
1666 2965 1897 3027 discer—

392 3160 540 3224 fusa
590 3160 699 3223 illa
746 3160 1169 3244 petulansque
1218 3160 1459 3235 laetitia,
1508 3180 1588 3223 an
1638 3161 1893 3224 tacitur-

399 3260 567 3322 nitas
616 3260 736 3322 ista
778 3260 917 3322 dira
965 3278 1039 3322 ac
1087 3258 1424 3322 virulenta.
1471 3258 1630 3332 Quia
1674 3259 1740 3322 in
1789 3260 1898 3322 illa

398 3358 623 3421 laetitia
668 3375 880 3422 sermo
923 3365 1021 3421 est
1061 3358 1490 3439 importunus,
1532 3357 1697 3420 risus
1741 3357 1899 3421 levis

397 3474 479 3519 ac
520 3456 755 3531 fatuus,
788 3455 1100 3519 effrenata
1142 3463 1207 3518 et
1250 3455 1726 3537 indisciplinata
1767 3474 1900 3520 cor-

398 3556 503 3617 dis
544 3555 773 3634 elatio;
814 3572 1005 3638 porro
1052 3554 1120 3616 in
1166 3554 1596 3617 taciturnitate
1643 3554 1761 3617 hac
1808 3562 1905 3617 est

398 3652 731 3716 silentium
790 3653 885 3715 ira
941 3653 1207 3736 plenum
1265 3671 1338 3715 ac
1386 3660 1791 3728 venenatum,
1840 3660 1904 3715 et

400 3751 577 3833 quod
607 3750 691 3814 ob
725 3750 847 3814 hoc
880 3758 1127 3813 tantum
1169 3750 1549 3833 concipitur,
1582 3759 1653 3813 ut
1680 3768 1905 3814 rancor

397 3857 623 3913 contra
652 3850 936 3912 Fratrem
965 3849 1394 3912 taciturnitate
1426 3857 1731 3925 servatus,
1765 3850 1903 3913 diu-

395 3949 531 4011 tius
580 3948 863 4030 protrahi
911 3948 1135 4029 possit,
1178 3965 1306 4010 non
1344 3954 1415 4010 ut
1455 3967 1532 4010 ex
1581 3966 1656 4012 eo
1699 3948 1902 4011 virtus

392 4046 785 4110 humilitatis
828 4064 904 4108 ac
951 4046 1272 4127 patientiae
1318 4046 1703 4108 ostendatur.
1745 4047 1901 4109 Prae-

396 4152 575 4208 terea
604 4162 807 4227 quum
852 4144 991 4227 ipse
1022 4144 1251 4225 plenus
1281 4151 1529 4206 tumore
1568 4143 1711 4205 aliis
1750 4143 1900 4206 faci-

2005 1985 2176 2067 quod
2201 1992 2330 2045 tam
2361 1982 2740 2046 effrenatum
2768 2001 2842 2044 ac
2867 1981 3244 2044 sceleratum
3270 1982 3502 2045 Fratris

2006 2100 2406 2165 responsum,
2442 2082 2529 2143 ita
2567 2088 2661 2143 est
2700 2080 2894 2144 abbas
2933 2079 3411 2161 obstupefactus
3439 2087 3503 2142 et

2008 2180 2219 2243 omnis
2269 2196 2478 2242 sermo
2526 2178 2668 2259 ejus
2719 2177 3057 2259 collapsuS,
3099 2196 3172 2239 ac
3213 2177 3266 2239 si
3308 2177 3504 2240 verba

2007 2280 2127 2341 ista
2170 2278 2449 2341 audisset
2493 2295 2619 2341 non
2663 2276 2742 2339 ab
2783 2276 3040 2339 homine
3084 2276 3236 2350 ullo,
3269 2276 3380 2338 sed
3422 2276 3502 2339 ab

2008 2378 2147 2460 ipso
2195 2376 2488 2439 Lucifero
2522 2394 2537 2438 :
2571 2377 2638 2439 in
2688 2383 2934 2438 tantum
2985 2376 3154 2457 quod
3201 2375 3504 2439 adversus

2007 2482 2248 2538 tantam
2296 2473 2680 2557 proterviam
2726 2492 2853 2536 non
2901 2473 3176 2555 potuerit
3224 2472 3504 2555 aliquam

2007 2592 2232 2638 vocem
2276 2574 2353 2636 de
2397 2591 2504 2637 ore
2548 2590 2664 2635 suo
2712 2572 3025 2645 emittere,
3069 2572 3178 2633 sed
3229 2571 3504 2652 gemitus

2006 2680 2253 2736 tantum
2299 2680 2488 2754 atque
2534 2671 2810 2753 suspiria
2847 2670 2924 2733 de
2965 2671 3151 2733 corde
3195 2667 3499 2751 proferre,

2006 2770 2167 2833 illud
2217 2771 2422 2833 solum
2468 2769 2698 2831 tacitus
2737 2768 2808 2829 in
2854 2787 2920 2830 se
2961 2768 3100 2848 ipso
3144 2766 3497 2841 revolvenS,

2004 2869 2175 2951 quod
2221 2869 2532 2949 scriptum
2572 2875 2666 2929 est
2707 2867 2783 2929 de
2828 2866 3097 2929 Domino
3139 2866 3445 2928 salvatore
3480 2885 3494 2929 :

2005 2965 2121 3039 Qui
2167 2985 2368 3048 quum
2413 2966 2479 3027 in
2523 2964 2727 3027 forma
2772 2965 2881 3027 Dei
2928 2972 3092 3027 esset
3134 2963 3495 3025 humiliavit
3526 2984 3787 3043 Phasma.

390 3080 547 3126 nere
586 3062 743 3144 quid
783 3061 851 3124 in
892 3062 1032 3144 ipso
1070 3062 1508 3125 detestabilius
1548 3070 1770 3138 exstet,
1804 3063 1894 3126 ef·
1931 3062 1973 3127 C
2006 3083 2095 3138 se,
2146 3064 2354 3126 factus
2413 3063 2738 3136 obedienS,
2790 3080 2917 3125 non
2967 3070 3036 3124 ut
3088 3062 3195 3124 ille
3248 3069 3496 3123 tumore
3525 3054 3629 3103 ⁶⁹⁸·

2004 3162 2308 3245 repletuS,
2354 3161 2667 3225 diabolico
2713 3160 2942 3242 spiritu
2992 3161 3172 3235 dixit,
3213 3160 3292 3221 ad
3339 3168 3498 3221 tem—

2010 3280 2152 3343 pus,
2197 3261 2307 3323 sed
2352 3279 2554 3342 usque
2595 3260 2672 3323 ad
2717 3266 3006 3322 mortem.

2337 3486 2844 3551 CAPITULUM
2904 3486 3186 3551 XXVII.

2166 3610 2414 3666 Indicia
2444 3625 2560 3681 per
2598 3626 2734 3682 quoe
2769 3609 3043 3666 carnalis
3079 3609 3368 3682 superbia

2319 3699 2703 3770 coquoscitur
2729 3714 2854 3754 esse
2881 3699 2950 3753 in
2979 3698 3205 3754 anima.

2155 3850 2202 3911 Τ
2251 3857 2463 3912 autem
2513 3848 2772 3912 brevius
2820 3850 3320 3931 perstringamus
3367 3870 3509 3933 quae

2174 3949 2251 4010 de
2301 3948 2536 4009 carnali
2599 3949 2718 4009 ista
2774 3947 3073 4029 superbia
3119 3948 3288 4010 dicta
3335 3957 3504 4023 sunt,

2014 4047 2389 4128 colligemus
2432 4046 2721 4127 quaedam
2765 4045 2946 4127 signa
2986 4046 3212 4127 ipsiuS,
3255 4054 3324 4107 ut
3368 4064 3508 4128 pos-

2012 4164 2257 4219 sumuS,
2291 4151 2604 4225 quatenus
2642 4144 3074 4225 exprimamus
3113 4144 3190 4206 de
3224 4144 3504 4207 motibus

396 4244 549 4306 liter
581 4242 853 4325 injurias
894 4241 1145 4317 inferat,
1179 4249 1369 4325 atque
1398 4244 1477 4305 ad
1516 4241 1904 4304 satisfacien-
1931 4250 1980 4311 D
2012 4243 2292 4305 hominis
2350 4242 2680 4304 exterioris
2741 4242 3048 4323 quosdam
3111 4241 3502 4306 characteres

398 4344 558 4405 dum
605 4338 805 4403 Fratri
846 4359 884 4403 a
924 4358 992 4402 se
1033 4341 1180 4404 laeso
1224 4360 1292 4403 se
1332 4340 1543 4422 ipsum
1584 4340 1901 4421 subjicere

397 4440 805 4521 dedignetur,
839 4439 1085 4520 respuit
1114 4439 1307 4501 etiam
1338 4447 1402 4501 et
1431 4439 1779 4501 contemnit
1811 4458 1902 4501 sa-

394 4538 833 4602 tisfactionem
858 4556 898 4599 a
920 4538 1133 4599 Fratre
1164 4537 1275 4601 illo
1305 4537 1427 4599 sibi
1461 4536 1765 4615 oblatam3
1784 4556 1901 4599 nec

394 4636 611 4701 solum
644 4655 722 4699 ex
754 4634 989 4697 Fratris
1031 4627 1461 4698 satisfactione
1498 4654 1901 4716 nequaquam

394 4734 859 4818 compungitur
899 4740 1009 4795 aut
1047 4733 1354 4807 mollitur,
1392 4733 1523 4796 imo
1556 4740 1617 4795 et
1647 4733 1901 4814 gravius

392 4834 789 4915 indignatur,
822 4832 994 4913 quod
1024 4850 1061 4893 a
1091 4832 1303 4895 Fratre
1336 4832 1447 4896 illo
1478 4832 1545 4895 in
1583 4832 1903 4895 humilita-

392 4940 459 4995 te
493 4935 859 5014 praeventus
896 4938 1012 4993 est.
1052 4930 1257 5013 Atque
1299 4950 1413 5013 per
1450 4931 1571 4994 hoc
1612 4932 1902 4995 salutaris

396 5029 735 5094 humilitas
766 5036 831 5091 et
862 5028 1209 5093 satisfactio
1241 5030 1496 5105 Fratris,
1530 5050 1671 5111 quae
1702 5030 1906 5094 solent

392 5128 739 5194 diabolicis
788 5128 1249 5191 tentationibus
1303 5128 1631 5211 imponere
1681 5128 1902 5204 finem,

398 5228 579 5292 fiunt
607 5226 667 5289 ei
703 5226 954 5291 occasio
994 5226 1521 5291 inflammationis
1560 5228 1796 5309 pejoris
1834 5246 1907 5290 ac

396 5325 925 5391 vehementioris.
1025 5324 1033 5331 ‘

2010 4360 2123 4403 seu
2182 4340 2444 4422 figuras,
2495 4347 2604 4402 aut
2662 4339 3245 4422 repraesentationes
3304 4340 3496 4403 illius.

2009 4438 2449 4501 Necessarium
2498 4439 2712 4519 itaque
2765 4445 2916 4519 puto
2958 4438 3176 4499 eadem
3226 4438 3506 4501 breviter

2011 4536 2330 4618 replicari,
2371 4543 2443 4596 ut
2491 4535 3004 4617 compendiosius
3051 4553 3504 4616 cognoscamus

2012 4634 2247 4717 quibus
2294 4633 2548 4696 indiciis
2595 4652 2734 4695 eam
2775 4634 3132 4696 discernere
3176 4654 3248 4697 ac
3288 4636 3506 4716 depre-

2011 4733 2290 4796 hendere
2322 4733 2648 4794 valeamus
2683 4750 2696 4795 ε
2731 4738 3044 4813 quatenus
3085 4732 3327 4795 radices
3366 4753 3507 4815 pas-

2012 4831 2210 4894 sionis
2272 4831 2466 4912 hujus
2529 4822 2780 4893 nudatae'
2838 4831 2903 4892 in
2967 4830 3505 4915 superficiemque

2013 4930 2358 5011 productae,
2400 4928 2701 4992 oculatim
2747 4946 3000 5010 quoque
3045 4936 3390 5011 perspectae
3431 4948 3506 4992 ac

2014 5029 2446 5111 deprehensae,
2499 5034 2733 5109 queant
2790 5025 3042 5089 facilius
3100 5028 3338 5090 destrui
3397 5036 3506 5090 aut

2014 5128 2222 5190 vitari.
2276 5128 2450 5189 Tunc
2511 5126 2684 5189 enim
2743 5127 2975 5209 poterit
3025 5126 3288 5208 pestifer
3346 5146 3508 5189 mor-

2020 5226 2141 5288 bus
2182 5226 2499 5309 superbiae
2532 5225 2921 5306 integraliter
2951 5224 3276 5300 declinari,
3310 5245 3506 5307 quan-

2018 5326 2101 5389 do
2137 5343 2265 5389 non
2307 5326 2480 5387 tarda
2519 5324 2875 5388 observatio
2910 5324 3256 5387 assumitur
3294 5333 3511 5389 contra
