4359 6267
91 2447 140 2488 Ps.
156 2463 258 2496 cnm,

79 2512 134 2549 Κῶ.

101 4698 226 4749 Ibidem.

913 492 1330 540 COLLATIONUM
1374 493 1460 538 SS.
1495 492 1739 539 PATlum
1779 491 1954 538 LIBER
1995 492 2058 537 11.
2105 511 2187 520 --
2228 493 2512 541 commo
2552 495 2681 540 xv11

3246 473 3361 538 341

287 682 412 724 mus
437 663 627 724 Patres
660 662 1069 725 rationabiles
1103 681 1176 724 ac
1208 661 1527 745 probatos,
1547 661 1746 723 fuisse
1777 665 1828 726 A
1859 671 1954 725 est
1980 663 2349 745 jurandum,
2382 682 2525 745 quae
2562 662 2780 726 omnia
2818 662 3178 726 invariabili
3218 681 3356 744 per-

288 759 696 823 irrevocabiles
759 761 826 822 in
877 759 1114 822 talibus
1165 760 1298 821 suis
1358 759 1748 821 definitioni-

287 857 423 936 hus;
450 859 546 920 sed
585 859 750 920 sicut
791 877 936 920 cera
979 858 1274 939 liquescit
1317 858 1468 920 solis
1514 857 1742 931 calore,

287 957 366 1018 sic
413 957 522 1039 ipsi
567 957 810 1020 ratione
860 956 1115 1030 molliti,
1165 964 1490 1019 cesserunt
1540 965 1602 1018 et
1649 975 1749 1018 ae-

284 1057 625 1137 quieverunt
661 1055 1036 1119 melioribus
1077 1055 1291 1130 rebuS,
1327 1055 1748 1117 intervenien-

1858 763 2213 824 severantia
2252 769 2400 823 sunt
2441 762 2730 834 tenenda,
2763 770 2825 823 et
2862 781 2901 824 a
2929 761 3163 844 quibus
3206 781 3356 842 pau·

1862 859 2060 921 lulum
2096 860 2433 922 recessisse
2464 868 2666 922 exstat
2696 860 3075 923 damnabile.
3108 860 3194 922 De
3228 859 3357 922 illis

1859 976 2009 1021 vero
2039 959 2360 1021 exercitiis
2400 959 2836 1040 corporalibus
2874 979 3015 1042 quae
3054 959 3357 1022 dicuntur
3386 977 3648 1030 mimam.

1856 1057 1932 1118 ad
1987 1058 2307 1120 modicum
2360 1077 2499 1120 esse
2550 1058 2751 1134 utilia,
2801 1059 2887 1120 ita
2936 1067 3031 1120 est
3078 1065 3355 1120 statuen-

283 1164 334 1216 te
372 1154 702 1217 salubriore
755 1154 1042 1218 consilio.
1077 1154 1265 1216 Porro
1307 1172 1747 1236 quoscumque

283 1255 530 1316 vidimus
572 1254 983 1336 pertinaciter
1013 1254 1320 1316 inhaerere
1360 1253 1492 1314 suis
1522 1252 1749 1315 defini-

280 1352 555 1426 tionibuS,
589 1352 954 1414 invenimus
994 1350 1462 1414 irrationabiles
1489 1359 1552 1413 et
1581 1370 1747 1414 verae

281 1451 650 1512 discretionis
693 1459 1005 1532 experteS.

1856 1156 2034 1230 dum,
2072 1165 2139 1219 ut
2187 1158 2489 1232 diximus,
2526 1166 2596 1219 ut
2645 1157 2697 1220 si
2742 1176 2868 1239 qua
2916 1156 3356 1239 supervenerit

1859 1257 2090 1319 certior
2141 1257 2390 1319 occasio
2438 1257 2693 1338 pietatis
2741 1277 2882 1338 quae
2936 1256 3043 1320 illa
3096 1256 3355 1317 suadeat

1858 1355 2146 1428 relaxari,
2220 1373 2347 1417 non
2412 1361 2741 1417 teneamur
2800 1355 3013 1435 aliqua
3081 1354 3216 1434 lege
3276 1353 3352 1414 ad

1857 1471 1952 1526 ea,
1986 1453 2097 1516 sed
2127 1453 2219 1515 eis
2252 1453 2717 1535 praetermissis,
2751 1453 2829 1514 ad
2869 1453 3124 1514 utiliora
3155 1451 3353 1514 libere

1856 1560 2272 1614 transeamus.
2310 1553 2377 1614 ln
2424 1552 2550 1614 illis
2594 1569 2869 1634 namque
2918 1549 3353 1632 corporalibus

1857 1651 2178 1712 exercitiis
2220 1669 2343 1712 non
2390 1658 2486 1712 est
2530 1650 2910 1732 periculum,
2945 1650 2997 1711 si
3042 1667 3159 1731 pro
3202 1657 3356 1711 tem-

1858 1765 2010 1829 pore
2041 1748 2484 1830 relinquantur
2503 1765 2518 1826 3
2550 1747 2629 1808 ab
2662 1747 2761 1808 his
2790 1754 3003 1809 autem
3035 1767 3177 1829 quae
3207 1753 3355 1808 sunt

1779 1851 1826 1913 Β
1857 1847 2215 1909 necessaria
2252 1846 2329 1908 ad
2372 1846 2663 1919 salutem,
2695 1846 2775 1908 ad
2816 1853 3212 1908 momentum
3247 1845 3354 1907 de·

1858 1945 2126 2007 clinasse
2171 1943 2570 2006 mortiferum
2614 1952 2728 2006 est.

609 1669 1116 1733 CAPITULUM
1183 1669 1371 1732 XIX.

495 1789 763 1861 ObJeetio
793 1806 876 1846 εει·
902 1789 1104 1846 verbis
1132 1790 1492 1846 Psalmistae.

392 1945 733 2008 ERMANUS
767 1963 780 2006 :
817 1945 1132 2018 Quantum
1161 1945 1241 2006 ad
1272 1945 1434 2006 hanc
1467 1943 1742 2025 pertinet

412 2044 904 2118 instructionem,
956 2064 1098 2126 quae
1154 2043 1484 2106 evidenter
1529 2051 1593 2104 et
1639 2061 1740 2105 co-

281 2143 432 2224 piose
459 2143 708 2206 inducta
747 2151 864 2216 est,
898 2162 1023 2205 non
1064 2150 1312 2225 oportet
1351 2143 1738 2204 monachum

279 2240 491 2321 aliquid
527 2241 795 2303 definire
836 2261 946 2304 seu
984 2241 1221 2323 jurare,
1257 2260 1336 2303 ne
1381 2241 1742 2303 inveniatur

281 2338 686 2418 praevaricator
713 2347 826 2400 aut
854 2340 1163 2420 pertinax.
1199 2339 1319 2402 Sed
1360 2338 1618 2401 obviare
1647 2338 1739 2400 vi-

279 2435 437 2498 detur
481 2437 633 2498 illud
683 2437 1030 2500 Psalmistae
1082 2454 1094 2498 :
1147 2437 1383 2511 Juravi,
1435 2445 1500 2499 et
1546 2437 1739 2499 statui

280 2535 562 2597 custodire
600 2535 844 2617 judicia
883 2536 1147 2616 justitiae
1189 2543 1333 2599 tuae.

2220 2172 2722 2236 CAPITULUM
2791 2173 2979 2236 XXI.

1925 2295 2096 2363 Quod
2121 2295 2441 2351 obtestatio
2477 2310 2598 2350 non
2630 2295 2713 2348 sit
2740 2295 3021 2350 addenda
3050 2294 3277 2351 occulto

2454 2399 2741 2440 serment.

2002 2535 2096 2599 OC
2146 2553 2400 2618 quoque
2448 2535 2645 2597 simili
2696 2535 3025 2617 diligentia
3071 2544 3168 2599 est
3215 2556 3348 2600 ser-

2029 2635 2332 2708 vandum,
2386 2641 2457 2695 ut
2512 2634 2565 2696 si
2626 2634 3018 2716 protuleritis
3076 2635 3345 2698 verbum

1846 2734 2106 2816 aliquod
2137 2734 2305 2816 quod
2337 2733 2532 2795 vultis
2564 2753 2819 2795 manere
2850 2734 3195 2809 oecultum,
3218 2752 3345 2798 non

1845 2833 2249 2912 adstringatis
2279 2832 2643 2896 audientem
2673 2831 2887 2914 aliquo
2920 2839 3236 2914 praecepto
3265 2833 3344 2895 ad

1845 2931 2333 3010 occultandum3
2368 2931 2567 3011 magis
2607 2929 2780 2992 enim
2821 2929 3103 2992 manebit
3134 2931 3344 2993 occul-

351 3029 570 3092 OSEPH
611 3048 624 3092 :
668 3031 756 3092 Ea
796 3049 940 3112 quae
982 3030 1260 3092 diximus
1314 3030 1391 3092 de
1439 3029 1732 3092 mutatio·
1770 3036 1813 3098 C
1847 3037 1997 3100 tum,
2024 3030 2078 3091 si
2110 3029 2502 3111 negligenter
2531 3036 2719 3110 atque
2752 3027 3127 3109 simpliciter
3155 3035 3347 3091 trans·

370 3148 440 3190 ne
467 3128 980 3210 promissionum,
1017 3147 1144 3192 non
1184 3128 1614 3191 intelleximus
1654 3128 1733 3190 de
1844 3135 1956 3189 eat
1971 3128 2253 3190 Audiens
2284 3146 2553 3209 namque
2586 3144 2711 3188 non
2743 3126 3145 3208 torquebitur
3174 3135 3344 3188 tanta

273 3226 698 3308 principalibus
743 3227 1078 3301 mandatiS,
1114 3228 1249 3290 sine
1293 3226 1528 3308 quibus
1571 3228 1734 3289 salu·
1846 3227 2324 3309 impugnatione
2373 3226 2451 3287 de
2500 3225 2679 3287 verbi
2730 3224 2923 3287 vestri
2971 3226 3343 3306 divulgatio·

273 3329 380 3383 tem
407 3325 698 3407 consequi
729 3343 855 3388 non
891 3326 1324 3399 valemus‚sed
1355 3325 1432 3387 de
1462 3325 1562 3386 his
1594 3345 1732 3408 quae
1843 3344 1944 3399 ne,
1995 3333 2215 3407 utpote
2264 3333 2493 3406 putans
2544 3343 2680 3386 rem
2734 3323 2928 3386 vilem
2981 3325 3343 3387 transitoria

273 3418 514 3483 relaxare
545 3439 884 3504 possumus
924 3430 1033 3484 aut
1071 3430 1285 3496 tenere
1318 3422 1455 3484 sine
1487 3422 1734 3504 perieu-
1843 3423 2355 3486 confabulatione
2410 3423 2743 3505 prolatam,
2797 3431 2859 3484 et
2907 3442 3049 3504 quae
3097 3442 3173 3485 ex
3221 3424 3341 3486 hoe

273 3515 322 3578 lo
348 3527 526 3582 status
565 3521 765 3583 nostri
803 3539 817 3582 :
852 3521 1018 3583 sicut
1057 3521 1134 3583 de
1166 3521 1492 3583 irremisso
1523 3521 1732 3602 rigore
1844 3522 1982 3604 ipso
2023 3521 2101 3582 fit
2145 3522 2364 3594 levior,
2398 3521 2548 3603 quia
2590 3522 3031 3584 commendata
3073 3539 3202 3584 non
3245 3531 3341 3584 est

269 3613 488 3696 jejunii,
518 3621 593 3682 de
621 3619 761 3702 jugi
801 3620 1186 3682 abstinentia
1215 3639 1251 3682 a
1283 3621 1433 3682 vino
1475 3627 1536 3682 et
1567 3621 1729 3694 oleo,
1839 3619 2250 3682 audientibus
2325 3638 2471 3680 cum
2540 3620 2911 3682 cautissimo
2979 3620 3339 3683 occultandi

270 3713 334 3774 de
382 3718 538 3780 exitu
597 3718 778 3782 cellae
837 3718 1270 3780 indesinenter
1321 3719 1600 3792 vitando,
1655 3720 1732 3782 de
1842 3726 2177 3800 praecepto,
2222 3717 2380 3780 Nam
2429 3726 2492 3779 et
2536 3717 2588 3779 si
2633 3718 2952 3780 audientis
2995 3718 3192 3780 fidem
3238 3737 3340 3779 ex-

272 3807 593 3877 incessabili
636 3814 941 3878 instantia
984 3814 1276 3877 lectionis
1317 3823 1427 3877 aut
1469 3816 1732 3878 medita-
1841 3817 2045 3898 egeris
2079 3836 2226 3878 cum
2258 3816 2472 3897 aliquo
2499 3815 2886 3897 juramento,
2919 3834 3046 3878 non
3084 3816 3336 3878 dubites

272 3907 470 3992 tionis3
510 3933 650 3996 quae
699 3915 836 3976 sine
876 3914 1124 3996 jactura
1165 3922 1275 3976 aut
1317 3915 1549 3977 damno
1593 3933 1732 3997 pro-
1841 3914 2108 3978 verbum
2151 3914 2309 3976 illud
2351 3913 2538 3976 citius
2580 3933 2718 3976 esse
2764 3914 3179 3996 prodendum.
3216 3915 3335 3977 Ma-

272 4005 526 4074 l’essionis
573 4021 765 4095 atque
820 4013 1127 4095 propositi
1185 4013 1385 4075 nostri
1440 4021 1726 4095 possunt,
1836 4015 1939 4096 jor
1996 4013 2236 4095 quippe
2294 4013 2391 4074 vis
2450 4012 2779 4075 diabolicae
2838 4012 3335 4093 impugnationis

271 4122 438 4184 quum
487 4111 816 4192 placuerit,
869 4112 1172 4185 exerceri,
1225 4118 1289 4174 et
1337 4111 1731 4193 irreprehen-
1839 4121 2058 4175 contra
2105 4113 2470 4174 audientem
2521 4119 2835 4193 exsurget,
2875 4118 2942 4173 ut
2991 4119 3051 4173 te
3101 4112 3332 4174 contri-

269 4203 504 4270 sibiliter
531 4210 798 4272 relaxari
833 4229 1034 4293 quum
1069 4209 1259 4273 fuerit
1287 4219 1723 4294 opportunum.
1760 4217 1808 4278 D
1838 4220 1981 4285 stet,
2015 4211 2148 4273 sive
2193 4211 2471 4273 denudet
2510 4229 2583 4272 ac
2628 4209 3010 4284 manifestet,
3046 4218 3107 4272 et
3148 4209 3329 4271 illum

271 4300 546 4383 Ceterum,
572 4309 1084 4371 constantissime
1116 4308 1388 4372 definire
1420 4309 1728 4372 debemus
1838 4309 2215 4393 quantocius
2246 4308 2439 4370 faeiat
2468 4317 2995 4389 transgressorem
3028 4327 3157 4372 suae
3187 4326 3329 4390 pro-

272 4418 432 4482 super
465 4407 866 4470 observantia
907 4408 1362 4490 principalium
1409 4408 1730 4471 mandato·
1840 4409 2162 4472 missionis
2206 4415 2315 4469 aut
2353 4407 2717 4489 juramenti.

273 4515 410 4576 rum,
465 4523 578 4586 pro
638 4523 911 4587 quorum
971 4506 1373 4569 observantia
1439 4525 1564 4569 non
1635 4514 1731 4568 est
2654 4489 2667 4501 ⁸

278 4617 416 4663 mors
442 4605 714 4680 vitanda,
748 4624 950 4686 quum
982 4623 1239 4667 neeesse
1271 4605 1619 4684 exstiterit3
1651 4606 1729 4668 de

276 4697 474 4775 quibus
522 4702 938 4766 immobiliter
979 4711 1076 4765 est
1118 4703 1458 4766 dicendum
1501 4721 1514 4766 :
1554 4704 1729 4766 Jura-

276 4792 344 4868 vi,
388 4805 444 4859 et
493 4801 705 4873 statui,
755 4808 874 4862 ete.
930 4801 1059 4862 Hoc
1117 4801 1290 4862 enim
1341 4800 1484 4863 fieri
1543 4801 1732 4862 debet

275 4907 370 4969 pro
403 4899 677 4961 custodia
715 4899 1016 4973 caritatiS,
1051 4917 1166 4980 pro
1207 4918 1332 4980 qua
1374 4900 1731 4982 spernenda

272 5002 394 5054 sunt
421 4999 727 5072 universa,
762 5017 842 5060 ne
875 4999 1299 5080 tranquillitas
1329 5008 1392 5062 et
1424 4999 1732 5081 perfectio

273 5095 651 5158 maculentur.
703 5096 1012 5159 Similiter
1055 5097 1402 5178 jurandum
1461 5105 1556 5160 est
1615 5115 1730 5180 pro

273 5192 623 5259 castimoniae
664 5196 963 5277 puritate,
998 5215 1114 5258 nec
1153 5197 1325 5259 aliud
1366 5196 1576 5259 faeere
1617 5215 1730 5260 nos

273 5298 488 5367 oportet
505 5309 522 5371 ;
553 5294 644 5356 sic
674 5302 738 5356 et
768 5312 884 5377 pro
913 5293 1066 5369 fide,
1091 5296 1452 5372 sobrietate,
1482 5296 1732 5376 justit-ia

615 2755 1124 2820 CAPITULUM
1192 2757 1345 2818 XX.

358 2876 666 2948 Responsio
695 2877 782 2934 ad
807 2876 1200 2947 objectionem
1219 2877 1625 2950 proemissam.

2198 4635 2702 4701 CAPITULUM
2760 4636 2981 4700 XXII.

1840 4770 2011 4839 Quod
2049 4768 2372 4824 monac-ltus
2418 4767 2583 4822 nihil
2626 4767 2837 4822 debeat
2884 4765 3143 4838 abrupte
3188 4765 3334 4838 defi-

1909 4860 2046 4914 nire
2092 4859 2165 4913 de
2213 4858 2307 4912 llis
2353 4872 2491 4930 quae
2520 4857 2833 4927 pertinent
2870 4855 2953 4910 ad
2986 4855 3333 4926 corporales

1911 4948 2405 5003 emer-citationes.

2001 5097 2351 5161 ONACHUS
2392 5098 2601 5180 itaque
2638 5095 2799 5158 nihil
2840 5095 3028 5158 debet
3062 5095 3330 5178 abrupte

2018 5196 2289 5260 definire
2319 5197 2397 5258 de
2428 5197 2527 5259 his
2557 5215 2699 5278 quae
2730 5195 2807 5257 ad
2838 5194 3195 5275 corporales
3226 5213 3331 5255 ex-

1843 5296 2245 5359 ercitationes
2294 5295 2692 5357 solummodo
2735 5293 3075 5376 pertinent,
3108 5309 3189 5354 ne
3238 5293 3332 5356 in-
