4359 6267
1057 510 1476 561 COLLATIONUM
1518 513 1602 558 SS.
1638 511 1882 558 PATRUI!
1924 511 2099 557 LIBER
2141 512 2203 556 11.
2246 530 2326 539 —
2366 509 2652 558 coLLA‘rm
2692 513 2797 558 xlx

3357 491 3477 558 363

397 683 625 747 vissimi
656 688 680 747 2
728 685 1055 759 Quomodo
1112 684 1270 747 levis
1327 703 1480 746 aura
1528 682 1878 746 commovit
1904 679 1954 744 A
1983 681 2094 744 das
2125 689 2188 744 et
2219 683 2679 745 conservandas
2714 701 2787 745 ac
2819 682 3241 765 perficiendas
3273 681 3479 764 despi-

393 783 634 846 domum
672 791 847 847 tuam
891 793 1063 847 tanta
1103 783 1407 846 firmitate
1445 788 1872 845 constructam

393 903 569 965 supra
601 885 1050 947 solidissimam
1085 885 1282 959 illam,
1303 891 1373 945 ut
1405 882 1520 944 tibi
1552 881 1869 964 apparuit,

392 986 663 1062 petram?
693 983 811 1046 Ubi
851 993 948 1045 est
979 984 1147 1066 quod
1189 982 1431 1045 bellum
1477 982 1542 1042 in
1584 999 1739 1063 pace
1770 980 1874 1041 de-

192 1079 676 1156 p..am1,siderans,
720 1081 895 1144 inani
943 1081 1185 1144 fiducia
1231 1078 1652 1152 exclamabam,
1697 1078 1874 1140 Para—

174 1166 216 1202 tt).

391 1185 481 1240 tus
527 1199 687 1254 sum,
732 1187 798 1242 et
846 1197 974 1242 non
1025 1199 1168 1266 sum
1219 1177 1557 1255 turbatus;
1609 1183 1672 1238 et
1722 1194 1869 1238 cum

173 1296 224 1337 1³2.
238 1308 312 1344 m,
329 1297 364 1336 2.
389 1275 680 1358 Propheta
711 1295 880 1359 saepe
909 1277 1151 1350 dixisti,
1184 1275 1384 1339 Proba
1417 1293 1540 1349 me,
1576 1273 1866 1347 Domine,

391 1381 444 1433 et
471 1381 638 1434 tenta
665 1392 789 1448 me,
821 1393 936 1436 ure
964 1392 1147 1436 renes
1178 1390 1354 1436 meos
1384 1380 1448 1434 et
1479 1390 1588 1434 cor
1617 1388 1867 1450 meum3

167 1484 367 1535 pamma.
388 1479 464 1544 et,
501 1471 692 1534 Proba
739 1491 866 1545 me,
909 1473 1098 1546 DeuS,
1139 1480 1203 1535 et
1251 1472 1412 1534 scito
1459 1489 1568 1534 cor
1611 1487 1866 1548 meum3

171 1551 214 1588 22.
235 1550 284 1590 2⁴.

90 3435 92 3438 ‚
153 3451 354 3504 Lamud&

159 4039 288 4088 Masta.
301 4060 350 4098 xi,

389 1567 687 1650 interroga
717 1589 821 1632 me
851 1579 912 1632 et
944 1589 1252 1652 cognosce
1283 1570 1540 1632 semitas
1577 1587 1772 1642 meaS‚
1806 1577 1869 1630 et

387 1667 518 1729 vide
547 1669 604 1730 si
631 1669 731 1731 via
761 1669 1117 1752 iniquitatis
1150 1670 1214 1731 in
1249 1688 1349 1731 me
1381 1672 1510 1730 est?
1542 1668 1866 1743 Quomodo

385 1765 598 1846 exigua
643 1766 842 1829 hostis
893 1767 1121 1830 umbra
1164 1767 1464 1830 contrivit
1504 1775 1634 1828 tam
1681 1785 1865 1847 gran-

385 1863 518 1925 dem
557 1865 918 1928 certaminis
961 1869 1382 1948 apparatum?

457 1963 766 2026 Damnans
807 1982 957 2045 ergo
998 1972 1188 2046 atque
1230 1964 1590 2044 dijudicans
1639 1970 1866 2026 semet-

383 2060 580 2141 ipsum
643 2062 751 2123 tali
813 2063 1363 2124 animadversione
1425 2063 1863 2144 compunctio-

383 2157 494 2232 nis,
544 2177 667 2222 non
725 2160 893 2222 sinat
940 2161 1548 2222 commotiunculam
1610 2178 1864 2222 manere

383 2256 656 2333 inultam,
709 2259 820 2321 sed
873 2277 1130 2320 carnem
1177 2278 1359 2320 suam
1408 2259 1721 2340 castigans
1770 2278 1867 2320 ar-

381 2355 564 2416 ctiore
619 2355 974 2419 afflictione
1035 2356 1431 2437 jejuniorum
1488 2376 1561 2418 ac
1621 2356 1866 2438 vigilia-

382 2472 535 2528 rum,
556 2455 957 2536 assiduisque
989 2456 1396 2518 continentiae
1427 2455 1634 2538 poenis
1667 2456 1867 2537 impa-

379 2551 656 2615 tientiam
713 2572 896 2615 suam
954 2554 1350 2628 excrucians,
1403 2555 1468 2616 in
1522 2553 1865 2615 solitudine

381 2652 747 2713 constitutus
807 2659 1140 2715 consumat
1197 2653 1315 2715 hoc
1369 2653 1514 2733 igne
1566 2653 1868 2714 exercita-

381 2748 581 2822 tioniS,
631 2751 804 2832 quod
862 2750 1050 2832 plene
1109 2767 1461 2832 excoquere
1520 2749 1741 2812 debuit
1799 2751 1866 2811 in

380 2848 851 2929 congregatione
901 2847 1197 2911 coenobii.
1247 2849 1531 2930 Denique
1580 2849 1659 2910 ad
1705 2847 1868 2911 obti-

377 2946 639 3007 nendam
668 2946 887 3027 jugem
921 2945 1344 3028 stabilemque
1377 2946 1770 3028 patientiam,
1797 2945 1868 3008 il-

1983 781 2208 842 cienda
2246 788 2395 842 sunt
2433 782 2765 843 commoda
2803 799 2929 844 non
2972 781 3178 843 solum
3218 779 3480 842 carnali-

1983 897 2091 940 um
2134 897 2371 950 rerum,
2406 880 2515 941 sed
2547 887 2610 940 et
2641 879 2893 941 illarum
2935 899 3077 961 quae
3116 878 3479 961 spirituales

1982 997 2120 1040 esse
2151 978 2470 1052 videntur,
2507 979 2559 1040 si
2600 979 2783 1041 aliter
2820 979 3064 1061 acquiri
3105 986 3215 1040 aut
3253 975 3480 1061 perfici

1982 1084 2311 1158 nequeunt
2353 1077 2479 1138 nisi
2525 1096 2671 1138 cum
2724 1076 3203 1160 tranquillitatis
3251 1094 3325 1137 ac
3370 1094 3481 1156 pu-

1982 1174 2185 1237 ritatis
2229 1174 2609 1237 turbatione.

2371 1429 2875 1493 CAPITULUM
2937 1430 3087 1493 XV.

1979 1578 2267 1644 Quoeatz‘O,
2299 1595 2382 1635 an
2408 1577 2745 1649 fornicatio
2784 1579 2879 1634 ita
2910 1578 3121 1635 debeat
3149 1578 3477 1650 emptor-ari

2185 1668 2678 1740 quemadmodum
2703 1673 2915 1724 eeterae
2939 1669 3276 1739 passiones.

1901 1859 1949 1922 B
2120 1865 2481 1928 ERMANUS
2506 1885 2519 1929 ε
2553 1866 2729 1929 Sicut
2758 1867 3007 1928 medela
3036 1865 3471 1948 impatientiae,

2141 1964 2271 2036 irae‚
2297 1963 2592 2037 tristitiae,
2623 1972 3105 2046 ceterorumque
3135 1964 3475 2027 vulnerum

1976 2063 2206 2126 animae
2237 2070 2332 2125 est
2354 2071 2605 2125 ostensa
2636 2082 2749 2145 per
2772 2062 3193 2143 objectionem
3222 2070 3284 2125 et
3309 2083 3480 2126 exer-

1978 2161 2342 2223 citationem
2376 2162 2837 2224 contrariarum
2869 2181 3081 2223 rerum
3116 2181 3228 2223 seu
3258 2162 3477 2224 adver-

1977 2260 2261 2332 sitatum,
2296 2261 2388 2322 sic
2428 2261 2619 2322 etiam
2652 2259 2950 2322 volumus
2992 2260 3243 2322 edoceri
3282 2279 3475 2341 quam

1979 2359 2291 2421 medelam
2324 2367 2610 2442 oporteat
2640 2378 2755 2423 nos
2786 2367 3007 2423 contra
3038 2359 3475 2423 fornicationis

1977 2457 2275 2538 spiritum
2328 2457 2654 2530 adhibere,
2702 2458 2822 2520 hoc
2874 2465 2991 2533 est,
3039 2467 3252 2519 utrum
3310 2458 3475 2538 ignis

1977 2555 2511 2637 concupiscentiae
2562 2556 2761 2638 possit
2803 2555 3121 2636 exstingui
3166 2555 3475 2635 objicien-

1977 2653 2056 2715 do
2096 2653 2220 2715 sibi
2265 2653 2505 2733 majora
2549 2653 2890 2716 libidinum
2937 2653 3275 2726 incentiva,
3310 2653 3477 2714 sicut

1980 2751 2043 2812 in
2077 2751 2264 2813 aliis:
2299 2751 2467 2833 quod
2509 2752 2828 2813 credimus
2868 2751 3018 2813 satis
3058 2770 3196 2812 esse
3234 2757 3476 2813 contra-

1976 2849 2144 2910 rium
2177 2849 2471 2922 castitati,
2498 2849 2548 2910 si
2585 2849 2996 2911 incitamenta
3027 2846 3314 2910 libidinis
3346 2867 3473 2910 non

1977 2947 2184 3009 solum
2237 2953 2693 3028 exaggerentur
2743 2947 2807 3008 in
2858 2945 3064 3020 nobis,
3108 2946 3238 3008 imo
3280 2946 3475 3008 etiam

381 3041 480 3104 lud
509 3045 856 3106 tenendum
894 3052 992 3106 est
1032 3044 1447 3107 immobiliter
1481 3052 1544 3107 et
1579 3052 1868 3107 constan·
1905 3047 1947 3110 C
1979 3046 2030 3106 si
2077 3064 2373 3107 assensus
2424 3044 2803 3127 perstringat
2852 3051 2963 3106 aut
3006 3043 3215 3126 capiat
3257 3044 3475 3106 oculos

379 3147 485 3215 ter,
519 3142 689 3224 quod
731 3142 977 3205 scilicet
1010 3160 1138 3205 non
1180 3143 1328 3204 licet
1363 3142 1546 3205 nobis
1586 3143 1672 3204 ad·
1705 3143 1866 3206 iram

382 3239 610 3302 moveri
644 3249 905 3323 propter
933 3241 1382 3324 quodcumque
1414 3241 1867 3304 detrimentum

379 3345 482 3399 aut
517 3338 960 3414 irritationem,
1003 3360 1204 3422 quum
1254 3359 1380 3403 non
1429 3341 1637 3404 solum
1685 3341 1864 3415 ultio,

379 3436 482 3498 sed
510 3436 664 3499 item
697 3437 1006 3502 memoria
1039 3438 1421 3518 injuriarum
1456 3439 1868 3521 prohibeatur

379 3533 555 3597 nobis
590 3536 727 3617 lege
762 3536 997 3598 divina.
1033 3536 1206 3610 Quod
1242 3537 1417 3599 enim
1449 3537 1704 3618 gravius
1746 3538 1871 3599 dis-

380 3633 676 3713 pendium
721 3642 928 3716 potest
969 3634 1198 3698 animae
1240 3635 1518 3710 evenire,
1561 3654 1753 3718 quam
1799 3643 1870 3697 ut

379 3738 628 3813 propter
675 3732 954 3794 subitam
1015 3752 1144 3796 suae
1194 3734 1639 3796 commotionis
1688 3735 1866 3797 caeci-

377 3837 563 3892 tatem
603 3831 850 3913 privata
889 3831 1126 3894 summi
1156 3838 1220 3894 et
1249 3832 1564 3896 aeternalis
1603 3833 1866 3895 luminis

378 3928 676 4002 claritate,
708 3930 992 3992 discedat
1032 3949 1070 3992 a
1114 3931 1648 4013 contemplatione
1693 3929 1866 3992 illius

376 4027 482 4107 qui
519 4035 614 4090 est
649 4028 823 4090 mitis
863 4036 926 4089 et
955 4028 1222 4091 humilis
1263 4029 1495 4092 corde?
1531 4029 1689 4103 Quid
1731 4047 1868 4111 per-

377 4125 676 4188 niciosius
735 4133 924 4208 atque
982 4127 1284 4200 deteriuS,
1348 4147 1539 4210 quam
1597 4136 1666 4189 ut
1723 4127 1866 4210 quis

1981 3145 2211 3206 mentis
2254 3144 2405 3206 talia
2447 3144 2903 3226 praetereuntis.

2358 3397 2863 3462 CAPITULUM
2906 3399 3095 3463 XVI.

2299 3538 2630 3610 Responsio
2692 3538 2777 3594 ad
2820 3537 3154 3610 praedicta.

2073 3733 2404 3796 OANNES
2467 3750 2480 3795 :
2544 3734 2742 3815 Sagax
2802 3734 3208 3815 interrogatio
3267 3741 3477 3796 vestra

2091 3832 2398 3915 praevenit
2450 3831 3010 3913 interrogationem
3070 3852 3213 3914 quae
3264 3851 3475 3895 narra-

1981 3933 2217 3994 tionem
2250 3938 2528 3994 nostram
2562 3930 2587 3993 f
2591 3940 2766 3994 uerat
2796 3939 3112 4006 secutura,
3144 3932 3337 3995 etiam
3369 3950 3477 3996 vo-

1978 4030 2078 4092 bis
2108 4029 2495 4109 tacentibus3
2518 4030 2760 4092 idcirco
2790 4049 2915 4093 non
2947 4030 3169 4093 dubito
3200 4031 3357 4113 quin
3387 4050 3479 4095 so-

1980 4129 2288 4190 lutionem
2317 4127 2457 4208 ejus
2486 4127 2839 4190 efficaciter
2869 4129 3259 4210 concipiam,
3282 4149 3479 4212 quum

375 4224 616 4286 amittat
658 4224 979 4305 judicium
1037 4225 1407 4300 honestatis,
1460 4226 1867 4309 disciplinam
1899 4227 1946 4288 D
1977 4235 2040 4288 et
2096 4245 2367 4289 acumen
2429 4226 2623 4288 vestri
2686 4225 2924 4307 ingenii
2989 4226 3475 4288 instructionem

372 4340 442 4383 ac
472 4323 757 4404 regulam
799 4331 984 4386 rectae
1014 4324 1437 4399 discretioniS,
1471 4333 1536 4387 et
1565 4344 1755 4387 sanus
1793 4345 1867 4388 ac

372 4419 618 4482 sobrius
678 4420 872 4484 faciat
917 4441 1060 4504 quae
1117 4441 1236 4484 nec
1283 4424 1672 4486 temulentus
1719 4424 1866 4506 quis

371 4537 686 4601 sensuque
717 4519 1009 4601 indigens
1039 4521 1443 4584 veniabiliter
1471 4522 1865 4584 admisisset?

369 4616 762 4700 Quicumque
789 4637 939 4699 ergo
969 4619 1378 4700 perpenderit
1404 4620 1539 4682 haec
1568 4629 1631 4682 et
1661 4627 1867 4684 cetera

369 4715 504 4778 istis
545 4716 786 4778 similia
828 4717 1229 4791 detrimenta,
1272 4717 1546 4780 faciliter
1594 4718 1864 4780 sust-ine-

369 4811 461 4875 bit
503 4831 632 4877 non
678 4814 888 4877 solum
932 4815 1148 4877 omnia
1191 4816 1442 4890 damna,
1475 4817 1584 4878 sed
1631 4825 1694 4878 et
1732 4834 1864 4879 om-

369 4931 514 4974 nem
555 4931 813 4994 poenam
853 4921 1043 4994 atque
1072 4913 1378 4993 injuriam
1406 4934 1548 4997 quae
1576 4934 1614 4976 a
1644 4916 1866 4977 crude-

371 5009 630 5072 lissimis
673 5017 940 5093 possunt
975 5013 1257 5094 tyrannis
1298 5013 1540 5086 inferri,
1570 5013 1866 5093 judicans

369 5109 528 5170 nihil
569 5127 710 5171 esse
749 5109 1222 5191 dispendiosius
1261 5109 1373 5185 ira,
1406 5110 1694 5192 nihilque
1728 5131 1867 5194 pre-

369 5207 594 5269 tiosius
657 5207 1056 5270 indesinente
1107 5208 1563 5291 tranquillitate
1611 5229 1684 5271 ac
1728 5211 1866 5293 jugi

367 5305 646 5386 puritate
677 5304 876 5368 animi
909 5307 1008 5368 sui
1043 5323 1058 5369 :
1094 5315 1352 5389 propter
1381 5327 1536 5390 quas
1577 5308 1866 5371 obtinen-

1978 4333 2260 4388 nostram
2329 4325 2738 4406 praecesserit.
2808 4325 3173 4388 Obscuritas
3234 4324 3475 4407 quippe

1979 4423 2327 4504 cujuslibet
2377 4423 2746 4504 quaestionis
2793 4424 3153 4486 elucidatur
3203 4423 3341 4484 sine
3391 4422 3475 4484 la-

1977 4522 2150 4596 bore,
2184 4541 2384 4604 quum
2414 4519 2775 4603 anticipans
2812 4522 3144 4604 inquisitio
3175 4521 3478 4604 praecedit

1975 4638 2102 4702 quo
2131 4621 2420 4683 ducenda
2452 4628 2547 4683 est
2578 4620 2960 4684 solutionem
2991 4621 3216 4702 ipsius.
3253 4621 3469 4703 Itaque

1973 4721 2253 4782 humana
2283 4720 2601 4782 consortia
2639 4737 2765 4782 non
2806 4720 3011 4782 solum
3052 4738 3179 4783 non
3212 4720 3469 4794 obsunt,

1974 4818 2083 4880 sed
2130 4825 2193 4880 et
2238 4818 2587 4899 plurimum
2640 4816 2975 4879 conferunt
3024 4819 3472 4900 praedictorum

1976 4917 2278 4979 remediis
2310 4917 2631 4979 vitiorum.
2666 4916 2824 4978 Nam
2858 4914 3171 4998 patefacta
3204 4935 3319 4998 per
3354 4915 3477 4977 fre-

1974 5014 2303 5097 quentiam
2348 5013 2760 5095 impatientiae
2800 5033 2951 5086 suae,
2988 5020 3226 5095 quanto
3271 5012 3475 5093 magis

1972 5111 2302 5174 assiduum
2332 5111 2842 5193 compunctionis
2873 5111 3155 5173 dolorem
3194 5109 3478 5172 inferunt

1973 5210 2180 5284 victiS‚
2216 5217 2391 5271 tanto
2434 5208 2817 5271 velociorem
2863 5207 3254 5270 curationem
3306 5206 3481 5269 labo-

1975 5307 2264 5371 rantibus
2314 5314 2629 5389 praestant.
2685 5307 2950 5387 Propter
2992 5306 3161 5387 quod
3214 5307 3280 5368 in
3331 5306 3477 5369 soli-
