4359 6267
154 2301 310 2343 Nahum

1075 551 1494 599 COLLATIONUH
1536 552 1622 598 SS.
1657 553 1900 598 PA'muu
1932 552 2116 598 Lmen
2157 553 2221 598 11.
2266 571 2347 580 —
2387 552 2674 600 COLLATIO
2711 553 2819 598 xxl

3380 526 3501 592 383

394 721 657 802 gesimae
701 724 1044 804 puritatem
1094 723 1484 786 castimoniae
1524 722 1900 804 acquisitam
1931 722 1982 785 A
2014 723 2385 785 desideratis
2416 742 2756 804 agnoscere
2782 723 3089 804 integram
3122 731 3352 786 nostrae
3380 742 3506 786 ser-

399 821 612 883 labore
657 823 1182 904 Quadragesimae.
1227 824 1373 886 ldeo
1420 822 1596 884 nulla
1645 821 1898 902 penitus

396 920 672 1000 adjectio
721 922 1092 984 admittatur
1141 923 1205 984 in
1255 921 1546 984 ciborum
1596 920 1898 1002 qualitate

395 1026 462 1079 et
502 1019 730 1098 mod03
778 1021 908 1082 imo
953 1027 1017 1082 et
1063 1022 1128 1082 in
1177 1019 1612 1082 celeberrimis
1672 1018 1898 1080 diebus

394 1125 832 1198 temperemus
877 1119 958 1179 ab
1005 1121 1188 1193 eseia,
1233 1137 1346 1200 per
1388 1137 1658 1200 quarum
1703 1116 1898 1178 conti-

394 1216 680 1277 nentiam
725 1217 1063 1279 tuebamur
1103 1217 1529 1298 integritatem
1575 1215 1897 1298 pudicitiae

393 1313 622 1375 diebus
655 1314 977 1395 profestiS,
1015 1335 1092 1378 ne
1123 1315 1486 1377 festivitatis
1519 1314 1734 1377 laetit-ia
1765 1333 1897 1376 sus-

394 1413 597 1473 citans
629 1412 818 1475 nobis
850 1414 1453 1494 perniciosissimam
1490 1431 1769 1494 pugnam
1803 1412 1894 1473 in-

391 1509 798 1572 centivorum
831 1511 1498 1584 carnalium,vertatur
1527 1511 1594 1571 in
1626 1509 1890 1584 luctum,

387 1615 586 1688 atque
633 1608 864 1689 eripiat
913 1608 1096 1670 nobis
1147 1608 1658 1670 excellentiorem
1717 1607 1893 1669 illam

391 1705 628 1766 mentis
677 1705 1112 1780 festivitatem,
1154 1725 1296 1787 quae
1335 1705 1566 1786 gaudio
1614 1705 1894 1767 incorru-

391 1803 634 1883 ptionis
685 1803 978 1876 exsultat,
1021 1812 1084 1866 et
1133 1803 1518 1885 incipiamus
1569 1809 1709 1884 post
1757 1802 1893 1862 bre-

2015 821 2235 883 vitutis
2278 840 2351 882 ac
2391 821 2807 884 observantia)
2850 821 3203 895 veritatem,
3235 821 3505 903 accipite

2012 918 2557 980 evidentissimam
2588 919 2897 981 rationem
2932 919 3137 994 istiuS,
3175 927 3243 980 ut
3270 919 3505 983 certius

2010 1017 2379 1098 approbetis
2409 1018 2575 1099 quod
2618 1018 2889 1098 majores
2928 1017 3127 1080 nostri
3156 1017 3317 1078 nihil
3356 1017 3507 1080 irra-

2011 1114 2316 1177 tionabile
2358 1122 2731 1177 statuerunt.
2768 1115 3070 1178 Generale
3112 1120 3501 1196 praeceptum

2011 1214 2484 1294 promulgatum
2522 1222 2619 1276 est
2650 1213 2945 1276 universo
2984 1214 3221 1294 populo
3260 1213 3326 1274 in
3365 1212 3501 1294 lege

2009 1312 2315 1374 Mosaica:
2344 1312 2631 1373 Decimas
2663 1319 2801 1374 tuas
2832 1320 2895 1373 et
2925 1311 3237 1393 primitias
3267 1310 3501 1374 offeres
3528 1329 3793 1378 [exodun.

2009 1411 2278 1472 Domino
2308 1411 2436 1472 Deo
2464 1411 2819 1492 tuo.Itaque
2848 1409 2958 1491 qui
2985 1409 3287 1490 jubemur
3315 1408 3503 1471 offer·
3529 1394 3597 1436 ²⁹·

2009 1527 2075 1570 re
2115 1509 2395 1570 decimas
2434 1509 2905 1590 possessionum
2945 1515 3009 1570 et
3046 1507 3335 1570 omnium
3378 1507 3503 1569 fru-

2011 1615 2231 1669 ctuum
2288 1615 2672 1680 nostrorum,
2726 1607 2927 1669 multo
2987 1606 3185 1685 magis
3242 1624 3501 1668 necesse

2008 1714 2104 1766 est
2148 1713 2217 1766 ut
2261 1705 2607 1768 offeramus
2655 1706 2931 1769 decimas
2976 1705 3121 1768 vitae
3168 1713 3399 1767 nostrae
3440 1711 3504 1766 et

2009 1823 2161 1864 usus
2198 1804 2482 1878 humani,
2514 1822 2908 1885 operumque
2938 1810 3319 1865 nostrorum.
3356 1802 3503 1874 Quae

389 1919 541 1963 vem
609 1902 882 1964 carnalis
951 1902 1180 1964 laetitiae
1243 1902 1588 1964 vanitatem
1655 1901 1893 1962 deflere
1931 1902 2335 1966 Bevidenter
2361 1901 2703 1985 implentur
2727 1902 2793 1964 in
2818 1901 3318 1982 Quadragesimae
3343 1919 3506 1963 com·

391 2000 584 2080 longo
616 2000 1008 2080 poenitentiae
1044 2019 1314 2063 moerore
1352 2000 1727 2081 pudicitiam
1759 2017 1892 2062 eor-

389 2098 493 2158 dis
551 2098 874 2160 amissam.
936 2098 1098 2170 Quin
1163 2098 1290 2160 imo
1349 2097 1760 2160 laborandum
1823 2106 1894 2158 ut

391 2195 766 2276 prophetica
807 2194 916 2256 illa
963 2195 1312 2258 admonitio
1355 2213 1482 2258 non
1528 2194 1764 2256 frustra
1805 2195 1894 2256 di-

331 2316 360 2350 ι,
390 2293 634 2373 rigatur
672 2293 751 2355 ad
797 2311 912 2355 nos
947 2313 958 2356 :
993 2292 1274 2366 Celebra,
1305 2293 1482 2364 Iuda,
1517 2291 1892 2354 festivitates

391 2399 558 2464 tuas,
599 2397 662 2452 et
712 2391 906 2452 redde
949 2399 1094 2454 vota
1135 2400 1260 2452 tua.
1305 2391 1369 2453 Si
1419 2390 1591 2452 enim
1642 2390 1889 2452 dierum

391 2488 740 2552 solennitas
780 2489 1114 2569 interJecta
1149 2507 1276 2552 non
1319 2489 1657 2551 mutaverit
1697 2489 1894 2550 conti-

392 2587 628 2649 nentiae
656 2586 1015 2667 jugitatem,
1050 2587 1492 2669 spiritualibus
1523 2586 1699 2649 seriis
1727 2605 1891 2648 sem-

393 2703 510 2765 per
559 2683 882 2764 fruemur3
924 2685 1142 2766 sicque
1190 2683 1586 2746 cessantibus
1629 2684 1813 2746 nobis
1855 2703 1890 2745 a

130 2798 358 2851 laumas.
389 2781 735 2844 servilibus
792 2782 1292 2864 operationibus,
1343 2782 1464 2843 erit
1518 2781 1754 2843 mensis
1811 2801 1889 2844 ex

393 2899 635 2955 mense,
667 2890 731 2942 et
775 2880 1110 2943 sabbatum
1155 2900 1232 2942 ex
1274 2880 1553 2942 sabbato.

737 3131 1245 3197 CAPITULUM
1306 3133 1554 3198 XXIV.

531 3279 944 3351 Interroqatio
973 3280 1045 3334 de
1073 3281 1320 3337 diversa
1347 3282 1766 3340 observatione

890 3370 1400 3441 Quadraqesimoe.

537 3565 898 3628 ERMANUS
948 3583 962 3627 ε
1011 3565 1172 3639 Quid
1222 3585 1426 3630 causae
1473 3576 1571 3630 est
1619 3577 1690 3630 ut
1736 3569 1892 3641 Qua-

555 3665 911 3744 dragesima
941 3683 1054 3745 per
1083 3684 1192 3726 sex
1222 3665 1648 3728 hebdomadas
1680 3668 1892 3730 obser-

395 3770 596 3836 vetur,
631 3762 781 3824 licet
821 3763 1024 3843 maior
1063 3761 1328 3825 forsitan
1372 3783 1525 3826 cura
1567 3766 1892 3846 religionis

395 3861 683 3923 videatur
713 3860 1051 3942 septimam
1092 3861 1400 3942 adjecisse
1432 3863 1892 3927 hebdomadam

398 3957 462 4019 in
490 3958 876 4040 quibusdam
910 3957 1280 4040 provinciiS‚
1305 3979 1506 4041 quum
1536 3962 1752 4024 nullus
1786 3982 1895 4024 nu·

399 4074 717 4118 merorum
773 4055 1029 4118 illorum
1081 4057 1402 4119 contineat
1448 4059 1582 4121 dies
1631 4062 1894 4140 quadra-

395 4155 588 4234 ginta,
625 4153 950 4216 subtracta
979 4154 1083 4215 die
1116 4154 1437 4218 dominica
1473 4177 1546 4218 ac
1585 4159 1890 4221 sabbato?

2009 2000 2359 2081 putatione,
2395 2001 2696 2083 quoniam
2738 2019 3042 2062 numerus
3082 1999 3371 2061 omnium
3412 1999 3502 2062 di-

2007 2117 2190 2160 erum
2256 2118 2370 2180 per
2433 2117 2706 2180 quorum
2771 2098 3231 2161 revolutionem
3298 2116 3503 2161 annus

2009 2197 2386 2278 completur,
2420 2198 2771 2260 decimatur
2800 2213 3067 2258 numero
3092 2196 3355 2278 triginta
3392 2215 3500 2259 sex

2007 2295 2201 2357 semis
2240 2295 2510 2357 dierum.
2542 2296 2732 2358 Porro
2770 2295 2835 2356 in
2878 2302 3124 2376 septem
3163 2294 3504 2358 hebdoma-

2007 2392 2219 2468 dibus,
2254 2393 2306 2455 si
2347 2394 2481 2456 dies
2521 2389 2934 2456 dominicales
2968 2399 3029 2454 et
3061 2392 3322 2455 sabbata
3358 2393 3503 2456 sub-

2010 2491 2357 2565 trahantur,
2393 2491 2651 2572 triginta
2680 2491 2963 2572 quinque
2995 2490 3131 2552 dies
3160 2501 3503 2572 supersunt

2002 2589 2268 2670 jejuniis
2317 2589 2682 2670 deputandi.
2726 2589 2914 2651 Porro
2952 2589 3197 2669 adjecta
3247 2589 3351 2651 die
3394 2590 3503 2652 illa

2005 2686 2369 2766 vigiliarum
2400 2686 2647 2749 sabbati
2684 2705 2884 2767 usque
2916 2686 2982 2747 in
3015 2686 3327 2767 gallorum
3359 2705 3501 2748 can-

2005 2792 2163 2856 tum,
2186 2785 2596 2847 illucescente
2626 2784 2967 2856 dominica,
2991 2801 3118 2845 non
3148 2783 3355 2845 solum
3387 2784 3501 2845 im-

2004 2882 2215 2963 pletur
2245 2902 2549 2945 numerus
2574 2881 2832 2963 triginta
2862 2899 2971 2943 sex
3002 2881 3498 2955 dierum,verum

2001 2980 2195 3043 etiam
2244 2999 2361 3062 pro
2407 2981 2674 3044 decimis
2722 2980 3007 3062 quinque
3050 2979 3295 3041 dierum
3346 2979 3497 3041 resi-

1927 3079 1969 3141 C
2001 3078 2166 3152 duis,
2218 3086 2583 3160 computato
2640 3077 3081 3160 superadjecto
3137 3076 3342 3158 spatio
3388 3095 3498 3140 no-

2001 3177 2142 3250 ctis,
2197 3176 2358 3238 nihil
2406 3177 2606 3238 deerit
2654 3174 3039 3258 plenitudini
3098 3193 3365 3237 summae
3411 3182 3501 3237 to-

2001 3275 2151 3349 tiuS,
2187 3294 2328 3356 quae
2370 3282 2754 3357 supputatur
2795 3292 2911 3356 pro
2953 3274 3202 3336 decima
3240 3272 3412 3336 anni.

2342 3527 2847 3592 CAPITULUM
2912 3529 3161 3593 XXVI.

2078 3675 2359 3743 Qualiter
2384 3675 2701 3731 debeamus
2723 3677 2845 3731 Deo
2875 3675 3094 3749 offerre
3116 3677 3438 3749 primitias
3486 3747 3491 3752 .

2619 3770 2881 3820 nostras.

2145 3961 2275 4023 UID
2314 3968 2527 4022 autem
2577 3960 2655 4021 de
2705 3959 3008 4040 primitiis
3055 3960 3286 4033 dicam,
3338 3981 3495 4043 quas

2165 4067 2410 4121 certum
2454 4066 2549 4120 est
2589 4057 2875 4119 exhiberi
2918 4058 3201 4138 quotidie
3242 4058 3323 4120 ab
3364 4077 3495 4121 om-

2003 4155 2194 4220 nibus
2236 4157 2347 4239 qui
2394 4156 2638 4219 Christo
2682 4156 3084 4218 deserviunt?
3116 4155 3492 4237 Expergefa-

399 4252 548 4314 Nam
600 4251 667 4312 in
719 4251 876 4333 ipsis
922 4251 1429 4316 hebdomadibus
1478 4255 1892 4318 includuntur
1921 4265 1972 4325 D
2003 4255 2086 4317 cti
2119 4274 2394 4336 namque
2424 4273 2459 4315 a
2488 4272 2729 4328 somn0,
2758 4260 2821 4315 et
2849 4254 3031 4335 quasi
3062 4253 3345 4316 rediviva
3372 4254 3492 4316 ala-

399 4349 837 4412 tantummodo
879 4349 1138 4429 triginta
1179 4358 1240 4412 et
1284 4370 1393 4413 sex
1437 4353 1589 4414 dies,

751 4603 1256 4669 CAPITULUM
1318 4605 1532 4668 XXV.

476 4753 827 4825 Responsio,
859 4754 1022 4826 quod
1035 4752 1298 4824 jejunia
1329 4755 1822 4825 Quadrayesimoe

653 4841 1008 4912 referantur
1034 4843 1119 4899 ad
1144 4843 1434 4899 decimam
1460 4845 1630 4899 anni.

579 5037 830 5101 EONAS
863 5055 878 5100 :
911 5038 1086 5102 Licet
1128 5041 1550 5121 quorumdam
1600 5041 1705 5122 pia
1748 5040 1895 5102 sim-

554 5136 806 5218 plicitas
865 5145 1151 5218 amputet
1204 5137 1397 5218 hujus
1454 5139 1544 5199 rei
1603 5139 1894 5221 quaestio-

409 5251 570 5306 nem,
604 5241 819 5296 tamen
850 5233 1001 5315 quia
1038 5235 1475 5317 scrupulosius
1518 5236 1898 5318 inquIrendo

413 5349 546 5411 quae
592 5331 757 5395 alius
815 5339 1170 5414 reputasset
1217 5333 1566 5416 quaestione
1615 5334 1896 5416 indigna,

2003 4353 2224 4414 crita'te
2256 4361 2396 4435 post
2427 4369 2718 4434 soporem
2749 4359 3098 4432 surgenteS,
3132 4351 3283 4413 dum
3314 4360 3491 4414 ortus

2000 4457 2191 4531 atque
2222 4449 2539 4532 principia
2568 4449 3021 4530 cogitationum
3052 4468 3311 4512 suarum
3334 4450 3493 4512 divi-

2002 4549 2103 4610 nis
2143 4556 2517 4610 consecrant
2547 4547 2952 4622 holocaustis,
2987 4567 3099 4610 seu
3132 4549 3259 4611 Deo
3290 4548 3356 4610 in
3386 4548 3495 4611 ho-

2004 4645 2701 4720 locaustum'osferunt‚
2742 4653 3079 4727 antequam
3120 4647 3307 4708 corde
3346 4663 3492 4709 con-

2003 4745 2243 4826 cipiant
2276 4753 2515 4807 motum
2548 4763 2771 4806 sensus
2796 4744 3011 4819 ullius,
3035 4744 3134 4806 vel
3158 4744 3494 4806 admittant

2004 4843 2379 4906 memoriam
2437 4861 2736 4904 curamve
2792 4843 2883 4904 rei
2932 4842 3288 4916 familiaris,
3338 4843 3492 4924 quid

2004 4942 2128 5004 nisi
2161 4941 2477 5022 primitias
2516 4940 2844 5002 fructuum
2885 4957 3146 5002 suorum
3175 4959 3323 5002 vere
3354 4959 3493 5021 per-

2005 5040 2260 5102 solvunt
2310 5057 2424 5120 per
2472 5057 2797 5100 summum
2846 5037 3233 5100 sacerdotem
3278 5039 3491 5100 Jesum

2007 5139 2350 5211 Christum,
2402 5155 2517 5218 pro
2569 5155 2686 5197 usu
2736 5135 2881 5198 vita}
2931 5135 3255 5217 praesentis
3304 5143 3493 5217 atque

2009 5236 2287 5317 imagine
2344 5234 2729 5317 quotidianae
2787 5234 3318 5296 resurrectionis?
3376 5232 3493 5305 Qui

2013 5335 2166 5398 item
2210 5333 2496 5396 suscitati
2536 5353 2573 5395 a
2616 5349 2859 5406 somne,
2890 5330 3233 5394 offerentes
3275 5332 3498 5394 simili-
