4359 6267
589 793 754 899 ”Hebn
777 806 820 836 xi

597 1190 713 1234 Ihid.
734 1192 776 1241 6,
793 1192 834 1232 7.

881 491 1000 558 204

880 683 958 744 ad
998 703 1276 765 praesens
1315 705 1546 750 amarae
1580 687 1660 749 ab
1695 687 1796 748 his
1832 685 1941 769 qui
1975 685 2377 759 erudiuntur,
2410 685 2461 747 A

823 807 851 844 ι.
882 781 1048 843 sicut
1095 784 1182 844 ait
1223 783 1561 866 Apostolus
1607 803 1621 848 ε

1665 785 1884 848 Omnis
1931 792 2144 846 autem
2197 783 2381 845 disci-

1591 513 2006 562 COLLATIONUM
2050 515 2134 560 SS.
2177 513 2421 560 PATRUM
2464 513 2637 559 LIBER
2680 513 2717 558 1.
2763 531 2844 540 —
2885 511 3171 560 coLLArlo
3212 513 3277 558 vl

2878 732 3383 797 CAPITULUM
3446 731 3596 794 VII.

882 879 1056 960 plina
1097 881 1162 942 in
1206 884 1502 964 praesenti
1545 902 1672 946 non
1703 884 1956 945 videtur
1985 901 2122 944 esse
2162 881 2379 962 gaudii
2488 883 2583 937 An
2619 898 2757 938 reus
2796 883 2879 937 sit
2907 883 3017 955 qui
3043 881 3218 952 J'usto
3258 879 3475 936 intulit
3500 885 3774 942 mortem,
3807 891 3979 951 quum

880 979 990 1040 sed
1041 981 1355 1055 moeroriS,
1409 990 1626 1064 postea
1678 989 1892 1043 autem
1942 979 2225 1042 fructum
2277 999 2381 1061 pa-

880 1077 1274 1140 catissimum
1310 1081 1670 1142 exercitatis
1710 1099 1825 1161 per
1853 1097 1994 1140 eam
2035 1079 2254 1140 reddet
2282 1078 2380 1158 ju-

879 1175 1097 1255 stitiae3
1130 1185 1214 1250 et,
1256 1177 1456 1251 Quem
1485 1178 1704 1259 ’diligit
1744 1177 2049 1240 Dominus
2088 1177 2373 1258 corripit,

876 1272 1157 1356 flagellat
1185 1284 1396 1338 autem
1440 1295 1697 1340 omnem
1737 1275 1948 1338 filium
1982 1293 2174 1358 quem
2218 1276 2374 1337 reci-

878 1373 997 1453 pit;
1017 1375 1162 1456 quis
1191 1375 1364 1437 enim
1395 1384 1492 1438 est
1521 1374 1696 1437 filius
1728 1394 1920 1457 quem
1952 1393 2078 1437 non
2110 1374 2376 1455 corripit

875 1475 1098 1553 pater?
1137 1473 1354 1555 ltaque
1394 1474 1560 1536 mala
1603 1491 1718 1555 pro
1757 1472 2223 1535 afflictionibus
2266 1471 2375 1533 ali-

2661 972 2875 1042 justus
2902 972 3121 1028 habeat
3148 973 3222 1028 de
3249 977 3433 1028 morte
3461 970 3804 1026 mercedem.

2493 1169 2598 1331 (Ἰ
2627 1170 2988 1233 ERMANUS
3013 1169 3218 1251 :Ergo
3248 1169 3299 1232 si
3329 1169 3541 1249 justus
3572 1168 3825 1231 occisus
3856 1183 3975 1230 non

2542 1255 2626 1334 J
2656 1270 2862 1333 solum
2920 1269 3013 1331 nil
3078 1269 3229 1330 mali
3288 1287 3629 1350 perpessus
3690 1275 3813 1340 est,
3872 1265 3977 1328 sed

2482 1367 2675 1429 etiam
2739 1366 3098 1430 mercedem
3165 1367 3479 1447 passionis
3542 1364 3973 1475 consequitur,

2482 1466 2756 1548 qualiter
2794 1485 2939 1528 reus
2968 1473 3063 1528 est
3092 1465 3205 1547 qui
3247 1472 3517 1528 mortem
3548 1463 3608 1525 ei
3649 1461 3979 1524 inferendo

580 1591 845 1642 Jonaemao.
876 1571 1130 1650 quando
1173 1572 1322 1653 poni
1363 1571 1587 1646 solent,
1623 1572 1973 1634 secundum
2020 1571 2373 1633 illudzpoe-
2483 1582 2608 1627 non
2654 1567 2893 1639 nocuit,
2938 1565 3048 1627 sed
3094 1563 3389 1646 profuit?

582 1877 844 1985 suffitias.
873 1864 1103 1927 iterum
1149 1882 1162 1926 :
1209 1864 1365 1938 Quia
1414 1873 1503 1940 tu,
1556 1865 1843 1939 Domine,
1897 1865 2259 1927 misericors
2308 1872 2372 1926 et
2407 1863 2454 1926 B

573 1955 650 1996 Jux
819 1975 831 1985 .

581 4434 664 4480 Job
683 4449 738 4484 ιιι,
748 4437 816 4479 23.

873 1667 1067 1729 nituit
1105 1669 1446 1732 Dominum
1483 1689 1676 1751 super
1713 1669 2020 1732 malitiam
2062 1687 2254 1751 quam
2287 1669 2373 1732 lo-

873 1772 1060 1827 cutus
1088 1764 1295 1828 suerat
1324 1774 1393 1828 ut
1421 1766 1657 1828 faceret
1685 1767 1801 1841 eiS,
1834 1775 1898 1828 et
1927 1783 2054 1829 non
2085 1765 2275 1844 fecit3
2308 1773 2371 1826 et

872 1963 1226 2038 miserator,
1269 1972 1332 2025 et
1375 1964 1693 2045 poenitens
1738 1963 1801 2024 in
1847 1963 2129 2037 malitiis,
2172 1963 2236 2024 id
2277 1970 2374 2025 est

869 2080 1062 2142 super
1093 2061 1615 2125 tribulationibus
1650 2070 1714 2124 et
1743 2063 2045 2124 aerumnis
2077 2080 2236 2143 quas
2267 2079 2373 2123 no-

871 2158 971 2221 bis
1025 2168 1283 2242 propter
1332 2169 1590 2241 peccata
1639 2168 1852 2222 nostra
1902 2159 2161 2241 infligis.
2208 2161 2370 2234 Quas

870 2257 1033 2320 alius
1081 2259 1392 2340 Propheta
1441 2259 1650 2320 sciens
1701 2259 1888 2320 utiles
1931 2277 2068 2321 esse
2111 2258 2372 2340 quibus-

871 2357 1038 2430 dam,
1075 2357 1166 2418 sic
1195 2365 1353 2432 orat,
1387 2375 1514 2420 non
1556 2358 1848 2419 invidens
1889 2358 1998 2419 sed
2033 2357 2370 2420 consulens

825 2455 1061 2523 ,saluti
1108 2472 1331 2517 eorum
1378 2473 1391 2516 ε
1437 2455 1611 2516 Adde
1661 2454 1786 2516 illis
1837 2456 2023 2529 mala,
2079 2456 2366 2529 Domine,

816 2569 827 2580 ·
870 2549 1030 2612 adde
1073 2551 1238 2613 mala
1275 2551 1568 2631 gloriosis
1608 2559 1821 2630 terrae3
1853 2558 1915 2612 et
1957 2551 2227 2633 ipsemet
2257 2552 2371 2614 Do-

697 2685 754 2722 xt.
827 2703 838 2715 .
870 2668 1085 2711 mulus
1119 2667 1132 2710 2

1168 2649 1352 2722 Ecce,
1398 2649 1628 2730 inquit,
1670 2649 1970 2710 inducam
2021 2669 2213 2730 super
2260 2667 2367 2712 eos

869 2747 1055 2821 mala,
1108 2747 1172 2810 id
1221 2755 1318 2810 est
1365 2747 1612 2810 dolores
1662 2755 1725 2808 et
1765 2747 2110 2820 vastitateS,
2158 2757 2228 2809 ut
2274 2749 2367 2810 eis

867 2845 1208 2908 salubriter
1256 2845 1565 2927 castigati,
1613 2853 1918 2925 cogantur
1967 2846 2223 2907 tandem
2276 2865 2369 2907 re-

865 2945 1027 3007 verti
1086 2964 1158 3007 ac
1210 2943 1510 3008 festinare
1558 2945 1635 3007 ad
1699 2964 1799 3006 me
1848 2962 2041 3026 quem
2101 2945 2165 3007 in
2229 2963 2367 3026 pro-

2856 1818 3362 1883 CAPITULUM
3424 1817 3605 1882 VIII.

2930 1959 3259 2030 Responsio
3288 1957 3372 2013 ad
3396 1957 3539 2013 ltaec.

2608 2156 3013 2220 HEODORUS
3038 2174 3051 2218 :
3076 2156 3201 2218 Nos
3232 2154 3698 2237 disputavimus
3730 2155 3812 2217 de
3844 2172 3977 2237 pro-

2637 2256 2905 2337 prietate
2954 2254 3103 2318 boni
3154 2263 3218 2316 et
3262 2254 3412 2315 mali
3461 2271 3535 2315 ac
3582 2253 3806 2324 medii,
3854 2271 3975 2316 non

2481 2353 2557 2415 de
2582 2353 2820 2416 affectu
2851 2371 3073 2416 eorum
3105 2353 3213 2435 qui
3248 2352 3367 2415 ista
3397 2352 3828 2430 committunt.
3844 2351 3973 2414 Non

2480 2451 2653 2514 enim
2698 2451 2934 2532 impius
2977 2458 3087 2512 aut
3124 2450 3384 2531 iniquus
3428 2449 3570 2511 ideo
3606 2449 3729 2510 erit
3771 2449 3975 2530 impu-

2479 2550 2673 2624 nituS‚
2707 2550 2858 2631 quia
2901 2549 3144 2611 malitia
3189 2567 3303 2610 sua
3346 2547 3521 2629 justo
3567 2565 3803 2610 nocere
3852 2565 3977 2610 non

2478 2649 2703 2730 potuit.
2738 2649 3043 2710 Patientia
3080 2648 3317 2710 etenim
3358 2647 3479 2709 viri
3519 2647 3676 2727 justi
3716 2645 3978 2728 proficit

2475 2748 2554 2809 ad
2605 2747 2986 2820 mercedem,
3034 2765 3161 2810 non
3212 2746 3305 2808 illi
3356 2745 3468 2828 qui
3518 2753 3791 2807 mortem
3844 2745 3974 2807 sive

2476 2845 2867 2927 supplicium
2927 2845 3164 2918 intulit,
3215 2845 3325 2906 sed
3384 2844 3443 2906 ei
3499 2843 3611 2926 qui
3667 2842 3973 2924 injuriam

2476 2943 2599 3004 sibi
2644 2943 2883 3006 illatam
2928 2943 3372 3025 aequanimiter
3414 2943 3579 3004 tulit..
3613 2942 3777 3005 Hinc
3821 2939 3975 3004 infe-

865 3043 1068 3124 speris
1115 3051 1654 3125 contempserunt.
1691 3043 1836 3105 Ideo
1883 3043 2000 3104 ista
2043 3061 2170 3106 non
2216 3051 2365 3105 sunt
2403 3043 2447 3106 C
2478 3060 2621 3103 rens
2663 3043 2964 3124 punietur
3000 3042 3170 3123 juste
3211 3059 3326 3124 pro
3366 3060 3481 3104 sua
3524 3041 3791 3112 saevitia‚
3826 3041 3975 3122 quia

865 3141 1245 3223 principalia
1275 3142 1441 3204 mala
1469 3161 1483 3205 :
1517 3142 1594 3204 ad
1626 3141 1866 3204 bonum
1898 3141 2267 3223 proficiunt,
2301 3150 2366 3204 et

865 3239 1122 3320 pariunt
1151 3241 1242 3301 eis
1281 3248 1662 3302 aeternorum
1702 3240 1926 3301 merita
1963 3240 2359 3320 gaudiorum.

945 3339 1020 3400 Ut
1061 3355 1212 3419 ergo
1251 3338 1332 3400 ad
1374 3339 1792 3421 quaestionem
1837 3339 2229 3420 propositam
2274 3358 2366 3400 re-

866 3454 1217 3511 curramuS,
1271 3437 1569 3499 universa
1626 3437 1783 3498 dura
1840 3445 2028 3518 atque
2089 3438 2365 3518 poenalia

863 3553 1006 3616 quae
1031 3534 1214 3596 nobis
1242 3534 1322 3596 ab
1353 3535 1730 3596 adversariis
1763 3535 2134 3616 irrogantur,
2155 3544 2219 3597 et
2245 3555 2367 3598 ma-

865 3632 924 3694 la
954 3639 1423 3714 putantur,non
1454 3640 1602 3696 sunt
1633 3633 2010 3715 simpliciter
2042 3634 2228 3708 mala,
2253 3636 2363 3696 sed

865 3731 1108 3811 media3
1141 3751 1258 3794 nec
1287 3732 1437 3794 talia
1469 3739 1618 3793 sunt
1649 3732 1861 3814 qualia
1888 3751 2027 3795 esse
2060 3740 2365 3814 putantur

861 3829 943 3892 ab
984 3847 1061 3892 eo
1109 3830 1221 3912 qui
1273 3830 1489 3892 intulit
1538 3829 1677 3912 ipsa
1723 3830 1938 3893 animo
1988 3829 2359 3906 furibundo,

861 3929 971 3992 sed
1030 3930 1243 4011 qualia
1301 3930 1548 4011 patiens
1608 3931 1876 3992 senserit
1933 3938 1995 3992 et
2042 3931 2364 4012 acceperit

861 4047 952 4090 ea.
989 4028 1162 4091 Unde
1203 4047 1404 4110 quum
1436 4028 1574 4091 viro
1608 4036 1828 4091 sancto
1860 4028 2131 4090 infertur
2165 4046 2358 4104 morS,

861 4144 988 4188 non
1021 4124 1291 4188 infertur
1322 4126 1381 4187 ei
1414 4125 1675 4201 malum,
1709 4126 1819 4188 sed
1852 4128 2134 4188 medium
2168 4128 2363 4209 quod-

2475 3158 2703 3203 nocere
2743 3139 3016 3214 volebat,
3048 3149 3111 3202 et
3150 3141 3470 3203 sustinens
3508 3139 3670 3201 nihil
3710 3139 3975 3202 omnino

2477 3238 2625 3300 mali
2668 3257 3008 3320 perpessus
3048 3247 3163 3313 est,
3197 3239 3347 3321 quia
3377 3239 3610 3302 virtute
3650 3238 3977 3320 patientiae

2474 3357 2605 3400 suae
2654 3339 2757 3420 pie
2805 3338 3126 3400 sustinens
3185 3338 3563 3401 tentationes
3610 3345 3674 3400 et
3724 3336 3973 3399 dolores

2474 3436 2598 3498 sibi
2631 3435 2932 3511 inflictos»,
2966 3456 3038 3499 ea
3067 3457 3209 3520 quae
3240 3438 3407 3500 malo
3435 3437 3651 3499 animo
3681 3437 3808 3499 sibi
3841 3436 3975 3498 illa·

2476 3543 2537 3596 ta
2584 3543 2753 3606 sunt,
2806 3535 2960 3598 fecit
3010 3537 3326 3617 pertinere
3374 3554 3448 3597 ac
3497 3535 3621 3596 sibi
3670 3535 3973 3616 prodesse

2472 3634 2550 3695 ad
2593 3635 2875 3696 melioris
2919 3642 3117 3696 status
3160 3627 3519 3716 profectum
3560 3642 3755 3715 atque
3798 3641 3975 3696 aeter-

2474 3752 2571 3795 nae
2613 3733 2759 3796 vitae
2802 3733 3194 3795 felicitatem.

2874 3986 3377 4051 CAPITULUM
3438 3987 3557 4050 IX.

2470 4135 2829 4208 Eaeemplum
2864 4134 2976 4190 Job
3015 4151 3056 4190 α
3091 4133 3338 4191 diabolo
3377 4135 3596 4192 tentati
3606 4178 3617 4196 .
3648 4141 3706 4191 et
3736 4135 3975 4192 Christi

861 4225 1026 4286 dam.
1063 4223 1238 4297 Quod
1269 4243 1470 4306 quum
1511 4224 1749 4285 malum
1783 4225 1864 4285 sit
1896 4225 2234 4306 peccatori,
2265 4225 2364 4306 ju-
2390 4232 2440 4294 D
2540 4241 2581 4279 a
2616 4224 2778 4280 Juda
2818 4223 3075 4286 traditi;
3105 4229 3163 4278 εἰ
3200 4223 3363 4296 quod
3386 4223 3562 4293 ,iusto
3594 4224 3741 4296 plus
3768 4223 3974 4296 confe-

861 4330 958 4385 sto
997 4323 1250 4404 requies
1288 4332 1385 4385 est
1422 4331 1484 4384 et
1523 4323 1840 4385 absolutio
1883 4322 2217 4404 culparum
2262 4343 2363 4384 su-

863 4440 1044 4483 arum
1080 4441 1094 4485 :
1139 4439 1308 4484 mors
1349 4422 1522 4482 enim
1565 4421 1816 4503 requies
1855 4421 1992 4483 viro
2033 4421 2218 4502 cujus
2258 4423 2361 4483 via

860 4520 1230 4583 abscondita
1259 4527 1372 4581 est.
1393 4521 1538 4582 Ideo
1569 4519 1820 4581 nullum
1849 4521 2121 4581 sustinet
2148 4520 2357 4600 justus

859 4619 1314 4681 detrimentum
1362 4637 1440 4680 ex
1490 4626 1714 4693 morte,
1767 4618 1917 4700 quia
1976 4618 2069 4680 nil
2120 4621 2358 4699 patitur

860 4717 1030 4792 novi,
1075 4717 1184 4779 sed
1235 4717 1403 4799 quod
1448 4735 1749 4798 passurus
1797 4725 1934 4778 erat
1981 4717 2355 4780 necessitate

859 4823 1121 4890 naturae,
1155 4835 1379 4898 passus
1419 4822 1517 4876 est
1555 4833 1632 4876 ex
1665 4815 1907 4876 inimici
1951 4815 2192 4877 malitia
2228 4835 2354 4878 non

855 4915 995 4977 sine
1024 4922 1366 4996 augmento
1405 4914 1622 4995 gloriae
1661 4933 1790 4976 suae
1821 4922 2101 4993 aeternae3
2134 4915 2353 4996 sicque

855 5014 1068 5096 posuit
1108 5012 1396 5076 debitum
1443 5012 1663 5074 mortis
1701 5012 2016 5086 humanae,
2049 5013 2219 5095 quod
2264 5013 2358 5075 in-

854 5112 1142 5174 evitabili
1183 5112 1318 5192 lege
1361 5110 1753 5173 reddendum
1794 5119 1911 5185 est,
1947 5129 2094 5172 cum
2138 5111 2353 5174 fructu

853 5211 1166 5292 passionis
1211 5209 1537 5272 uberrimo
1578 5227 1651 5270 ac
1696 5227 1939 5289 magnae
1989 5228 2352 5272 remunera-

855 5309 1048 5371 tionis
1092 5309 1403 5371 mercede.

2542 4320 2685 4369 rant
2714 4314 2796 4369 ad
2822 4313 3077 4370 salutem
3104 4315 3364 4369 adversa
3392 4329 3571 4386 quam
3592 4330 3921 4386 prospera.

2607 4521 2809 4595 EQUE
2862 4521 3035 4582 enim
3086 4521 3393 4603 patientia
3445 4521 3647 4582 sancti
3697 4521 3815 4584 Job
3866 4540 3973 4585 ac-

2633 4620 2897 4702 quisivit
2946 4620 3304 4682 mercedem
3355 4618 3629 4690 diabolo,
3670 4620 3786 4701 qui
3832 4621 3972 4682 suis

2464 4719 2920 4781 tentationibus
2952 4719 3363 4781 illustriorem
3394 4717 3547 4780 fecit
3578 4719 3793 4800 ipsum
3822 4718 3973 4781 bea-

2462 4826 2601 4879 tum
2642 4817 2779 4892 Job,
2824 4817 2933 4879 sed
2979 4817 3237 4898 ipsimet
3285 4825 3504 4880 sancto
3540 4817 3655 4879 Job
3698 4817 3813 4898 qui
3856 4837 3968 4880 eas

2464 4916 2734 4978 viriliter
2784 4917 3079 4997 pertulit3
3125 4934 3242 4978 nec
3288 4916 3479 4978 Judas
3528 4915 3970 4979 remunerabi-

2462 5022 2566 5075 tur
2596 5013 2987 5076 beatitudine
3018 5015 3488 5096 aeternali‚quia
3517 5014 3795 5096 proditio
3824 5015 3967 5096 ejus

2463 5113 2731 5195 profecit
2769 5113 2847 5174 ad
2887 5114 3137 5194 generis
3186 5114 3447 5175 humani
3493 5114 3785 5175 salutem.
3821 5114 3965 5177 Non

2460 5212 2632 5274 enim
2670 5212 3165 5274 considerandus
3205 5219 3301 5274 est
3332 5221 3675 5294 proventus
3716 5214 3962 5294 operis,

2460 5311 2571 5374 sed
2614 5311 2857 5393 agentis
2897 5309 3191 5374 affectus.
3228 5311 3491 5374 Idcirco·
3510 5311 3833 5374 immobili
3878 5321 3971 5376 te·
