4359 6267
611 1391 756 1446 lReq.
775 1405 815 1443 x,
837 1395 873 1434 Ι.

612 2285 822 2338 midan-,¹
838 2291 873 2330 Ι.

633 2585 750 2628 [bid.
778 2588 844 2628 35.

671 3173 842 3217 Ezech.

607 3251 747 3290 xxxin,
787 3243 855 3282 13-

607 3306 672 3344 ¹6.

658 4750 810 4794 Exi-od.

605 4819 873 4865 xxxn,31,32.

633 5057 751 5100 [bid.
779 5062 844 5100 33.

901 494 1022 560 340

1573 519 1990 566 COLLATIONUM
2032 520 2119 564 SS.
2154 519 2399 564 PA‘mtm
2440 517 2617 564 LIBER
2658 519 2719 564 11.
2767 538 2847 546 —
2890 518 3175 566 COLLATlo
3216 519 3344 564 xvn

904 685 1145 748 ratione
1178 691 1527 764 communi,
1547 700 1608 753 et
1640 690 1822 773 quasi
1852 691 2090 753 affectu
2120 709 2196 753 ac
2228 707 2402 752 more
2434 686 2485 750 A
2516 688 2769 762 Christi,
2804 690 2892 751 ait
2918 707 2931 752 :
2958 690 3299 753 Deleantur
3328 690 3404 750 de
3437 689 3601 751 libro
3629 687 4018 750 viventium.
4068 704 4141 747 1²⁸.
4162 719 4275 749 mm.

904 783 1206 860 human0,
1243 797 1311 850 ut
1355 790 1494 871 ipsa
1536 791 1786 852 diversa
1833 790 2217 870 dijudicans,
2261 807 2406 850 con-

904 891 1146 946 temnat
1193 895 1302 948 aut
1347 889 1619 950 attrahat
1667 907 2217 970 unumquemque,
2269 907 2403 968 gra·

902 983 1185 1066 tiamque
1219 985 1511 1048 infundat
1541 988 1847 1069 quotidie,
1881 988 1981 1050 vel
2023 995 2264 1049 avertat
2294 995 2402 1048 aut

903 1081 1254 1156 subtrahat,
1299 1103 1422 1146 non
1471 1086 1823 1148 secundum
1871 1086 2399 1167 omnipotentiam

905 1199 1083 1242 suam
1137 1201 1344 1264 neque
1397 1185 1751 1246 secundum
1805 1185 2221 1266 praescientiae
2273 1203 2403 1247 suae

904 1280 1216 1354 notitiam,
1251 1283 1360 1343 sed
1411 1283 1763 1344 secundum
1815 1291 2157 1364 praesentes
2203 1283 2403 1344 homi-

903 1397 1056 1440 num
1091 1387 1288 1442 actus.
1309 1381 1483 1453 Quod
1517 1382 1722 1444 Saulis
1753 1382 2118 1444 manifestat
2147 1381 2396 1456 electio,

903 1477 1089 1557 cujus
1120 1497 1319 1560 quum
1353 1480 1842 1562 vituperabilem
1875 1480 2070 1543 finem
2108 1480 2399 1562 *ignorare

903 1593 1029 1638 non
1080 1586 1291 1657 posset
1341 1579 1738 1659 praescientia
1786 1580 1919 1654 Dei,
1954 1588 2166 1642 tamen
2210 1578 2402 1659 elegit

902 1692 1049 1736 eum
1083 1695 1160 1737 ex
1202 1684 1291 1738 tot
1330 1677 1617 1740 millibus
1656 1678 2081 1741 Israelitarum
2122 1685 2185 1739 et
2218 1677 2400 1738 unxit

906 1774 970 1835 in
1004 1793 1241 1854 regem,
1279 1795 1692 1838 remunerans
1727 1777 1789 1838 in
1825 1777 1934 1839 illo
1976 1777 2277 1839 meritum
2310 1776 2399 1837 vi-

2514 788 2589 850 Et
2648 789 2949 870 quoniam
3011 789 3271 871 quidam
3331 787 3587 850 illorum
3646 804 3773 849 non
3834 791 4024 847 crant
4051 771 4113 809 ²⁴³·

2515 888 2957 968 poenitentiam
3014 889 3239 961 acturi,
3292 887 3623 969 subjungit
3670 904 3683 946 :
3730 885 3809 946 Et
3865 903 4021 945 cum
4090 903 4251 944 Ibide-n.

2509 986 2699 1068 justis
2732 1005 2857 1050 non
2890 987 3268 1050 scribantur.
3289 987 3479 1049 Porro
3510 984 3878 1047 maledictio
3910 982 4023 1045 illa

2513 1086 2883 1168 prophetica
2943 1086 3206 1168 impleta
3254 1095 3351 1148 est
3400 1085 3465 1148 in
3513 1085 3691 1156 Juda,
3742 1083 3859 1165 qui
3916 1101 4025 1143 ex-

2515 1185 2686 1266 pleto
2718 1186 2985 1248 crimine
3018 1185 3417 1268 proditioniS,
3438 1182 3783 1265 suspendio
3814 1200 3885 1244 se
3916 1199 4023 1242 ne·
4086 1197 4241 1240 uates.

2513 1284 2716 1355 cavit;
2749 1293 2809 1346 et
2842 1284 3101 1347 nomine
3139 1302 3256 1346 suo
3294 1284 3523 1356 deleto,
3556 1299 3683 1344 non
3722 1280 3855 1361 egit
3886 1298 4023 1361 poe-
4050 1273 4169 1310 ¹¹⁹⁰·
4196 1265 4229 1302 ⁵·

2514 1383 2871 1457 nitentium,
2924 1391 2987 1446 et
3035 1383 3272 1445 idcirco
3323 1401 3448 1445 non
3500 1381 3732 1443 meruit
3789 1398 4021 1441 rursus

2514 1482 2705 1544 scribi
2759 1501 2905 1544 cum
2954 1483 3143 1564 justis
3194 1483 3257 1544 in
3309 1481 3489 1544 coelo.
3532 1480 3671 1543 Non
3718 1497 3871 1559 ergo
3922 1487 4019 1540 est

2514 1580 2935 1643 dubitandum
2968 1582 3122 1663 quin
3163 1599 3395 1643 nomen
3426 1579 3599 1642 Judae
3636 1577 3833 1640 fuerit
3863 1577 4023 1640 scri·

2512 1687 2693 1761 ptum
2742 1680 2804 1741 in
2852 1680 3016 1742 libro
3060 1679 3436 1751 viventium,
3470 1677 3725 1761 quando
3760 1695 3799 1738 a
3840 1676 4020 1740 Chri-

2514 1786 2610 1840 sto
2666 1779 2929 1852 electuS,
2976 1779 3235 1841 sortitus
3295 1785 3390 1840 est
3440 1777 3711 1858 gradum
3762 1783 4020 1856 aposto-

905 1881 980 1934 tae
1015 1875 1364 1955 praesentiS,
1389 1893 1515 1937 non
1549 1876 1803 1938 intuens
1837 1884 2166 1958 peccatum
2204 1883 2400 1938 trans·
2435 1883 2482 1946 Β
2516 1877 2699 1945 latus,
2742 1885 2804 1939 et
2853 1896 3001 1939 cum
3048 1877 3274 1939 ceteris
3316 1875 3633 1958 Apostolis
3677 1873 3931 1936 audivit
3981 1893 4018 1934 a

901 1973 1243 2052 gressionis
1291 1975 1657 2055 sequentis3
1707 1975 1793 2036 ita
1841 1975 2008 2056 quod
2062 1982 2397 2056 postquam

903 2070 1048 2132 Saul
1081 2072 1396 2152 superbus
1427 2071 1696 2136 effectus
1727 2074 2029 2149 est,Deus
2062 2074 2243 2155 quasi
2275 2091 2403 2154 poe-

903 2170 1112 2231 nitens
1156 2170 1234 2232 de
1279 2172 1676 2252 promotione
1716 2172 1911 2247 illius,
1944 2180 2210 2234 testatus
2252 2180 2347 2234 est
2382 2189 2395 2233 :

903 2268 1172 2331 Poenitet
1239 2288 1341 2331 me
1406 2271 1572 2351 quod
1638 2271 2080 2333 constituerim
2145 2271 2400 2333 Saulem

904 2386 1140 2448 regem,
1174 2369 1324 2449 quia
1367 2368 1706 2450 dereliquit
1751 2389 1874 2442 me,
1915 2378 1979 2432 et
2019 2370 2217 2432 verba
2260 2389 2402 2432 mea

902 2483 1094 2547 opere
1144 2485 1270 2528 non
1322 2467 1632 2548 implevit.
1687 2468 1763 2530 Et
1812 2469 2042 2530 iterum
2095 2470 2182 2530 ait
2238 2469 2400 2530 Scri-

903 2571 1110 2647 ptura,
1153 2565 1604 2628 Verumtamen
1652 2566 1904 2648 lugebat
1953 2567 2212 2629 Samuel
2253 2567 2401 2628 Sau-

902 2663 1050 2736 lem,
1085 2665 1386 2746 quoniam
1438 2664 1776 2727 Dominum
1829 2665 2178 2747 poenitebat
2230 2667 2399 2747 quod

901 2762 1336 2824 constituisset
1366 2782 1514 2824 eum
1557 2783 1769 2844 regem
1813 2783 2005 2846 super
2044 2763 2254 2826 lsrael.
2289 2765 2402 2827 De-

900 2861 1094 2943 nique
1139 2863 1309 2943 quod
1348 2862 1502 2924 fecit
1545 2863 1711 2925 Deus
1752 2863 1816 2925 in
1859 2863 2065 2937 Saule,
2099 2871 2402 2944 protesta-

901 2967 1003 3022 tus
1053 2967 1148 3022 est
1197 2969 1416 3042 postea
1468 2981 1582 3043 per
1630 2962 2024 3024 Ezechielem
2077 2963 2396 3024 facturum

2513 1975 2819 2038 Domino:
2844 1975 3049 2038 Nolite
3079 1975 3352 2056 gaudere
3382 1975 3533 2056 quia
3561 1973 3877 2035 daemonia
3906 1989 4019 2034 vo·
4070 1986 4281 2033 Lmen.

2513 2073 2609 2136 bis
2655 2074 3109 2153 subjiciuntur,
3143 2074 3410 2155 gaudete
3452 2080 3665 2134 autem
3709 2071 3864 2152 quia
3908 2089 4019 2132 no-

2513 2172 2686 2235 mina
2712 2181 2922 2234 vestra
2952 2173 3187 2254 scripta
3222 2179 3370 2234 sunt
3398 2171 3463 2232 in
3494 2169 3687 2233 coelis
3708 2169 3829 2232 Sed
3861 2169 4019 2250 quia

2510 2271 2789 2333 avaritiae
2828 2271 2985 2333 vitio
3023 2279 3381 2352 corruptuS‚
3415 2289 3453 2331 a
3492 2267 3733 2331 coelesti
3777 2267 4018 2329 adscri-

2513 2369 2727 2451 ptione
2778 2369 3063 2449 dejectus
3114 2377 3210 2431 est
3255 2369 3332 2430 ad
3384 2377 3654 2442 terrena,
3704 2367 4016 2429 Jeremias

2512 2468 2820 2550 propheta
2865 2467 3317 2530 convenienter
3364 2467 3521 2528 dicit
3568 2466 3646 2527 de
3694 2482 3769 2527 eo
3819 2472 3883 2526 et
3936 2464 4016 2526 (16

2512 2565 2954 2629 consimilibus
3000 2566 3057 2628 ei
3108 2583 3122 2627 ε
3171 2566 3458 2637 Domine,
3512 2582 3732 2627 omnes
3782 2564 3895 2645 qui
3954 2571 4017 2625 te
4044 2575 4279 2618 mss-nn.

2511 2666 2965 2748 derelinquunt
3012 2665 3505 2738 confundentur,
3558 2664 3929 2726 recedentes
3980 2681 4017 2723 a

2511 2773 2573 2828 te
2606 2766 2669 2827 in
2700 2772 2868 2827 terra
2898 2765 3282 2838 scribentur,
3318 2764 3621 2845 quoniam
3660 2763 4019 2845 derelique-

2513 2872 2658 2926 runt
2719 2883 2945 2926 venam
3005 2882 3313 2945 aquarum
3371 2862 3749 2934 viventium,
3804 2860 4019 2924 Domi-

2512 2982 2705 3042 num3
2737 2973 2799 3026 et
2838 2963 3015 3038 alibi,
3049 2964 3117 3025 ln
3160 2962 3426 3025 consilio
3457 2962 3677 3044 populi
3719 2961 3845 3023 mei
3882 2979 4014 3023 non
4046 2971 4279 3018 &mamm

900 3077 968 3120 se
1013 3078 1152 3121 esse
1194 3060 1565 3141 quotidiano
1604 3059 1848 3140 judicio
1893 3080 2040 3123 cum
2082 3061 2397 3124 universis
2438 3071 2481 3134 C
2512 3071 2719 3136 erunt,
2772 3071 2830 3124 et
2884 3063 2948 3123 in
2998 3062 3313 3143 scriptura
3361 3060 3587 3122 domus
3640 3059 3829 3121 Israel
3880 3077 4013 3122 non
4042 3038 4083 3077 ⁹·

900 3158 1293 3232 hominibuS,
1341 3159 1608 3222 dicens:
1647 3159 1909 3222 Etiamsi
1960 3160 2179 3222 dixero
2226 3160 2399 3240 justo

899 3257 1068 3339 quod
1101 3257 1230 3318 vita
1262 3257 1453 3330 vivat,
1488 3266 1552 3319 et
1591 3257 1873 3320 conlisus
1907 3259 1970 3320 in
2008 3259 2257 3338 justitia
2286 3279 2399 3321 sua

900 3354 1125 3417 fecerit
1185 3355 1608 3436 iniquitatem,
1661 3373 1882 3418 omnes
1937 3357 2202 3436 justitiae
2258 3357 2399 3438 ejus

901 3452 1210 3515 oblivioni
1273 3453 1618 3524 tradentur,
1672 3462 1731 3515 et
1785 3454 1849 3516 in
1900 3454 2235 3537 iniquitate
2286 3475 2401 3517 sua

901 3571 1093 3633 quam
1143 3559 1439 3632 operatus
1488 3559 1604 3623 est,
1653 3553 1720 3614 in
1771 3553 1907 3634 ipsa
1957 3553 2303 3632 morietur3
2346 3555 2397 3616 si

900 3658 1113 3712 autem
1169 3651 1386 3712 dixero
1442 3651 1663 3732 impi0‚
1723 3652 1916 3714 Morte
1973 3653 2284 3726 morieriS,
2336 3661 2399 3714 et

900 3749 1098 3829 egerit
1141 3750 1580 3830 poenitentiam
1612 3769 1648 3810 a
1689 3758 1950 3831 peccato
1980 3768 2117 3824 suo,
2153 3751 2400 3813 fecerit-

901 3867 1025 3930 que
1053 3848 1370 3928 judicium
1410 3857 1473 3910 et
1508 3848 1847 3927 justitiam,
1881 3857 1945 3910 et
1987 3851 2052 3911 in
2085 3851 2398 3912 mandatis

900 3948 1046 4010 vitae
1103 3947 1547 4020 ambulaverit,
1600 3966 1717 4008 nec
1771 3947 1994 4009 lecerit
2045 3948 2397 4029 quidquam

901 4046 1236 4126 injustum,
1271 4047 1400 4108 vita
1430 4046 1623 4120 vivet,
1657 4054 1717 4108 et
1750 4065 1874 4108 non
1910 4047 2237 4118 morietur,
2271 4065 2401 4110 om-

900 4147 1005 4207 nia
1063 4153 1322 4227 peccata
1383 4145 1523 4225 ejus
1582 4163 1708 4206 non
1771 4145 2261 4227 imputabuntur
2316 4146 2395 4207 ei.

2512 3161 2892 3234 scribentur,
2924 3167 2989 3222 et
3028 3161 3093 3223 in
3133 3168 3367 3222 terram
3406 3158 3596 3221 Israel
3637 3177 3763 3221 non
3808 3159 4019 3239 ingre-

2512 3259 2783 3322 dientur.

2850 3477 3355 3541 CAPITULUM
3414 3478 3663 3541 XVIII.

2512 3609 2683 3676 Quod
2716 3625 2905 3664 sermo
2943 3609 3175 3666 mutari
3206 3610 3403 3680 possit
3436 3610 3505 3664 in
3533 3607 3769 3671 melius,
3802 3625 4015 3681 quam-

2584 3699 2677 3752 vis
2716 3699 2817 3753 ira
2856 3697 3192 3768 instiqante
3222 3696 3585 3770 proferatur
3620 3697 3729 3752 sub
3767 3696 4014 3769 obliqu-

2585 3788 2748 3843 tr'one
2791 3793 2899 3843 aut
2936 3788 3363 3860 promissione.

2654 3949 2749 4013 Ec
2791 3949 3055 4012 tacenda
3093 3957 3191 4010 est
3230 3948 3469 4010 utilitas
3500 3948 3673 4011 illius
3707 3951 4011 4030 praecepti

2671 4067 2799 4131 quo
2830 4067 3020 4110 causa
3060 4047 3391 4128 utriusque
3434 4047 3524 4109 rei
3561 4047 3889 4129 pensanda
3913 4057 4013 4109 est

2509 4147 2753 4226 judicio
2804 4165 2972 4208 sanae
3020 4163 3093 4207 ac
3142 4145 3401 4225 integrae
3454 4145 3708 4219 mentiS,
3757 4145 4011 4208 etiamsi

899 4245 1184 4326 Denique
1244 4263 1443 4326 quum
1503 4244 1808 4306 Dominus
1865 4245 2197 4306 avertisset
2257 4263 2402 4307 con·
2430 4249 2481 4312 D
2513 4245 2851 4327 instigante
2883 4245 2975 4306 ira
3006 4249 3115 4306 aut
3144 4243 3267 4305 alia
3295 4243 3519 4324 quavis
3551 4243 3847 4325 passione
3876 4244 4015 4306 vin·

899 4351 1190 4425 spectum
1241 4343 1694 4405 misericordiae
1741 4363 1872 4405 suae
1917 4363 1954 4406 a
2002 4343 2241 4424 populo
2291 4343 2401 4406 illo

901 4462 1091 4524 quem
1147 4441 1270 4504 sibi
1318 4461 1394 4504 ex
1444 4441 1744 4504 omnibus
1795 4442 2092 4522 gentibus
2142 4443 2400 4524 adopta-

902 4542 1015 4614 vit,
1040 4549 1298 4622 propter
1329 4540 1603 4602 subitam
1637 4541 1822 4602 vituli
1853 4541 2308 4614 adorationem,
2338 4550 2400 4604 et

901 4641 1143 4722 Moyses
1188 4639 1508 4721 legislator
1551 4657 1667 4721 pro
1709 4639 1944 4721 populo
1989 4639 2097 4702 illo
2139 4649 2347 4703 oraret
2381 4658 2395 4702 :

903 4738 1197 4811 Obsecro,
1252 4737 1537 4808 Domine,
1600 4739 1887 4818 peccavit
1945 4739 2221 4820 populus
2280 4739 2400 4801 iste

903 4844 1236 4918 peccatum
1289 4855 1612 4916 magnum,
1644 4845 1754 4898 aut
1797 4836 2046 4899 dimitte
2095 4837 2189 4899 eis
2237 4838 2399 4899 hanc

903 4953 1155 5008 noxam,
1191 4935 1291 4996 sin
1320 4941 1557 5004 autem,
1590 4935 1729 4996 dele
1763 4953 1863 4996 me
1895 4935 1971 4997 de
2011 4935 2176 4998 libro
2207 4955 2397 5018 quem

902 5034 1257 5116 scripsisti3
1309 5040 1463 5095 tunc
1521 5033 1827 5094 Dominus
1889 5034 2217 5114 respondit
2269 5051 2283 5096 ε
2337 5034 2400 5097 Si

902 5133 1046 5214 quis
1078 5132 1438 5213 peccaverit
1478 5148 1692 5193 coram
1723 5149 1846 5205 me,
1881 5131 2108 5194 delebo
2142 5150 2291 5194 eum
2325 5132 2402 5194 de

904 5230 1069 5292 libro
1111 5249 1270 5292 meo.
1307 5230 1482 5292 Unde
1522 5237 1585 5291 et
1626 5230 1821 5292 David
1865 5230 2237 5312 prophetico
2280 5231 2405 5312 spi-

905 5329 1033 5392 ritu
1065 5329 1331 5412 loquens
1360 5329 1438 5391 de
1472 5328 1770 5392 traditore
1800 5336 1864 5391 et
1892 5329 2405 5412 persecutoribus

2512 4345 2791 4406 xerimus
2822 4351 2932 4405 aut
2961 4342 3455 4422 obligaverimus
3488 4359 3602 4404 nos
3631 4341 3849 4423 aliquo
3878 4361 4015 4403 ver-

2512 4443 2594 4504 bo
2621 4451 2730 4504 aut
2762 4441 3075 4524 promisso
3106 4459 3119 4502 :
3154 4441 3321 4522 quod
3353 4448 3565 4502 tamen
3600 4461 3637 4503 a
3671 4439 3851 4503 nullo
3881 4459 4013 4504 mo-

2512 4543 2859 4604 nachorum
2893 4541 3033 4602 fieri
3066 4539 3271 4601 debet.
3305 4539 3517 4602 Nihilo
3548 4539 3761 4601 minus
3792 4539 3859 4601 in
3890 4539 4013 4602 hoc

2512 4659 2684 4711 casu,
2727 4658 2826 4702 res
2868 4639 2976 4701 illa
3016 4657 3206 4721 quam
3251 4637 3589 4700 statuimus
3628 4645 3737 4699 aut
3782 4656 4015 4720 propo-

2512 4738 2758 4800 suimus
2808 4737 3232 4818 comparanda
3279 4743 3375 4797 est
3418 4736 3507 4798 rei
3553 4736 3631 4798 ad
3680 4755 3874 4817 quam
3916 4738 4013 4799 di-

2512 4844 2757 4899 vertere
2800 4835 3088 4916 cogimur
3125 4841 3233 4896 aut
3276 4852 3631 4908 monemur,
3662 4842 3726 4896 et
3764 4835 3876 4897 illa
3904 4855 4011 4897 res

2512 4944 2609 4999 est
2638 4937 2775 4999 sine
2806 4935 3108 4997 dilatione
3146 4933 3587 5016 praeeligenda,
3622 4953 3763 5015 quae
3792 4953 4015 5016 super-

2512 5035 2808 5096 veniente
2866 5033 3114 5096 saniore
3168 5039 3434 5094 tractatu
3489 5031 3723 5113 justior
3766 5033 4015 5114 judica-

2514 5141 2636 5194 tur.
2662 5131 2917 5195 Rectius
2948 5131 3118 5193 enim
3152 5138 3248 5192 est
3278 5138 3349 5192 ut
3374 5140 3651 5192 nostram
3686 5139 4012 5193 mutemus

2516 5231 2919 5304 sententiam,
2953 5249 3143 5311 quam
3176 5237 3247 5290 ut
3276 5228 3593 5310 patiamur
3623 5229 3713 5291 rei
3746 5228 4015 5291 salubri-

2521 5328 2649 5391 oris
2696 5328 3031 5410 jacturam.
3076 5327 3361 5409 Denique
3411 5345 3743 5409 nunquam
3790 5327 4015 5390 recoli-
