4359 6267
131 1778 227 1819 Run.
252 1792 327 1829 xm,

116 1844 161 1883 u.

1089 513 1504 561 cotLA'rlon‘cu
1548 514 1633 559 SS.
1666 512 1908 557 mmm!
1950 512 2125 557 LIBER
2166 511 2206 556 1.
2253 529 2332 539 —
2373 511 2660 559 cOLLA'rlo
2701 512 2739 555 V

338 685 425 747 ad
478 684 987 747 internecionem
1034 683 1263 759 occidi,
1311 683 1432 746 ista
1478 691 1574 745 est
1624 682 1785 745 ratio
1830 701 1844 745 :
1881 681 1961 779 A-

345 784 658 865 quoniam
689 792 1281 866 quantumcumque
1314 782 1731 865 spiritualiter
1761 782 1851 843 in-

343 882 666 944 flammati
707 882 980 963 ingressi
1020 881 1332 943 fuerimus
1374 899 1663 943 eremum
1708 879 1851 943 soli-

344 980 770 1063 tudinemque
814 981 1147 1055 virtutum,
1190 998 1592 1062 nequaquam
1637 987 1849 1042 tamen

344 1098 567 1142 carere
596 1080 884 1142 valemus
920 1080 1245 1141 vicinitate
1284 1098 1357 1141 ac
1398 1078 1750 1141 ministerio
1788 1086 1851 1139 et

344 1180 629 1259 quodam
660 1179 1033 1261 quotidiano
1063 1178 1448 1241 commercio
1477 1177 1659 1258 gulae.
1682 1178 1852 1240 Sem-

344 1295 466 1358 per
508 1278 751 1339 etenim
790 1278 948 1339 vivit
999 1277 1063 1339 in
1113 1277 1297 1340 nobis
1345 1276 1650 1339 naturalis
1699 1274 1853 1337 affe-

348 1383 492 1436 ctus
525 1374 653 1437 cibi
684 1394 759 1437 ac
791 1384 977 1457 potus
1009 1382 1310 1457 tanquam
1344 1374 1851 1455 ingenitus,licet

348 1482 683 1555 amputare
744 1492 1051 1535 conemur
1103 1472 1423 1555 appetitus
1471 1490 1692 1534 eorum
1752 1491 1851 1533 su-

350 1571 638 1653 perfluos
674 1591 688 1635 :
724 1572 838 1653 qui
878 1573 1043 1633 sicut
1082 1590 1195 1653 per
1232 1571 1447 1633 omnia
1484 1570 1679 1632 deleri
1724 1588 1849 1633 non

352 1678 642 1751 possunt,
708 1671 802 1732 sic
869 1678 1054 1732 cauta
1120 1668 1542 1731 declinatione
1608 1668 1848 1731 vitandi

352 1774 535 1848 sunt3
566 1769 733 1831 sicut
763 1769 947 1830 docet
976 1767 1313 1850 Apostolus
1340 1784 1353 1829 :
1384 1766 1600 1830 Carnis
1631 1785 1849 1828 curam

3342 494 3458 559 197

2349 731 2856 795 CAPITULUM
2919 732 3072 795 XX.

2058 882 2143 936 De
2172 886 2401 936 natura
2428 880 2590 953 qulae
2606 897 2724 953 per
2749 881 3261 952 comparationem
3289 879 3372 935 ad

2568 970 2862 1043 aquilam.

2089 1175 2322 1238 lGURA
2366 1175 2553 1257 gulae,
2607 1194 2733 1258 qua
2791 1194 3048 1237 necesse
3102 1183 3199 1237 est
3247 1193 3460 1237 mona-

2115 1274 2310 1336 chum
2360 1274 2652 1356 quamvis
2711 1274 3110 1356 spiritualem
3168 1293 3240 1336 ac
3295 1291 3462 1335 sum-

1965 1391 2143 1435 mum
2185 1373 2435 1445 arctari,
2478 1373 2844 1453 designatur
2887 1373 3144 1454 proprie
3193 1373 3342 1435 satis
3383 1374 3462 1435 si-

1966 1470 2326 1532 militudine
2357 1470 2585 1552 aquilae
2622 1488 2634 1531 :
2670 1490 2810 1553 quae
2840 1489 3042 1552 quum
3072 1470 3100 1531 s
3105 1472 3266 1533 uerit
3297 1471 3462 1533 ultra

1962 1569 2366 1631 altitudinem
2411 1568 2682 1631 nubium
2732 1568 3076 1631 sublimata
3116 1570 3329 1631 volatu
3373 1569 3460 1631 al-

1962 1668 2233 1741 tissimo,
2282 1668 2367 1729 ita
2416 1675 2484 1728 ut
2531 1686 2568 1729 a
2620 1667 2796 1729 nullo
2847 1667 3209 1730 mortalium
3261 1668 3461 1750 possit
3566 1714 3574 1723 .

1964 1766 2187 1839 videri,
2236 1784 2454 1827 rursus
2503 1765 2910 1847 compellitur
2959 1766 3200 1829 ventris
3246 1784 3461 1828 neces·

352 1886 429 1928 ne
472 1864 757 1929 feceritis
807 1868 873 1929 in
916 1866 1267 1929 desideriis.
1312 1867 1473 1928 Dum
1523 1865 1718 1945 igitur
1760 1884 1852 1927 re-
1883 1870 1930 1932 B
1963 1864 2147 1927 sitate
2175 1865 2254 1926 ad
2291 1863 2486 1927 valles
2528 1864 2784 1926 infimas
2814 1882 2887 1925 ac
2919 1872 3166 1926 terrena
3203 1865 3460 1927 descen-

352 1966 633 2027 tinemus
676 1965 1031 2027 naturalem
1072 1964 1379 2027 affectum
1419 1963 1613 2045 hujus
1658 1982 1847 2037 curae,

351 2082 545 2145 quam
600 2065 907 2145 jubemur
954 2082 1081 2127 non
1135 2081 1393 2146 prorsus
1450 2061 1845 2136 abscindere,

350 2162 459 2223 sed
507 2161 750 2245 absque
796 2162 1167 2225 inordinatis
1217 2161 1549 2224 desideriis
1590 2160 1851 2223 exhibe-

350 2280 437 2335 re,
455 2279 585 2324 non
615 2262 1083 2342 exstinguimus
1112 2260 1469 2343 AEgyptiam
1500 2260 1845 2333 nationem,

352 2360 459 2421 sed
497 2360 773 2443 quadam
812 2360 1193 2422 discretione
1234 2377 1605 2441 separamur
1638 2357 1719 2420 ab
1750 2376 1845 2433 ea,

352 2476 479 2521 non
528 2460 864 2541 cogitando
912 2460 989 2522 de
1036 2457 1382 2541 superfluis
1432 2458 1849 2540 delicatisque

166 2585 283 2621 ms,
316 2558 581 2639 ‚epuliS,
622 2558 733 2621 sed
783 2557 1062 2639 simplici
1103 2557 1277 2620 victu
1320 2562 1383 2619 et
1422 2556 1662 2618 amictu
1705 2572 1851 2618 con-

116 3457 265 3561 lffflm.
282 3473 333 3511 ιτ,

114 3754 203 3799 [hui.
214 3762 331 3809 5³3.

354 2657 529 2718 tenti.
563 2657 739 2730 Quod
768 2656 961 2719 etiam
1003 2656 1357 2737 figuraliter
1385 2656 1472 2717 ita
1512 2654 1850 2717 mandatur

356 2754 418 2816 in
476 2756 611 2837 lege
664 2776 679 2819 :
731 2756 871 2818 Non
930 2753 1399 2818 abominaberis
1457 2754 1843 2836 AEgyptium,

353 2854 502 2935 quia
551 2853 729 2916 fuisti
778 2854 986 2917 incola
1035 2854 1101 2916 in
1145 2862 1311 2915 terra
1353 2852 1511 2933 ejuS.
1556 2852 1850 2914 Necessa-

356 2952 487 3012 rius
527 2952 766 3034 quippe
796 2952 1004 3019 victus
1044 2969 1170 3014 non
1210 2949 1555 3031 denegatur
1596 2948 1846 3030 corpori

356 3048 493 3111 sine
534 3050 673 3130 ejus
718 3049 1006 3132 periculo
1046 3067 1120 3111 ac
1161 3048 1390 3111 animae
1433 3048 1609 3110 vitio.
1646 3048 1847 3109 Motus
1886 3051 1929 3115 C

356 3165 505 3210 vero
545 3148 801 3210 illarum
846 3156 1091 3230 septem
1140 3145 1691 3229 perturbationum
1734 3164 1847 3207 seu

360 3248 746 3327 passionum,
779 3255 1082 3328 tanquam
1116 3244 1453 3308 omnifarie
1489 3244 1843 3319 noxiarum,

358 3346 819 3408 exterminandi
857 3352 1007 3407 sunt
1045 3344 1299 3426 penitus
1338 3344 1419 3405 ab
1451 3343 1699 3405 actibus
1741 3361 1850 3405 no-

360 3451 503 3507 strae
529 3444 788 3523 animae3
821 3444 899 3506 de
928 3442 1164 3526 quibus
1192 3443 1282 3505 ait
1309 3442 1646 3525 Apostolus
1674 3459 1687 3503 :
1711 3440 1849 3504 Om-

360 3542 459 3604 nis
505 3543 859 3606 amaritudo
895 3549 959 3605 et
1000 3542 1091 3604 ira
1132 3550 1195 3604 et
1236 3541 1583 3622 indignatio
1625 3548 1689 3603 et
1728 3540 1849 3603 cla-

362 3659 498 3703 mor
525 3651 587 3704 et
615 3642 1014 3723 blasphemia
1041 3639 1367 3703 auferatur
1393 3658 1430 3701 a
1460 3638 1664 3713 vobiS,
1698 3657 1845 3701 cum

358 3740 533 3802 omni
574 3740 849 3820 malitia3
891 3740 1195 3822 itemque,
1238 3738 1592 3801 Fornicatio
1633 3746 1847 3801 autem

358 3847 423 3900 et
460 3840 663 3902 omnis
712 3839 1123 3901 immunditia
1162 3845 1227 3901 et
1262 3837 1529 3901 avaritia
1575 3855 1693 3899 nec
1741 3856 1849 3900 no-

362 3937 634 4000 minetur
663 3939 731 4000 in
760 3937 965 4013 vobiS,
990 3944 1101 3999 aut
1132 3937 1481 4019 turpitudo,
1506 3945 1615 3999 aut
1644 3935 1849 3998 stulti-

360 4034 664 4117 loquium,
713 4044 825 4099 aut
882 4035 1253 4098 scurrilitas
1306 4036 1645 4100 Possumus
1699 4051 1847 4117 ergo

357 4133 723 4198 abscindere
762 4134 1006 4198 radices
1036 4134 1340 4197 vitiorum
1381 4134 1671 4208 istorum,
1706 4152 1848 4215 quae

1962 1964 2132 2038 dere,
2164 1971 2356 2046 atque
2387 1962 2800 2025 cadaveribus
2843 1962 3110 2025 mortuis
3151 1982 3217 2025 se
3249 1963 3453 2025 unire.

1960 2062 2202 2136 Quibus
2243 2061 2497 2123 indiciis
2535 2068 2750 2144 aperte
2791 2060 3115 2142 probatur,
3158 2061 3458 2143 spiritum

1959 2161 2123 2243 gulae
2170 2179 2300 2223 non
2349 2178 2554 2243 posse,
2600 2168 2668 2222 ut
2717 2169 2927 2223 cetera
2971 2160 3148 2235 vitia,
3181 2160 3458 2223 totaliter

1962 2260 2254 2334 resecari,
2288 2260 2400 2322 sed
2437 2259 2577 2340 ejus
2617 2259 2870 2322 aculeos
2909 2266 2972 2321 et
3000 2258 3320 2342 appetitus
3360 2278 3462 2321 su-

1961 2358 2244 2441 perfluos
2283 2366 2532 2420 tantum
2571 2357 2825 2419 retundi
2855 2357 3218 2440 virtuteque
3256 2357 3455 2419 animi

1961 2456 2268 2521 cohiberi.

2330 2711 2834 2775 CAPITULUM
2896 2710 3083 2775 XXI.

2001 2862 2089 2917 De
2108 2860 2574 2933 perseverantia
2597 2859 2759 2930 quloe
2785 2864 2998 2914 contra
3019 2858 3410 2931 philosophos

2539 2948 2874 3021 disputata.

2084 3145 2293 3208 ENEX
2327 3144 2586 3227 quidam
2622 3144 2954 3227 disputans
2993 3163 3140 3207 cum
3182 3146 3457 3229 philoso-

2112 3244 2280 3326 phis,
2318 3243 2430 3324 qui
2471 3262 2620 3305 eum
2665 3260 2780 3325 pro
2824 3242 3169 3306 christiana
3210 3244 3455 3327 simpli-

1960 3344 2148 3406 citate
2195 3343 2502 3425 putabant
2541 3342 2970 3423 superandum
3012 3350 3082 3405 ut
3119 3344 3451 3419 rusticum,

1959 3442 2280 3524 eleganter
2335 3441 2646 3523 expressit
2694 3440 2833 3503 vitii
2892 3440 3108 3522 hujus,
3160 3442 3456 3505 videlicet

1959 3540 2145 3622 gulae,
2203 3547 2496 3602 naturam
2554 3538 2673 3600 sub
2732 3538 2940 3621 figura
2996 3548 3185 3621 atque
3243 3541 3451 3603 colore

1960 3638 2153 3720 hujus
2213 3637 2623 3720 problematis
2686 3654 2700 3700 :
2762 3638 2973 3700 Multis
3033 3637 3452 3700 creditoribus

1962 3746 2140 3819 pater
2168 3756 2350 3800 meus
2385 3754 2487 3797 me
2519 3735 2778 3817 reliquit
2806 3735 3174 3799 obnoxium.
3215 3737 3452 3801 Ceteris

1961 3836 2205 3917 integre
2262 3835 2535 3908 solvenS,
2591 3834 2892 3896 liberatus
2951 3854 3094 3897 sum
3146 3834 3226 3897 ab
3275 3836 3451 3898 omni

1961 3934 2252 3996 molestia
2282 3932 2676 4015 repetitionis
2705 3949 2960 4012 eorum3
2992 3933 3103 3996 uni
3137 3933 3454 3996 satisface-

1961 4051 2027 4095 re
2057 4048 2306 4114 nequeo
2335 4030 2617 4113 quotidie
2648 4031 3083 4111 persolvendo.
3119 4032 3452 4114 Quumque

1961 4131 2054 4193 illi
2102 4131 2461 4211 ignorantes
2500 4130 2632 4190 vim
2678 4130 3017 4210 propositae
3058 4131 3449 4212 quaestioniS,

360 4234 807 4315 superinducta
844 4240 995 4296 sunt
1023 4240 1285 4307 naturae,
1319 4233 1430 4295 sed
1466 4251 1654 4295 usum
1684 4232 1847 4313 gulae
1880 4239 1927 4299 D
1960 4229 2355 4311 postularent
2393 4226 2883 4290 declarationem
2929 4228 3152 4309 ipsiuS,
3193 4246 3451 4310 respon-

362 4350 489 4395 non
542 4352 877 4415 possumus
938 4332 1193 4414 penitus
1248 4339 1578 4413 amputare
1632 4347 1645 4392 ε
1701 4349 1848 4393 nam

362 4432 823 4513 quantumlibet
850 4429 1475 4513 profecerimuS,non
1508 4447 1847 4511 possumus

364 4547 493 4591 non
542 4550 675 4594 esse
733 4530 904 4613 quod
964 4530 1305 4592 nascimur.
1365 4528 1542 4602 Quod
1601 4528 1688 4590 ita
1746 4546 1846 4590 es-

364 4648 431 4690 se
466 4637 839 4693 monstratur
868 4636 998 4691 tam
1039 4628 1517 4691 conversatione
1557 4628 1847 4690 omnium

364 4726 781 4808 perfectorum
812 4746 1006 4809 quam
1044 4734 1280 4800 nostra,
1315 4727 1425 4808 qui
1467 4745 1688 4789 sumus
1718 4725 1847 4788 exi-

362 4826 493 4906 gui.
530 4828 641 4901 Qui
696 4826 965 4909 perfecti
1020 4845 1220 4908 quum
1269 4824 1659 4887 absciderint
1708 4826 1849 4887 reli-

366 4943 623 5005 quarum
666 4924 961 4988 stimulos
1005 4924 1397 5005 passionum,
1431 4942 1847 5006 eremumque

366 5023 665 5087 introeant
706 5032 839 5086 toto
882 5022 1115 5084 mentis
1158 5022 1405 5085 fervore
1447 5040 1521 5084 ac
1564 5022 1847 5104 corporis

368 5120 657 5195 nuditate,
700 5130 915 5184 tamen
963 5128 1289 5201 nequeunt
1336 5119 1592 5182 liberari
1631 5140 1668 5181 a
1708 5139 1850 5202 pro-

366 5218 599 5283 visione
632 5222 839 5283 victus
881 5219 1235 5301 quotidiani
1274 5238 1347 5281 ac
1392 5218 1847 5301 praeparatione

368 5318 557 5380 annui
596 5319 793 5403 panis.

1958 4328 2097 4390 dit:
2131 4327 2343 4389 Multis
2387 4325 2782 4388 naturalibus
2824 4326 2995 4388 vitiis
3044 4325 3138 4388 fui
3187 4328 3452 4389 constri-

1958 4433 2118 4500 ctuS,
2172 4425 2283 4489 sed
2342 4425 2470 4487 Deo
2520 4423 2677 4487 mihi
2737 4424 3086 4506 inspirante
3141 4423 3450 4487 affectum

1958 4523 2306 4606 spiritualis
2337 4523 2669 4597 libertatis,
2703 4520 2980 4585 satisfeci
3010 4522 3450 4605 spiritualibus

1957 4622 2084 4684 illis
2128 4621 2620 4701 [creditoribus],
2665 4622 3034 4684 renuntians
3077 4621 3228 4684 huic
3271 4641 3454 4684 mun-

1957 4721 2037 4783 do
2083 4740 2157 4783 ac
2204 4738 2462 4784 omnem
2520 4719 2933 4782 hereditatem
2984 4728 3312 4803 paternam
3362 4740 3456 4784 re-

1957 4819 2274 4903 linquenS.
2309 4820 2429 4882 Sed
2471 4818 2799 4881 absolutus
2837 4819 2918 4880 ab
2957 4820 3254 4883 omnibus
3298 4821 3448 4895 illis,

1957 4937 2170 4981 carere
2218 4936 2346 4981 non
2404 4917 2581 4999 potui
2640 4918 2917 4979 stimulis
2974 4918 3138 4999 gulae
3190 4936 3204 4981 :
3259 4938 3452 5002 quam

1959 5018 2105 5079 licet
2145 5018 2496 5099 redegerim
2538 5016 2616 5078 ad
2660 5035 2918 5099 parvam
2963 5034 3325 5079 mensuram
3365 5026 3452 5080 at-

1957 5136 2081 5199 que
2132 5116 2510 5179 vilissimam
2568 5116 3008 5198 quantitatem,
3061 5132 3188 5178 non
3235 5122 3448 5178 tamen

1957 5216 2127 5279 evito
2165 5216 2298 5278 vim
2343 5214 2800 5297 compulsionis
2843 5214 2982 5295 ejus
3026 5213 3445 5296 quotidianae;

1958 5317 2070 5379 sed
2110 5316 2438 5381 exactione
2479 5314 2620 5397 ejus
2658 5314 2896 5396 jugiter
2937 5330 3200 5378 moneor
3241 5320 3311 5377 ut
3353 5313 3445 5377 in-
