4359 6267
579 2678 641 2721 Is.
654 2690 740 2729 xiv,
754 2680 819 2727 ¹3,

559 2745 623 2785 ¹4.

839 494 957 561 190

1228 737 1734 800 CAPITULUM
1796 736 1921 798 VII
1934 785 1947 799 .

921 886 1008 941 De
1054 888 1561 941 consummatione
1606 901 1782 941 vanae
1823 884 2044 956 ylorioe
2088 889 2270 957 atque

1022 975 1323 1047 superbiae
1359 975 1584 1049 absque
1617 992 1795 1048 opere
1830 973 2158 1047 corporali.

986 1182 1135 1245 UNC
1168 1181 1553 1244 disseramus
1584 1182 1805 1244 ordine
1835 1181 2244 1263 praeinduct·0‚
2265 1182 2341 1243 de

1004 1280 1373 1343 efficientiis
1406 1288 1756 1342 ceterarum
1790 1280 2344 1362 passionum‚qua-

848 1400 990 1443 rum
1042 1380 1465 1442 narrationem
1520 1379 1984 1461 interrumpere
2032 1380 2344 1460 compulit

848 1497 963 1541 nos
996 1477 1335 1540 declaratio
1366 1478 1529 1559 gulae
1559 1477 2053 1558 tentationisque
2085 1476 2338 1539 Christi.

848 1580 1064 1659 Itaque
1098 1596 1258 1639 vana
1297 1576 1498 1658 gloria
1531 1584 1595 1637 et
1624 1575 1924 1657 superbia
1962 1576 2165 1638 solent
2201 1592 2345 1637 con-

849 1675 1154 1739 summari
1196 1694 1306 1737 seu
1347 1676 1422 1736 ad
1456 1673 1759 1736 effectum
1802 1674 2065 1755 perduci
2102 1673 2343 1755 absque

850 1775 981 1837 ullo
1032 1791 1224 1856 opere
1270 1773 1601 1856 corporali.
1645 1773 1715 1834 In
1760 1791 1886 1855 quo
1934 1772 2107 1834 enim
2158 1780 2342 1853 egent

1570 514 1985 562 COLLATIONUM
2028 516 2112 561 SS.
2148 515 2390 560 PATmffl
2432 514 2606 559 LIBER
2649 516 2686 559 1.
2733 534 2813 542 —
2854 514 3142 561 COLLA'rlo
3180 515 3221 559 V

2367 686 2418 747 A
2449 685 2822 768 batur‚quia
2851 704 2969 748 nec
3000 686 3307 767 originale
3339 686 3728 768 principium
3755 685 3954 748 habet

2450 784 2516 845 in
2547 784 2754 859 nohiS,
2775 804 2980 867 neque
3013 785 3371 868 concipitur
3401 786 3478 847 de
3513 786 3774 848 materia
3802 804 3954 867 quae

2450 883 2753 965 pertingit
2795 892 2904 945 aut
2952 884 3226 965 pertinet
3267 886 3344 947 ad
3394 884 3954 966 participationem

2452 982 2659 1044 carnis
2701 990 2810 1043 aut
2847 983 3098 1057 animae‚
3133 983 3235 1045 vel
3277 982 3354 1045 ad
3399 982 3814 1045 substantiam
3859 983 3958 1045 vi-

2453 1088 2548 1143 tae.
2603 1080 2858 1143 Certum
2906 1089 3001 1143 est
3041 1080 3222 1143 enim
3280 1080 3438 1142 nihil
3502 1081 3817 1162 pertine-re
3870 1082 3953 1143 ad

2454 1197 2642 1241 usum
2682 1186 2793 1241 aut
2825 1180 3265 1242 necessitatem
3307 1187 3549 1242 naturae
3587 1180 3955 1242 communis

2455 1286 2684 1360 praeter
2719 1296 2930 1340 escam
2974 1278 3408 1360 quotidianam
3449 1298 3523 1341 ac
3563 1286 3818 1361 potum;
3861 1298 3958 1340 re-

2456 1378 2646 1458 liquae
2684 1395 2833 1439 vero
2873 1378 3174 1453 materiae,
3209 1377 3681 1459 quantumlibet
3719 1394 3958 1458 magno

2455 1476 2665 1539 studio
2695 1485 2758 1538 et
2787 1495 3000 1540 amore
3042 1486 3396 1550 serventur,
3435 1486 3585 1539 sunt
3613 1486 3825 1538 tamen
3869 1476 3956 1537 ab

2454 1575 2733 1637 humana
2773 1576 3123 1656 indigentia
3163 1576 3408 1647 alienae,
3443 1576 3609 1637 sicut
3647 1575 3958 1657 probatur

2456 1693 2575 1735 usu
2616 1674 2818 1756 ipsius
2847 1674 3011 1737 vitae.
3047 1675 3192 1737 Ideo
3220 1674 3483 1737 avaritia
3511 1681 3810 1755 tanquam
3855 1674 3960 1734 in-

2457 1772 2760 1835 naturalis
2809 1772 3140 1847 exsistenS‚
3185 1790 3310 1835 non
3359 1778 3558 1835 tentat
3609 1772 3959 1834 monachos

849 1874 1097 1936 actione
1137 1873 1396 1946 carnali,
1432 1892 1573 1955 quae
1612 1872 1744 1935 sola
1773 1872 2097 1934 voluntate
2138 1871 2343 1933 laudis
2380 1877 2427 1939 Β
2459 1870 2582 1933 nisi
2625 1870 2786 1933 male
2817 1871 3112 1934 fundatos
3142 1890 3216 1934 ac
3246 1872 3514 1953 tepidos,
3551 1872 3738 1934 Porro
3769 1880 3960 1933 natu-

848 1972 1249 2055 acquirendae
1280 1978 1341 2033 et
1372 1972 1665 2033 humanae
1702 1970 1918 2052 gloriae
1957 1988 2346 2052 consequen-

852 2072 947 2134 dae
992 2078 1295 2152 generant
1343 2069 1740 2132 abundanter
1798 2077 2068 2131 mortem
2117 2069 2346 2131 animae

853 2170 1183 2251 captivatae
1223 2176 1482 2251 propter
1526 2168 2020 2249 prohibitionem
2061 2167 2345 2230 divinam

849 2276 913 2331 et
971 2268 1553 2349 concupiscentiam
1616 2266 1681 2328 in
1744 2286 1810 2329 se
1869 2266 2164 2329 malam?
2222 2265 2348 2328 Aut

851 2385 1040 2450 quem
1088 2365 1391 2428 effectum
1439 2366 1829 2448 corporalem
1872 2365 2145 2427 habebat
2187 2366 2346 2427 anti-

851 2484 977 2548 qua
1020 2464 1318 2547 superbia
1362 2464 1646 2546 praedicti
1687 2464 1987 2539 Luciferi,
2021 2484 2212 2547 quam
2253 2482 2348 2526 so-

852 2565 912 2627 la
961 2564 1337 2645 cogitatione
1385 2563 1726 2645 animoque
1777 2564 2089 2645 concepit,
2135 2564 2347 2625 dicen-

852 2673 912 2727 te
944 2663 1252 2746 Propheta
1286 2680 1299 2725 :
1334 2662 1450 2736 Qui
1484 2662 1737 2724 dicebas
1778 2663 1841 2724 in
1883 2662 2071 2725 corde
2111 2670 2242 2737 tuo,
2275 2663 2344 2723 In

851 2764 1085 2827 coelum
1138 2762 1581 2837 conscendam,
1625 2781 1817 2843 supra
1863 2769 2033 2823 astra
2078 2761 2190 2823 Dei
2240 2780 2348 2842 po-

851 2882 999 2925 nam
1048 2862 1280 2925 solium
1334 2879 1588 2941 meum3
1633 2862 1970 2924 ascendam
2020 2880 2215 2943 super
2259 2860 2346 2923 al-

849 2962 1188 3024 titudinem
1244 2961 1538 3034 nubinm,
1590 2978 1823 3042 eroque
1883 2959 2113 3021 similis
2159 2959 2346 3021 Altis-

2459 1970 2613 2032 ralia
2652 1970 2806 2031 vitia
2847 1978 3088 2031 tentare
3129 1988 3258 2033 non
3295 1977 3545 2032 cessant
3581 1970 3772 2031 etiam
3813 1988 3964 2051 pro-

2457 2067 2819 2131 batissimos
2867 2068 3230 2142 monach08‚
3267 2076 3456 2150 atque
3502 2069 3565 2129 in
3611 2067 3962 2131 solitudine

2458 2175 2940 2229 commorantes.
2977 2168 3150 2241 Quod
3195 2176 3324 2229 tam
3363 2167 3770 2231 verissimum
3813 2186 3962 2229 esse

2459 2265 2782 2347 probatur,
2816 2273 2885 2326 ut
2925 2284 3342 2345 agnoscamus
3384 2273 3603 2345 gentes
3645 2266 3960 2347 quasdam

2457 2383 2594 2427 esse
2638 2364 2718 2426 ab
2760 2364 3024 2427 avaritia
3067 2364 3322 2445 penitus
3367 2364 3618 2437 liberaS,
3657 2364 3812 2446 quia
3854 2383 3963 2425 ne-

2457 2482 2772 2544 quaquam
2801 2470 3178 2544 receperunt
3207 2462 3643 2543 aegritudinem
3675 2462 3819 2524 vitii
3853 2462 3967 2523 hu-

2454 2562 2558 2642 jus
2591 2561 3050 2624 consue-tudine
3085 2580 3298 2643 prava.
3335 2560 3664 2624 Credimus
3698 2578 3964 2642 quoque

2461 2660 2768 2721 mundum
2830 2659 3012 2721 illum
3068 2659 3177 2742 qui
3236 2666 3382 2721 ante
3441 2659 3757 2721 diluvium
3809 2658 3960 2734 fuit,

2458 2759 2817 2821 diutissime
2863 2758 3183 2839 ignorasse
3226 2758 3469 2820 rabiem
3517 2758 3799 2821 avaritiae
3843 2758 3966 2821 hu-

2455 2859 2582 2938 juS,
2617 2878 2757 2941 quae
2789 2858 2853 2919 in
2890 2875 3273 2939 unoquoque
3303 2864 3474 2919 recte
3507 2856 3969 2920 abrenuntian-

2458 2965 2520 3019 te
2549 2956 2976 3037 exstinguitur
3006 2956 3143 3017 sine
3175 2955 3388 3018 labore
3425 2972 3438 3016 :
3474 2975 3674 3038 quum
3711 2956 3968 3019 scilice-t

847 3062 1059 3124 simo?
1112 3060 1228 3133 Qui
1287 3059 1543 3121 Lucifer
1596 3058 1761 3121 sicut
1811 3058 2062 3121 nullum
2121 3057 2343 3119 habuit
2383 3060 2425 3123 C
2457 3055 2623 3138 quiS,
2679 3054 3088 3117 facultatibus
3149 3054 3466 3117 universis
3525 3053 3820 3135 abjectiS‚
3877 3055 3968 3117 ita

848 3161 1241 3223 incentorem
1282 3166 1390 3219 aut
1419 3166 1851 3239 suggestorem
1891 3157 2083 3238 hujus
2126 3176 2354 3238 super-,

846 3259 991 3332 biae,
1026 3259 1118 3320 sic
1160 3257 1290 3319 sola
1332 3256 1629 3337 cogitatio
1669 3254 1823 3318 fecit
1854 3256 1911 3317 ei
1950 3274 2347 3319 consumma-

848 3358 1089 3419 tionem
1132 3355 1418 3417 criminis
1457 3355 1614 3416 tanti
1655 3373 1727 3416 ac
1760 3354 1957 3417 ruinae
2000 3363 2342 3437 perpetuae,

850 3474 1050 3537 quum
1081 3454 1257 3516 nulla
1286 3453 1628 3515 subsecuta
1657 3453 1785 3514 sint
1816 3471 2005 3534 opera
2034 3453 2347 3516 affectatae

851 3553 1024 3617 illius
1072 3552 1439 3636 tyrannidis.

1226 3806 1729 3875 CAPITULUM
1792 3806 1973 3869 VIII.

928 3960 1015 4014 Dc
1043 3957 1342 4020 avaritia,
1374 3956 1537 4030 quod
1562 3957 1645 4010 sit
1671 3962 1856 4010 coetra
1884 3961 2190 4019 naturam,
2221 3962 2278 4011 et

1063 4046 1335 4120 qualiter
1361 4044 1615 4118 differat
1641 4060 1681 4100 a
1708 4044 1924 4099 ceteris
1951 4044 2145 4099 vitiis,

2455 3154 2870 3236 assumpserit
2918 3153 3324 3235 disciplinam
3383 3152 3658 3216 coenohii
3719 3162 3792 3214 ut
3842 3173 3969 3216 nec

2457 3272 2658 3315 unum
2709 3252 2830 3314 sibi
2883 3259 3161 3316 reservet
3207 3252 3561 3313 denarium.
3617 3251 3818 3332 Cujus
3870 3254 3970 3315 rei

2459 3360 2649 3415 testes
2682 3352 2969 3414 invenire
3003 3369 3342 3433 possumus
3381 3351 3578 3412 multa
3615 3350 3820 3413 millia
3851 3352 3970 3414 ho-

2460 3451 2728 3525 minum,
2779 3450 2889 3531 qui
2938 3448 3238 3511 omnibus
3299 3449 3432 3510 suis
3490 3448 3677 3530 plene
3727 3468 3974 3512 renun-

2457 3550 2708 3623 tianteS,
2757 3550 2845 3610 ita
2892 3548 3056 3609 hanc
3106 3548 3465 3630 passionem
3515 3547 3582 3608 in
3633 3557 3972 3612 momento

2457 3648 2838 3712 brevissimo
2878 3646 3380 3721 eradicaverunt,
3414 3655 3486 3708 ut
3526 3664 3642 3709 nec
3679 3647 3974 3711 tenuiter

2460 3749 2794 3831 pulsentur
2840 3746 2921 3809 ab
2963 3766 3036 3809 ea
3087 3747 3373 3809 ulterius.
3416 3746 3534 3821 Qui
3583 3746 3762 3809 omni
3807 3756 3976 3811 tem-

2460 3865 2612 3929 pore
2663 3846 2808 3908 vitae
2862 3865 2991 3908 suae
3039 3854 3258 3907 contra
3312 3845 3527 3927 gulam
3578 3854 3971 3926 pugnanteS,

2461 3946 2667 4007 securi
2722 3945 2800 4007 ab
2854 3963 2928 4006 ea
2979 3963 3116 4006 esse
3171 3962 3296 4006 non
3351 3951 3640 4025 possunt,
3683 3944 3815 4006 nisi
3873 3945 3975 4007 di-

2463 4044 2836 4107 micaverint
2876 4050 3094 4105 contra
3140 4043 3341 4124 ipsam
3383 4043 3976 4124 circumspectione

2463 4142 2669 4206 cordis
2712 4142 3034 4224 praecipua
3068 4149 3257 4223 atque
3287 4140 3541 4203 assidua
3574 4140 3981 4204 abstinentia

932 4244 1231 4309 NSUPER
1286 4242 1551 4305 avaritia
1602 4250 1664 4303 et
1714 4242 1828 4314 ira,
1882 4241 2174 4322 quamvis
2224 4259 2350 4304 non
2381 4248 2431 4310 D
2464 4241 2766 4323 corporiS.

963 4344 1089 4405 sint
1132 4343 1322 4405 unius
1371 4349 1611 4404 naturae
1652 4342 1829 4422 (nam
1873 4340 2137 4403 avaritia
2176 4348 2353 4403 extra

856 4451 1149 4505 naturam
1189 4448 1304 4515 est,
1340 4441 1431 4503 ira
1473 4447 1685 4502 autem
1730 4438 2036 4519 originale
2080 4439 2352 4502 semina-

857 4542 1024 4604 rium
1067 4539 1255 4601 habet
1294 4539 1357 4600 in
1398 4538 1631 4619 nobis),
1666 4537 1868 4600 nihilo
1913 4538 2124 4600 minus
2165 4538 2354 4601 modo

853 4639 1054 4703 simili
1087 4637 1400 4712 oriuntur,
1426 4637 1726 4719 quoniam
1760 4654 1925 4718 saepe
1957 4645 2220 4699 sumunt
2249 4656 2352 4698 ex-

858 4740 1173 4801 trinsecus
1222 4756 1441 4798 causas
1491 4756 1620 4798 suae
1669 4735 2131 4798 commotionis,
2174 4735 2356 4797 Infir-

860 4838 1091 4900 miores
1122 4854 1397 4917 namque
1430 4834 1750 4897 multoties
1780 4843 2259 4916 conqueruntur
2286 4854 2354 4896 se

860 4935 1175 5001 corruisse
1208 4934 1271 4995 in
1308 4934 1463 4995 vitia
1502 4934 1621 4995 ista
1650 4952 1727 4995 ex
1770 4933 2215 5014 provocatione
2247 4941 2355 4995 aut

861 5036 1167 5100 instinctu
1211 5034 1657 5118 quorumdam,
1692 5051 1885 5115 seque
1929 5034 2354 5115 praecipitatos

858 5134 1187 5199 affirmant
1230 5134 1307 5196 ad
1353 5134 1513 5195 iram
1558 5139 1668 5194 aut
1711 5131 2036 5193 avaritiam
2082 5132 2353 5194 aliorum

860 5233 1156 5315 exemplo
1191 5239 1301 5294 aut
1338 5239 1507 5295 certe
1547 5230 1802 5310 injuria.
1837 5229 2149 5311 AmpliuS,
2185 5229 2353 5313 quod

860 5330 1126 5395 avaritia
1162 5330 1246 5391 sit
1274 5338 1450 5391 extra
1491 5335 1780 5390 naturam
1824 5327 1973 5389 hinc
2009 5328 2173 5389 clare
2212 5345 2352 5410 pro-

2867 4495 2970 4557 CA
2979 4492 3372 4557 PITULUM
3433 4493 3553 4555 IX.

2618 4646 2705 4700 De
2741 4642 2956 4699 acedia
2994 4648 3177 4715 atque
3215 4640 3504 4705 tristitia,
3536 4640 3812 4713 qualiter

3057 4730 3363 4785 oriantur.

2593 4928 2916 4993 RlSTlTlA
2943 4937 3001 4989 et.
3029 4928 3246 4989 acedia
3274 4928 3562 5008 generari
3595 4927 3802 4989 solent
3831 4930 3990 4992 abs-

2612 5048 2736 5111 que
2797 5026 3243 5109 provocatione
3300 5025 3632 5099 exteriore,
3685 5034 3756 5086 ut
3803 5027 3988 5090 dixi-

2467 5149 2628 5191 muS.
2661 5128 2818 5191 Nam
2873 5124 3185 5188 solitarios
3226 5131 3289 5185 et
3327 5125 3623 5186 eremitas
3663 5122 3745 5185 ab
3787 5128 3982 5189 omni

2464 5229 2744 5290 humano
2784 5222 3102 5287 consortio
3141 5232 3461 5305 separatos
3501 5221 3880 5304 frequenter
3913 5234 3986 5287 et

2464 5324 2859 5388 amarissime
2888 5330 3115 5385 vexant
3142 5340 3156 5385 ε
3186 5322 3355 5404 quod
3383 5321 3790 5383 verissimum
3823 5340 3984 5387 esse
