4359 6267
888 495 1009 560 292

1577 521 1994 569 coLLATloNnM
2036 523 2120 568 SS.
2156 522 2401 568 PATRUM
2442 522 2616 568 LIBER
2658 522 2719 568 11.
2766 541 2848 551 —
2888 521 3174 570 coLLA'rlo
3214 524 3302 569 ΧΠ

885 686 1072 749 cntiae
1134 707 1264 753 suae
1325 692 1581 754 sibimet
1638 692 2055 754 blandiuntur
2115 689 2386 753 elatione
2417 690 2470 752 A
2500 691 2811 772 perientia
2873 691 3301 772 magistrante,
3364 709 3491 755 non
3550 689 3783 753 verbis.
3842 689 4005 763 Quae

885 785 1158 865 quadam
1203 789 1524 852 subtiliter
1568 790 1910 862 incidente,
1953 796 2017 851 et
2057 789 2385 850 credentes

885 901 952 944 se
996 902 1136 946 eam
1183 895 1556 951 consecutos
1596 889 1806 950 studio
1848 887 2196 968 diligentiae
2232 907 2383 961 suae,

886 1000 1146 1044 necesse
1202 993 1298 1046 est
1356 992 1426 1046 ut
1491 985 1719 1068 privati
1783 986 2110 1068 paulisper
2166 985 2385 1048 divino

882 1080 1142 1155 auxilio,
1199 1083 1438 1146 tamdiu
1487 1084 1930 1166 opprimantur
1979 1084 2385 1167 passionibus

885 1176 1035 1252 illis,
1079 1199 1237 1262 quas
1277 1182 1479 1245 virtus
1521 1183 1736 1244 divina
1779 1183 2186 1257 exstinxerat,
2229 1201 2383 1265 quo-

888 1294 1087 1359 usque
1133 1280 1526 1361 experientia
1573 1282 1838 1344 docente
1889 1289 2271 1362 cognoscant
2316 1301 2383 1344 se

884 1373 1171 1438 obtinere
1213 1395 1338 1440 non
1381 1396 1567 1460 posse
1595 1380 1863 1460 gratiam
1903 1379 2200 1461 puritatis
2240 1398 2381 1462 pro·

884 1472 1042 1553 priis
1087 1474 1335 1538 viribus
1376 1485 1566 1558 atque
1612 1477 1963 1540 industriis.
2009 1477 2084 1538 Et
2129 1486 2200 1538 ut
2241 1477 2381 1540 bre-

883 1570 1045 1633 viter
1077 1573 1529 1636 concludamus
1561 1575 2056 1656 disputationem
2096 1584 2379 1639 nostram

882 1669 960 1730 de
1002 1668 1132 1731 fine
1177 1671 1564 1751 plenissimae
1608 1673 1914 1735 castitatis
1962 1673 2145 1754 longa
2187 1674 2381 1736 eluci-

2498 789 2649 852 licet
2704 789 2975 852 arbitrer
3032 789 3457 871 impossibilia
3513 789 3777 851 forsitan
3829 787 4006 868 judi-

2498 889 2697 951 canda
2755 907 2792 950 a
2850 889 3047 969 pigris
3103 907 3177 950 ac
3236 886 3731 969 negligentibuS,
3786 895 4006 948 certus

2497 1005 2640 1048 sum
2671 993 2883 1049 tamen
2913 1005 2989 1048 ea
3015 1006 3052 1048 a
3082 985 3527 1067 spiritualibus
3566 985 4006 1066 studiosisque

2495 1084 2651 1146 viris
2685 1085 3084 1166 agnoscenda
3112 1103 3251 1146 esse
3282 1092 3345 1146 et
3371 1083 3803 1165 approbanda.
3836 1083 4006 1145 Tan-

2494 1190 2632 1244 tum
2682 1183 2919 1245 etenim
2964 1182 3157 1245 distat
3202 1182 3368 1244 inter
3410 1181 3741 1244 hominem
3783 1189 3845 1242 et
3885 1181 4006 1242 ho-

2494 1280 2757 1354 minem,
2802 1288 3112 1363 quantum
3162 1280 3241 1342 ab
3295 1279 3571 1342 invicem
3620 1287 4004 1360 separantur

2492 1377 2603 1441 illa
2638 1379 2718 1441 ad
2758 1398 2901 1461 quae
2940 1378 3144 1440 tendit
3183 1377 3454 1440 intentio
3498 1376 3704 1440 cordis
3744 1395 3997 1450 eorum,

2490 1477 2611 1540 hoc
2658 1485 2754 1540 est
2802 1476 3035 1540 coelum
3084 1476 3165 1538 ab
3217 1476 3487 1550 inferno,
3538 1493 3652 1538 seu
3702 1475 3997 1538 Christus

2489 1595 2526 1638 a
2572 1575 2791 1650 Belial,
2839 1574 3023 1656 juxta
3070 1574 3450 1636 sententiam
3510 1573 3849 1636 Salvatoris
3896 1573 3995 1634 di-

2490 1673 2692 1735 centis
2728 1693 2741 1737 :
2779 1673 2842 1737 Si
2873 1673 3019 1755 quis
3061 1672 3218 1734 mihi
3260 1671 3599 1744 ministrat,
3633 1689 3735 1732 me
3766 1689 3991 1752 sequa-

4033 1694 4187 1736 Ιοωυι.
4200 1708 4259 1742 ιιι,

882 1767 1133 1830 datione
1195 1769 1570 1844 confectam,
1634 1771 1990 1852 colligendo
2050 1771 2114 1833 in
2175 1792 2375 1834 unum
2486 1779 2611 1843 tur,
2644 1780 2708 1834 et
2738 1771 2849 1833 ubi
2880 1790 3023 1832 sum
3054 1787 3191 1850 ego,
3225 1769 3358 1830 illic
3386 1776 3450 1830 et
3481 1768 3775 1831 minister
3802 1787 3991 1830 meus
4020 1760 4087 1799 ²⁶·

883 1867 1097 1928 omnia
1154 1886 1295 1948 quae
1356 1869 1611 1951 copiose
1668 1888 1743 1930 ac
1802 1869 2072 1951 sparsim
2134 1870 2377 1951 digesta
2408 1874 2455 1937 B
2486 1870 2643 1948 erit3
2683 1877 2744 1931 et
2774 1888 3017 1942 rursus,
3050 1869 3166 1931 L'bi
3198 1875 3295 1931 est
3322 1867 3656 1930 thesaurus
3686 1874 3855 1938 mua,
3892 1866 3988 1928 ibi
4037 1891 4257 1936 mum.

835 1958 844 1966 ’
883 1971 1031 2026 sunt
1066 1984 1080 2028 ε
1114 1966 1248 2028 haec
1291 1973 1387 2028 est
1430 1969 1895 2031 consummatio
1937 1968 2265 2041 castitatiS‚
2310 1977 2377 2030 ut

882 2063 1060 2125 nulla
1116 2064 1401 2127 libidinis
1448 2066 1782 2129 delectatio
1830 2067 2212 2148 perstringat
2268 2074 2378 2129 aut

883 2170 1151 2244 occupet
1192 2163 1573 2226 monachum
1612 2165 2005 2246 vigilant-em,
2042 2183 2161 2227 nec
2201 2164 2377 2227 fallat

882 2259 1303 2323 dormientem
1347 2262 1740 2325 somniorum
1784 2263 2030 2342 illusio;
2071 2263 2184 2326 sed
2222 2264 2375 2326 dum

882 2358 1223 2420 dormienti
1267 2360 1461 2422 motio
1499 2361 1710 2423 carnis
1745 2361 2100 2442 obrepserit
2129 2380 2245 2443 per
2282 2361 2374 2424 in-

883 2455 1126 2518 curiam
1158 2464 1406 2519 tantum
1438 2459 1668 2520 mentis
1699 2459 1939 2541 sopitae,
1975 2460 2063 2520 ita
2090 2459 2377 2541 quiescat

881 2554 1230 2617 stimulatio
1268 2555 1379 2618 illa
1417 2556 1658 2638 absque
1697 2557 1871 2620 omni
1913 2558 2122 2620 carnis
2163 2558 2374 2639 pruri-

881 2660 973 2726 tu,
1006 2654 1542 2734 quemadmodum
1588 2654 1891 2718 suscitata
1933 2663 2028 2717 est
2067 2656 2205 2718 sine
2250 2655 2379 2718 ulla

882 2751 1227 2833 voluptatis
1276 2751 1655 2815 titillatione.
1701 2753 1844 2817 Haec
1887 2754 1965 2816 de
2015 2752 2148 2815 fine
2198 2754 2380 2817 casti-

882 2849 1028 2911 tatis
1058 2851 1510 2931 expressimus,
1543 2860 1856 2933 quantum
1896 2852 2244 2934 potuimuS,
2276 2871 2381 2915 ex-

2485 1977 2582 2030 est
2625 1976 2689 2030 et
2730 1986 2839 2031 cor
2879 1975 3082 2029 tuum.

2566 2067 2907 2147 Hucusque
2940 2064 3136 2126 abbas
3168 2063 3535 2128 Gbaeremon
3566 2064 3645 2126 de
3675 2061 3989 2124 castitatis

2486 2163 2877 2245 perfectione
2916 2163 3237 2236 disseruit,
3268 2161 3839 2242 admirabilemque
3878 2160 3991 2221 do-

2486 2262 2755 2323 ctrinam
2800 2260 3333 2342 spiritualissimae
3374 2259 3669 2342 puritatis
3708 2257 3814 2320 tali
3854 2277 3990 2320 ser-

2487 2379 2674 2422 mone
2722 2359 3057 2433 conclusit,
3101 2359 3373 2421 suadens
3415 2357 3603 2420 nobis
3642 2356 3848 2419 anxiis
3894 2361 3991 2417 at-

2485 2477 2611 2539 que
2674 2456 3080 2539 stupentibus
3146 2463 3245 2530 ut,
3306 2455 3456 2538 quia
3512 2455 3645 2535 jam
3710 2454 3991 2516 fluxerat

2486 2555 2691 2636 maj0r
2738 2572 2883 2637 pars
2934 2553 3160 2628 noctis,
3203 2571 3328 2616 non
3370 2552 3807 2616 fraudaremus
3847 2569 3991 2614 cor-

2488 2673 2607 2735 pus
2664 2659 2953 2715 nostrum
3018 2651 3291 2714 naturali
3351 2668 3599 2732 sopore,
3662 2669 3741 2712 ne
3800 2668 3990 2712 mens

2488 2751 2771 2834 corporis
2838 2751 2936 2813 sui
3004 2758 3257 2832 torpore
3323 2757 3599 2830 gravata,
3664 2747 3992 2811 amitteret

2487 2857 2719 2912 sanctae
2762 2848 3133 2911 intentionis
3175 2847 3480 2928 vigorem.

4020 1957 4087 1995 2¹.
