4359 6267
894 497 1016 564 352

1551 515 1966 563 COLLATIONUM
2011 516 2094 560 SS.
2129 515 2372 560 PATRUM
2412 515 2587 560 LIBER
2630 515 2693 560 11.
2738 532 2820 543 —·
2860 514 3145 561 GOLLATIO
3185 514 3337 559 xvm

895 688 1048 750 dum
1118 685 1445 768 sigillatim
1514 686 1773 748 cellulas
1838 685 2144 746 Fratrum.
2213 683 2387 757 Quod
2421 685 2472 746 A
2502 683 2761 757 lsid0r0‚
2816 691 2886 745 ut
2932 703 3262 767 nunquam
3310 684 3651 766 quisquam
3698 683 4009 746 obsessus

896 805 1098 868 quum
1136 786 1413 848 Isidorus
1457 784 1815 848 senioribus
1855 783 2260 864 injunxisset,
2294 781 2388 845 illi

898 884 1162 947 cellulas
1206 885 1495 947 omnium
1541 883 1959 954 revolventeS,
2006 883 2391 944 invenerunt

895 982 1134 1045 librum
1185 983 1248 1044 in
1301 983 1460 1044 cella
1514 981 1851 1063 Paphnutii
1910 981 2076 1043 inter
2125 981 2387 1062 plectaS,

898 1081 1009 1143 ubi
1043 1081 1372 1144 insidiator
1400 1100 1547 1143 eum
1578 1080 2012 1143 absconderat.
2047 1081 2265 1160 ltaque
2296 1097 2391 1140 re-

896 1181 1162 1244 deuntes
1203 1181 1486 1243 codicem
1528 1197 1738 1242 coram
1778 1179 2078 1241 omnibus
2111 1177 2394 1240 ostende-

897 1287 1058 1340 runt.
1074 1278 1464 1361 Paphnutius
1492 1285 1703 1340 autem
1735 1277 2028 1360 quamvis
2053 1277 2130 1338 de
2162 1275 2393 1357 purita-

895 1385 956 1439 te
988 1377 1392 1440 conscientiae
1433 1396 1562 1440 suae
1599 1383 1762 1438 esset
1795 1394 2073 1448 securuS,
2096 1373 2389 1455 exposuit

894 1485 1108 1538 tamen
1151 1495 1218 1538 se
1262 1483 1467 1538 totum
1510 1477 1587 1538 ad
1632 1475 2173 1549 satisfaciendum,
2207 1472 2389 1554 quasi

894 1576 1050 1638 furti
1089 1575 1420 1638 exsisteret
1450 1595 1618 1647 reus,
1651 1583 1714 1637 et
1744 1574 1956 1637 locum
1997 1572 2390 1655 poenitentiae

895 1675 1273 1756 suppliciter
1321 1674 1667 1756 postulavit
1712 1693 1725 1737 ε
1775 1673 1838 1734 in
1892 1673 2008 1735 hoc
2060 1673 2200 1754 ipso
2247 1689 2391 1753 pro-

895 1774 1118 1836 videns
1147 1773 1546 1836 verecundiae
1576 1791 1650 1835 ac
1682 1772 2004 1834 modestiae
2037 1791 2190 1845 suae,
2224 1789 2304 1832 ne
2336 1770 2389 1831 si

2503 783 2846 864 perductus
2885 783 2967 845 sit
2996 782 3074 844 ad
3104 783 3330 845 limina
3358 783 3498 864 ejus
3528 783 3683 865 quin
3714 783 4007 846 velocius

2502 889 2864 961 sanaretur3
2906 889 3266 944 reservante
3309 881 3557 945 Christo
3603 883 3771 944 hanc
3814 880 4009 963 glori-

2502 999 2602 1042 am
2666 980 3051 1044 adolescenti
3109 981 3480 1062 Paphnutio,
3539 989 3610 1043 ut
3666 981 4009 1044 insidiator

2502 1079 2643 1159 ejus
2688 1097 2815 1142 non
2860 1088 3237 1161 purgaretur
3278 1080 3401 1143 nisi
3442 1081 3725 1143 oratioue
3772 1080 4003 1163 ipsiuS,

2502 1185 2565 1239 et
2595 1177 2781 1259 cujus
2812 1178 2983 1240 laudi
3018 1178 3272 1240 invidus
3313 1179 3612 1240 inimicus
3645 1179 4007 1241 crediderat

2504 1295 2570 1339 se
2603 1294 2787 1358 posse
2816 1276 3057 1358 aliquid
3089 1277 3367 1353 demere,
3398 1278 3541 1359 ejus
3579 1295 3817 1340 nomen
3858 1296 4005 1359 pro·

2504 1374 2805 1450 clamanS,
2855 1375 3173 1457 acciperet
3221 1375 3473 1438 veniam
3524 1375 3624 1438 sui
3672 1375 3894 1438 delicti
3944 1385 4006 1438 et

2502 1473 2702 1535 finem
2735 1473 3064 1555 praesentis
3105 1473 3429 1556 supplicii.
3464 1476 3680 1556 ltaque
3708 1474 4008 1556 Paphnu-

2502 1573 2628 1633 tius
2662 1572 2725 1632 in
2756 1571 3180 1634 adolescentia
3209 1591 3325 1634 sua
3353 1580 3847 1655 praemonstrans
3876 1581 4009 1635 tan·

2502 1678 2565 1732 ta
2605 1671 2842 1733 indicia
2880 1671 3213 1753 probitatis
3254 1671 3505 1745 futurae,
3540 1672 3902 1753 designavit
3940 1673 4004 1734 in

2504 1769 2861 1851 puerilibus
2898 1771 3083 1831 annis
3124 1769 3322 1832 lineas
3363 1771 3669 1853 quasdam
3715 1770 4009 1852 perfecti·

896 1880 1230 1934 conaretur
1259 1891 1325 1933 se
1355 1889 1658 1933 excusare
1687 1871 1764 1932 de
1794 1870 1986 1944 furto,
2020 1876 2390 1949 argueretur
2426 1866 2474 1929 B
2504 1868 2643 1930 onis
2688 1867 2862 1930 illius
2906 1888 3047 1949 quae
3091 1877 3225 1930 erat
3267 1869 3333 1931 in
3376 1887 3452 1930 eo
3492 1870 3783 1950 augenda
3822 1876 4007 1932 aetate

895 1971 1234 2044 mendacii,
1268 1970 1524 2032 nemine
1567 1969 1742 2031 aliud
1790 1969 2154 2050 suspicante
2196 1986 2387 2048 quam

895 2069 1067 2150 quod
1109 2075 1243 2130 erat
1286 2068 1636 2130 inventum.

977 2168 1312 2248 Quumque
1360 2167 1438 2228 de
1487 2166 1758 2229 ecclesia
1808 2165 2097 2248 protinus
2145 2165 2393 2227 absces-

895 2266 1104 2340 sisset,
1151 2283 1276 2328 non
1320 2273 1449 2327 tam
1501 2273 1712 2328 mente
1760 2264 2045 2344 dejectus
2087 2283 2281 2347 quam
2326 2263 2391 2325 in

899 2366 1028 2428 Deo
1083 2364 1434 2439 confidens,
1488 2365 1698 2446 ipsum
1758 2383 1906 2426 cum
1963 2363 2243 2426 lacrimis
2299 2363 2391 2422 in-

897 2463 1169 2538 vocavit,
1215 2469 1279 2525 et
1319 2462 1650 2544 triplicans
1698 2461 1822 2524 sibi
1861 2461 2207 2543 jejunium,
2254 2478 2394 2542 pro-

897 2562 1122 2624 stravit
1152 2581 1219 2624 se
1259 2580 1510 2623 summa
1549 2561 1908 2622 humilitate
1946 2560 2139 2622 etiam
2179 2577 2392 2622 coram

897 2660 1286 2724 hominibus.
1334 2660 1454 2723 Sed
1503 2679 1705 2742 quum
1755 2660 1843 2721 ita
1888 2678 1955 2721 se
2005 2658 2393 2720 subdidisset

897 2779 1046 2822 cum
1100 2759 1340 2840 ingenti
1391 2758 1769 2821 contritione
1823 2758 2032 2820 carnis
2083 2776 2158 2820 ac
2208 2757 2392 2840 spiri-

896 2869 1022 2930 tuS,
1066 2866 1136 2920 ut
1177 2858 1279 2920 die
1327 2857 1572 2920 sabbati
1623 2865 1732 2919 aut
1779 2857 2100 2920 dominica
2146 2857 2394 2919 veniret

895 2958 973 3020 ad
1013 2957 1347 3019 ecclesiam
1389 2976 1595 3030 mane,
1631 2974 1758 3018 non
1797 2957 1874 3018 ad
1915 2956 2390 3037 suscipiendam

2504 1973 2767 2028 matura.
2811 1966 2983 2029 Talia
3030 1984 3180 2047 ergo
3226 1967 3642 2030 fundamenta
3688 1968 4005 2030 virtutum

2502 2065 2581 2128 ab
2628 2065 2886 2128 exordio
2934 2065 3320 2128 collocemus
3366 2067 3431 2129 in
3476 2066 3684 2141 nobiS,
3726 2067 3781 2128 si
3824 2069 4009 2150 cupi-

2506 2183 2646 2226 mus
2677 2164 3012 2245 pervenire
3042 2165 3119 2226 ad
3152 2165 3408 2228 culmen
3438 2164 3850 2247 perfectionis
3880 2167 4008 2228 vir—

2502 2268 2712 2325 tutum
2758 2263 2979 2344 ipsius,

2884 2518 3390 2583 CAPITULUM
3434 2521 3615 2584 XVI.

2804 2658 2889 2714 De
2929 2657 3306 2730 perfectione
3344 2661 3691 2732 patientiae.

2644 2855 2892 2919 UPLEX
2933 2875 3122 2919 causa
3166 2876 3267 2920 me
3309 2859 3635 2940 instigavit
3671 2861 3747 2923 ad
3791 2881 4006 2925 narra-

2663 2955 2901 3017 tionem
2950 2955 3101 3018 facti
3151 2957 3354 3019 istius.
3402 2958 3633 3032 Prim0,
3680 2968 3751 3022 ut
3797 2963 4010 3024 consi-

895 3075 1139 3120 sacram
1171 3055 1711 3130 communionem,
1745 3055 1854 3117 sed
1885 3055 1963 3117 ad
1993 3054 2247 3116 veniam
2279 3055 2391 3116 hu·
2430 3061 2473 3124 C
2503 3054 2794 3116 derantes
2825 3054 3332 3118 immobilitatem
3364 3065 3553 3139 atque
3584 3062 4009 3124 constantiam

895 3154 1135 3217 militer
1165 3154 1629 3236 postulandam,
1658 3163 1846 3236 atque
1879 3153 1958 3216 ad
1993 3160 2391 3235 prosternen-

897 3255 1050 3316 dum
1092 3272 1158 3316 se
1199 3253 1264 3315 in
1306 3252 1526 3315 limine
1560 3253 1866 3328 ecclesiae,
1902 3254 2066 3315 Deus
2101 3253 2391 3314 omnium

897 3352 1295 3415 occultorum
1359 3351 1645 3432 cognitor
1702 3371 2100 3434 nequaquam
2168 3371 2392 3433 passus

897 3459 994 3512 est
1035 3469 1184 3512 eum
1227 3469 1264 3512 a
1305 3469 1373 3512 se
1419 3450 1558 3531 ipso
1605 3450 1846 3512 diutius
1897 3451 1984 3512 ita
2030 3450 2234 3531 affligi
2286 3469 2392 3511 ne-

898 3567 1023 3630 que
1065 3547 1145 3609 ab
1188 3547 1330 3608 aliis
1372 3546 1713 3609 diffamari.
1759 3548 2000 3629 Nempe
2043 3548 2214 3628 quod
2260 3567 2391 3610 sce-

901 3646 1048 3708 leris
1082 3645 1254 3708 illius
1287 3646 1598 3720 inventor,
1632 3645 1737 3708 fur
1768 3646 2098 3728 improbus
2130 3647 2222 3708 rei
2256 3666 2393 3728 pro-

899 3745 1074 3827 priae,
1107 3744 1457 3826 alienaeque
1488 3744 1692 3807 laudis
1729 3744 1995 3806 callidus
2030 3745 2389 3821 infamator,

897 3843 1304 3905 commiserat
1345 3843 1522 3905 nullo
1564 3842 1899 3905 hominum
1948 3853 2390 3924 cognoscente,

896 3941 1250 4022 publicavit
1280 3941 1577 4022 loquente
1609 3960 1722 4022 per
1748 3941 1959 4022 ipsum
1993 3942 2260 4015 diabolo,
2282 3944 2390 4025 qui

897 4039 1187 4102 criminis
1230 4040 1403 4102 illius
1445 4039 1650 4101 fuerat
1695 4039 2042 4121 instigator.
2087 4041 2392 4123 Arreptus

896 4159 1173 4222 namque
1228 4159 1265 4201 a
1322 4139 1608 4202 daemone
1667 4139 2031 4214 durissimo,
2095 4141 2395 4222 patefecit

2504 3154 2689 3215 istam
2728 3153 3090 3234 Paphnutii,
3124 3174 3452 3218 sumamus
3490 3156 3794 3221 affectum
3833 3168 4008 3222 tran-

2505 3252 2841 3335 quillitatis
2908 3261 2973 3315 et
3039 3253 3361 3335 patientiae
3426 3263 3599 3319 tanto
3666 3259 4003 3339 maiorem,

2505 3360 2741 3434 quanto
2808 3352 3163 3414 minoribus
3230 3353 3483 3416 insidiis
3550 3355 4010 3439 impugnamur

2505 3470 2695 3532 quam
2752 3450 2896 3528 ille3
2947 3451 3177 3514 deinde
3232 3460 3301 3514 ut
3350 3453 3625 3517 firmiter
3672 3464 4007 3521 teneamus

2503 3567 2618 3613 nos
2675 3567 2802 3611 non
2862 3567 3047 3631 posse
3093 3557 3263 3614 tutos
3310 3571 3449 3615 esse
3498 3572 3536 3614 a
3580 3557 4007 3620 tentationum

2504 3648 2801 3730 procellis
2860 3648 3577 3735 impugnationibusque
3635 3652 3900 3725 diaboli,
3952 3657 4007 3718 si

2505 3748 2965 3810 constituamus
3015 3765 3203 3811 omne
3262 3749 3621 3814 subsidium
3682 3753 4006 3835 patientiae

2503 3855 2734 3909 nostrae
2781 3854 2843 3908 et
2891 3863 3146 3909 omnem
3194 3846 3501 3910 fiduciam
3550 3850 3711 3932 ejuS‚
3758 3869 3887 3914 non
3940 3853 4009 3917 in

2502 3944 2748 4006 viribus
2796 3944 3073 4006 hominis
3124 3945 3319 4008 nostri
3380 3947 3721 4022 interioris,
3774 3952 3887 4013 sed
3940 3952 4007 4014 in

2505 4043 2678 4106 cellae
2709 4043 3065 4106 reclusione
3095 4053 3205 4106 aut
3234 4044 3597 4109 solitudinis
3626 4050 4005 4126 remotione,

2503 4141 2604 4204 vel
2647 4142 2709 4203 in
2744 4142 3117 4204 Sanctorum
3160 4144 3497 4219 consortio,
3532 4165 3645 4209 seu
3684 4147 3747 4208 in
3793 4150 4009 4229 praesi-

897 4246 1157 4300 cunctas
1204 4238 1466 4301 insidias
1509 4237 1805 4301 factionis
1848 4239 2134 4314 occultae,
2173 4241 2393 4322 sicque
2424 4245 2475 4308 D
2504 4241 2610 4302 dio
2652 4240 2924 4320 alicujus
2968 4241 3059 4303 rei
3100 4249 3275 4303 extra
3318 4259 3431 4305 nos
3475 4244 3858 4308 exsistentis.
3906 4248 4008 4308 Et-

900 4338 1069 4399 idem
1117 4337 1242 4399 fuit
1288 4336 1573 4418 proditor
1620 4345 1682 4399 et
1724 4346 2055 4418 suggestor
2100 4339 2395 4402 crimina-

897 4436 1144 4498 tionum
1187 4435 1461 4497 illarum.

980 4534 1264 4615 Denique
1301 4533 1545 4595 tamdiu
1583 4553 1656 4596 ac
1693 4535 1968 4616 graviter
1997 4543 2259 4598 vexatus
2298 4547 2393 4599 est

901 4631 1114 4693 Frater
1162 4629 1269 4691 ille
1319 4629 1577 4711 iniquus
1626 4650 1664 4692 a
1711 4632 1939 4713 spiritu
1991 4634 2179 4707 malo,
2222 4635 2391 4716 quod

897 4727 1230 4791 emundari
1288 4746 1414 4791 non
1475 4730 1752 4810 pot-uerit
1799 4731 2193 4794 orationibus
2245 4734 2392 4796 San-

896 4835 1143 4890 ctorum
1189 4826 1281 4888 ibi
1328 4828 1757 4908 prementium,
1792 4830 1902 4910 qui
1947 4831 2191 4893 meritis
2235 4833 2391 4894 divi-

893 4943 1123 4988 norum
1180 4925 1634 4988 charismatum
1701 4927 2098 5009 imperabant
2154 4931 2389 4993 daemo-

893 5025 1018 5086 niis
1053 5043 1066 5088 :
1102 5023 1233 5086 imo
1273 5042 1394 5086 nec
1437 5023 1776 5105 singularis
1820 5025 2021 5088 virtus
2072 5047 2144 5089 ac
2191 5029 2393 5109 gratia

891 5121 1112 5184 Isidori
1159 5121 1514 5204 presbyteri
1559 5122 1898 5184 extruserit
1939 5143 1976 5184 a
2019 5123 2230 5188 Fratre
2281 5126 2391 5189 illo

893 5219 1407 5282 crudelissimum
1438 5229 1799 5284 vexatorem
1830 5221 2391 5306 diabolum,quum

893 5324 1106 5381 tamen
1157 5326 1328 5382 tanta
1374 5319 1603 5382 fuisset
1652 5320 1852 5382 virtus
1900 5339 1936 5384 a
1983 5321 2110 5384 Deo
2160 5323 2389 5388 collata

2504 4339 2677 4401 enim
2716 4339 2841 4400 nisi
2877 4339 2984 4401 ille
3014 4338 3370 4401 firmaverit
3404 4349 3683 4404 mentem
3718 4352 4004 4407 nostram

2504 4436 2739 4499 virtute
2788 4456 2918 4500 suae
2969 4437 3400 4518 protectioniS‚
3443 4440 3556 4520 qui
3605 4441 3671 4503 in
3718 4441 4005 4525 Evange-

2507 4534 2593 4596 lio
2628 4535 2737 4607 ait,
2770 4535 3053 4616 Regnum
3091 4536 3199 4598 Dei
3244 4536 3409 4598 intra
3446 4556 3559 4601 vos
3598 4547 3726 4619 est3
3762 4540 4007 4605 frustra
4076 4569 4267 4611 Lam-2.

2506 4634 2824 4696 credimus
2860 4651 2973 4696 nos
3008 4652 3193 4716 posse
3223 4636 3560 4699 excludere
3593 4638 3854 4702 insidias
3892 4641 4008 4704 ho·
4036 4634 4103 4674 ²¹·

2504 4733 2617 4794 stis
2653 4732 2807 4794 aerii
2849 4733 3203 4796 munitione
3235 4740 3572 4811 tectorum,
3605 4745 3712 4799 aut
3741 4738 4007 4802 vincere

2500 4851 2605 4893 eas
2638 4849 2820 4913 posse
2850 4831 3088 4893 auxilio
3118 4832 3614 4896 cohabitantium
3646 4835 4005 4904 hominum,

2502 4939 2611 4993 aut
2642 4929 2959 4992 declinare
2991 4929 3298 4993 localibus
3330 4931 3793 5013 spatiis.Quum
3822 4955 4009 4999 nam-

2501 5048 2627 5110 que
2671 5029 2805 5092 haec
2848 5027 3064 5090 omnia
3106 5047 3233 5091 non
3277 5029 3569 5093 deessent
3612 5032 3671 5094 S.
3714 5033 4011 5116 Paphnu-

2502 5127 2611 5201 tio‚
2664 5144 2789 5189 non
2843 5126 2985 5189 ideo
3033 5145 3157 5190 non
3209 5128 3416 5209 potuit
3462 5135 3736 5192 tentator
3780 5139 4011 5195 contra

2500 5245 2648 5288 eum
2698 5225 2987 5288 invenire
3036 5225 3402 5288 tentationis
3458 5244 3829 5307 accessum;
3882 5250 4008 5293 nec

2500 5324 2799 5407 spiritum
2859 5324 3043 5387 illum
3102 5324 3569 5407 nequissimum
3624 5327 4005 5409 repulerunt
