4359 6267
1301 492 1382 539 nn
1424 492 1754 539 msa-nuris
1797 492 1882 537 ss.
1917 492 2178 537 runnu.
2225 507 2305 521 —
2348 491 2521 537 mmm
2562 493 2625 538 1v
3428 474 3510 539 39

413 680 530 723 sua
577 661 874 741 latuerit3
925 663 1036 725 sed
1089 663 1201 725 ubi
1258 662 1466 744 primo
1523 661 1716 723 fuerit
1772 668 1908 723 orta
1937 661 1989 722 A
2018 660 2441 735 descendisse,
2474 669 2535 723 et
2566 679 2634 723 se
2664 660 2741 723 de
2774 667 2983 723 cetero
3020 660 3503 723 sustentandum

411 761 755 823 commotio
802 780 880 823 ex
929 779 1332 843 quacumque
1381 760 1732 833 occasione,
1785 767 1907 821 sta-

411 856 526 918 tim
574 858 654 920 de
703 858 1088 921 monasterio
1133 858 1333 939 fugiet
1373 857 1690 919 animatus
1739 856 1904 917 fidu-

410 955 510 1016 cia
551 975 684 1019 suae
728 957 1038 1037 pecuniae,
1082 956 1258 1017 velut
1309 955 1506 1017 funda
1557 953 1898 1035 projectus.

810 1245 1316 1310 CAPITULUM
1379 1248 1496 1310 IV.

479 1427 682 1495 Quare
708 1428 874 1483 nihil
897 1444 1090 1485 secum
1117 1430 1350 1503 inferre
1369 1432 1830 1502 permittantur,

624 1518 736 1590 qui
765 1518 833 1573 in
860 1520 1223 1575 monasterio
1251 1521 1692 1591 suscipiuntur.

549 1736 792 1800 CIRCO
837 1757 956 1800 nec
996 1739 1300 1821 pecunias
1340 1759 1480 1822 quae
1520 1740 1904 1802 monasterio

507 1842 777 1915 possunt
804 1854 943 1898 esse
975 1837 1300 1918 proficuae,
1325 1838 1547 1900 volunt
1575 1837 1655 1899 ab
1686 1855 1761 1899 eo
1791 1838 1901 1919 qui
1940 1830 1986 1892 B
2019 1852 2261 1895 merare
2306 1842 2369 1895 et
2411 1851 2683 1916 quorum
2722 1852 2789 1895 se
2834 1833 3095 1896 fratrem
3136 1852 3504 1915 nuncupare

409 1932 652 2013 suscipi
678 1935 856 2015 petit,
875 1935 1198 2016 accipere:
1226 1954 1304 1997 ne
1329 1954 1406 1997 ex
1430 1955 1545 1996 sua
1569 1935 1903 1997 collatione

409 2029 695 2103 inflatus,
730 2031 1108 2113 dedignetur
1145 2051 1212 2095 se
1255 2032 1574 2095 Fratribus
1615 2032 1906 2115 pauperi-

407 2126 628 2189 oribus
676 2147 1026 2211 coaequare,
1077 2138 1264 2212 atque
1315 2149 1430 2215 per
1477 2132 1639 2193 hanc
1689 2131 1904 2193 elatio-

408 2244 558 2287 nem
600 2225 680 2287 ab
723 2228 1075 2291 imitatione
1105 2228 1484 2291 humilitatis
1526 2229 1758 2291 Christi
1789 2229 1904 2290 im-

407 2326 734 2405 pediatur3
759 2346 1086 2409 quumque
1111 2327 1231 2389 sub
1258 2328 1599 2409 disciplina
1629 2327 1902 2391 coenobii

407 2423 770 2504 nequiverit
815 2425 1179 2505 perdurare,
1225 2444 1518 2506 egressus
1563 2444 1642 2487 ex
1687 2426 1798 2488 illo
1841 2432 1906 2487 et

411 2520 761 2602 tepefactus
802 2523 1101 2584 moliatur
1139 2523 1448 2604 sacrilego
1487 2523 1740 2605 spiritu,
1775 2541 1904 2585 non

409 2619 548 2679 sine
581 2620 945 2683 monasterii
977 2621 1231 2695 damno,
1266 2621 1516 2703 exigere
1556 2630 1619 2683 et
1660 2622 1903 2703 recipe-

409 2736 480 2778 re
522 2735 596 2778 ea
643 2738 786 2799 quae
835 2719 900 2779 in
951 2720 1269 2801 principio
1316 2740 1447 2783 suae
1495 2719 1905 2781 renuntiatio-

409 2814 512 2876 nis
543 2815 858 2896 spirituali
891 2817 1138 2879 fervore
1177 2836 1522 2880 succensus
1553 2817 1906 2879 contulerat

407 2912 706 2974 claustro.
759 2913 934 2986 Quod
985 2915 1240 2995 penitus
1297 2934 1435 2977 esse
1494 2915 1901 2989 servandum,

2017 756 2247 838 opibus
2296 775 2421 820 non
2472 776 2586 819 sua
2644 757 2905 839 speciali
2963 766 3097 819 arte
3152 758 3504 840 acquisitiS,

2017 874 2134 917 nec
2189 855 2266 917 de
2321 856 2590 937 pristina
2642 874 2756 918 sua
2808 856 3106 918 facultate
3160 856 3508 918 infideliter

2017 953 2374 1025 reservatis,
2426 953 2535 1015 sed
2586 953 2664 1015 de
2714 954 2949 1015 sanctis
2997 972 3071 1015 ac
3122 953 3245 1034 piis
3296 970 3511 1015 mona-

2016 1051 2192 1112 sterii
2241 1051 2423 1114 donis
2474 1059 2923 1132 percepturum
2975 1069 3042 1113 se
3089 1069 3227 1112 esse
3275 1052 3511 1133 stipen-

2014 1149 2120 1211 dia
2165 1169 2297 1212 suae
2347 1148 2590 1213 militiae
2638 1168 2750 1211 seu
2800 1149 3157 1212 necessaria
3203 1149 3399 1228 vitae3
3445 1158 3509 1211 et

2015 1246 2161 1309 inde
2206 1265 2273 1308 se
2316 1247 2617 1329 deinceps
2662 1247 3062 1309 vestiendum
3103 1254 3167 1308 et
3204 1246 3506 1309 alendum

2013 1362 2423 1425 cognoscem,
2456 1363 2575 1407 nec
2619 1345 2950 1426 proprium
2988 1344 3230 1427 aliquid
3273 1344 3506 1407 habere

2013 1460 2080 1505 se
2124 1442 2354 1517 scienS,
2387 1443 2587 1505 discat
2628 1443 2829 1506 nihilo
2869 1443 3081 1505 minus
3117 1443 3297 1523 juxta
3336 1444 3509 1507 Chri-

2013 1540 2094 1603 sti
2133 1541 2510 1615 doctrinam,
2544 1542 2621 1603 de
2665 1542 2940 1603 crastino
2987 1559 3112 1603 non
3162 1560 3300 1603 esse
3341 1542 3508 1604 solli·
3552 1556 3799 1609 matthan,

2013 1640 2202 1714 cituS,
2249 1658 2367 1701 nec
2414 1638 2747 1701 erubescat
2794 1640 3045 1721 corpori
3094 1639 3505 1703 fraternitatis
3536 1624 3602 1663 δ’·

2014 1756 2127 1798 seu
2157 1735 2482 1799 Fratribus
2522 1737 2856 1819 coaequari,
2890 1735 3125 1818 quibus
3166 1755 3233 1799 se
3273 1756 3507 1800 connu-
3564 1752 3799 1805 mam.

3535 1816 3615 1927 {33
3634 1828 3799 1921 22:312:

2017 1950 2142 1994 non
2173 1930 2429 1993 erubuit
2461 1931 2767 2005 ChristuS,
2804 1931 2932 1993 imo
2964 1932 3173 2013 potius
3204 1932 3507 2012 glorietur
3536 1951 3607 1990 ¹¹,
3630 1941 3695 1983 ¹⁷·

2014 2048 2081 2092 se
2120 2030 2363 2092 factum
2402 2048 2540 2092 esse
2580 2037 2937 2092 consortem
2976 2030 3341 2092 domesticis
3382 2030 3509 2091 Sal-

2013 2129 2273 2202 vatoriS,
2322 2136 2540 2209 utpote
2583 2126 2925 2190 Fratribus.

2416 2418 2927 2482 CAPITULUM
2992 2420 3106 2482 VI.

2017 2599 2140 2653 Cur
2166 2598 2520 2653 vestimenta
2547 2614 2677 2653 cum
2705 2598 2927 2669 quibus
2964 2599 3385 2655 renuntiantes
3418 2600 3511 2655 in-

2085 2688 2283 2757 9ressi
2318 2692 2459 2741 sunt
2486 2686 2838 2751 claustrum,
2870 2703 2909 2742 a
2936 2688 3354 2759 dispensatore
3390 2704 3512 2743 ser-

2085 2782 2321 2832 ventur.

407 3028 526 3091 per
565 3010 766 3073 multa
807 3020 955 3073 sunt
997 3012 1434 3093 experimenta
1476 3013 1702 3075 edocti.
1747 3013 1904 3075 Nam
1943 3010 1986 3072 C
2143 3005 2344 3069 ORRO
2387 3006 2765 3068 vestimenta
2805 3026 2945 3088 quae
2988 3006 3302 3088 deposuit,
3346 3026 3508 3072 oeco-

407 3108 476 3168 in
515 3108 658 3169 aliis
704 3109 1104 3171 monasteriis
1148 3110 1361 3172 minus
1402 3110 1604 3173 cautis
1643 3110 1904 3193 quidam

405 3206 790 3287 simpliciter
855 3207 1157 3288 suscepti,
1221 3215 1623 3271 tentaverunt
1690 3218 1908 3291 postea

405 3324 556 3365 cum
600 3305 839 3385 ingenti
886 3304 1285 3387 blasphemia
1328 3306 1618 3369 obtinere
1657 3308 1908 3370 restitu-

405 3403 650 3464 tionem
698 3420 923 3465 eorum
972 3422 1114 3485 quae
1162 3404 1466 3467 dederant
1506 3413 1570 3467 et
1609 3406 1675 3467 in
1715 3424 1906 3487 opere

408 3500 524 3562 Dei
565 3508 748 3561 erant
790 3518 1088 3581 expensa.

831 3790 1336 3855 CAPITULUM
1405 3792 1486 3855 V.

404 3974 581 4044 Quod
614 3974 682 4029 122·
718 3973 829 4047 qui
857 3974 1238 4038 renuntiant,
1271 3974 1339 4028 in
1366 3974 1753 4029 monasteriis
1782 3990 1908 4030 sus-

477 4065 660 4135 cepti,
683 4063 951 4133 propria
989 4062 1342 4117 vestimenta
1376 4062 1703 4134 deponant,
1741 4069 1798 4119 et
1832 4064 1908 4119 ab

479 4153 698 4209 abbate
734 4152 886 4207 aliis
925 4150 1285 4207 induantur.

597 4384 707 4445 Nc
751 4383 862 4465 qui
909 4383 1236 4465 recipitur,
1283 4384 1376 4445 sic
1419 4383 1591 4447 omni
1641 4384 1909 4465 pristina

581 4500 698 4543 sua
735 4480 1036 4543 facultate
1076 4482 1374 4556 nudatur,
1408 4490 1478 4543 ut
1518 4500 1636 4543 nec
1666 4490 1908 4543 vestem

409 4599 542 4663 qua
575 4585 722 4641 ante
763 4578 1168 4652 induebatur,
1204 4578 1436 4641 habere
1468 4580 1736 4641 ulterius
1769 4599 1909 4661 per-

413 4679 734 4755 mittatur3
763 4676 875 4737 sed
905 4694 1116 4739 coram
1148 4676 1471 4739 Fratribus
1501 4677 1812 4739 adductus
1845 4678 1908 4741 in

415 4776 724 4849 medium,
776 4782 1046 4835 exuatur
1093 4774 1368 4855 propriis
1417 4783 1476 4835 et
1529 4794 1642 4855 per
1687 4794 1911 4837 manus

413 4874 666 4937 abbatis
705 4872 1008 4933 induatur
1050 4872 1414 4934 monasticis
1453 4873 1851 4934 vestimentis
1895 4894 1908 4937 ε

415 4980 487 5033 ut
529 4990 642 5053 per
681 4972 802 5032 hoc
841 4969 1126 5031 advertat
1166 4989 1232 5031 se
1273 4988 1398 5032 non
1440 4971 1648 5032 solum
1688 4971 1915 5051 spolia-

413 5080 556 5132 tum
605 5066 905 5130 omnibus
955 5067 1087 5128 suis
1137 5067 1327 5129 rebus
1377 5068 1766 5148 praehabitis,
1809 5087 1912 5131 ve-

415 5186 562 5229 rum
605 5166 800 5228 etiam
848 5165 1024 5227 omni
1073 5165 1394 5227 mundana
1443 5184 1676 5247 pompa
1723 5167 1912 5247 depo-

412 5266 553 5340 sita,
576 5264 656 5327 ad
687 5263 917 5327 Christi
951 5269 1386 5345 paupertatem
1417 5271 1606 5345 atquc
1637 5263 1914 5345 inopiam

2160 3121 2373 3177 nome,
2430 3104 2490 3165 id
2540 3111 2637 3165 est
2684 3104 3126 3185 dispensatori,
3178 3106 3255 3167 ad
3304 3116 3510 3169 custo-

2016 3201 2322 3262 diendum
2369 3202 2731 3276 commissa,
2774 3202 3019 3264 tamdiu
3059 3212 3392 3266 servantur
3428 3205 3509 3267 ab

2016 3317 2113 3373 eo,
2147 3299 2349 3361 donec
2379 3298 2575 3361 abbas
2604 3307 2664 3361 et
2698 3300 2941 3363 Fratres
2970 3302 3300 3364 evidenter
3325 3322 3513 3384 agno-

2018 3406 2196 3459 scant
2228 3416 2341 3478 per
2373 3398 2749 3460 tentationes
2780 3407 2844 3459 et
2875 3398 3278 3480 probationes
3309 3402 3511 3464 diver-

2019 3514 2140 3569 saS,
2169 3494 2529 3576 profectum
2561 3497 3059 3559 conversationis
3100 3506 3163 3559 et
3206 3498 3507 3562 virtutem

2020 3594 2341 3674 patientiae
2379 3593 2519 3673 ejus
2560 3594 2669 3676 qui
2711 3596 3115 3657 renuntiavit.
3152 3596 3226 3658 Et
3266 3597 3320 3659 si
3358 3617 3507 3661 eum

2019 3691 2082 3751 in
2125 3691 2403 3753 claustro
2448 3708 2633 3773 posse
2676 3692 2925 3766 durare,
2958 3700 3147 3774 atque
3195 3695 3258 3756 in
3301 3705 3509 3778 coepto

2017 3787 2267 3851 fervore
2335 3808 2706 3870 permanere
2773 3796 3060 3871 tempore
3129 3794 3508 3873 procedente

2017 3886 2484 3968 conspexerint,
2537 3888 2917 3950 vestimenta
2966 3888 3075 3950 illa
3122 3890 3509 3972 pauperibus

2019 3984 2392 4065 largiuntur.
2447 3985 2510 4047 Si
2561 4003 2711 4048 vero
2766 3986 3047 4068 aliquam
3104 3990 3509 4051 murmurati-

2017 4100 2229 4156 onem,
2280 4089 2390 4145 aut
2438 4101 2698 4163 parvam
2755 4082 3199 4148 inobedientiae
3251 4086 3507 4168 culpam

1940 4180 1989 4243 D
2016 4180 2097 4242 ab
2139 4180 2279 4261 ipso
2318 4180 2701 4261 processisse
2740 4182 3173 4262 cognoverint,
3206 4192 3509 4247 exuentes

2019 4296 2167 4339 eum
2217 4278 2583 4339 monasterii
2633 4278 3031 4341 vestimentis
3078 4289 3141 4342 et
3190 4281 3511 4363 prioribus

2019 4375 2306 4439 vestibus
2346 4376 2719 4439 revestitum
2749 4378 3095 4459 expellunt.
3130 4380 3389 4443 Nullum
3420 4390 3511 4443 et-

2019 4474 2193 4537 enim
2241 4475 2334 4537 fas
2379 4483 2475 4537 est
2514 4494 2662 4537 cum
2706 4478 3075 4539 monasterii
3115 4479 3511 4542 vestimentis

2022 4574 2338 4648 recedere,
2390 4592 2507 4635 nec
2556 4574 2836 4656 aliquem
2893 4575 3018 4637 illis
3075 4577 3281 4639 adhuc
3333 4578 3510 4640 indui

2022 4674 2373 4756 patiuntur,
2420 4690 2613 4754 quem
2658 4673 2855 4735 semel
2894 4693 2931 4735 a
2974 4675 3190 4757 regula
3238 4694 3368 4740 suae
3420 4677 3512 4739 in-

2022 4773 2371 4835 stitutionis
2416 4772 2695 4834 viderint
2743 4774 3042 4855 tepuisse.
3096 4775 3269 4837 Unde
3318 4776 3511 4839 etiam

2022 4871 2217 4933 nullis
2266 4870 2637 4933 conceditur
2682 4869 2948 4934 facultas
3004 4873 3257 4953 penitus
3304 4874 3510 4937 disce-

2022 4969 2235 5043 dendi,
2287 4968 2408 5030 nisi
2470 4969 2667 5031 instar
2723 4969 2889 5031 servi
2945 4970 3198 5052 fugitivi
3252 4972 3317 5035 in
3366 4974 3516 5037 den—

2022 5068 2293 5131 sissimis
2343 5066 2547 5129 noctis
2597 5066 2875 5129 tenebris
2923 5067 3145 5150 fugiat,
3187 5078 3297 5131 aut
3344 5080 3513 5134 certe

2025 5167 2374 5229 monastico
2421 5165 2643 5228 ordine
2704 5174 2765 5227 et
2825 5166 3215 5246 professione
3268 5168 3513 5248 judica-

2021 5273 2124 5326 tus
2171 5264 2491 5345 indignuS,
2542 5263 2896 5344 expellatur
2942 5282 3090 5327 cum
3139 5265 3511 5331 confusione
