4359 6267
1681 516 1868 564 INDEX
1907 517 2243 567 annuimus

405 680 742 754 Capitulum
783 685 850 740 ll.
881 684 1177 758 Expositio
1215 684 1450 751 acediae,
1489 688 1548 743 et
1583 686 1769 759 quali-

481 774 570 828 ter
595 776 788 845 serpat
815 773 876 829 in
908 775 1079 832 corde
1109 774 1406 841 monachi,
1424 778 1482 832 et
1499 790 1630 847 quoe
1658 776 1770 832 dis-

481 861 694 933 pendia
721 861 938 921 inferat
967 862 1018 920 ei

402 948 736 1023 Capitulum
789 953 883 1007 111.
915 952 1138 1020 Quibus
1187 953 1377 1010 modis
1423 953 1624 1011 acedia
1671 972 1766 1011 su·

477 1044 638 1111 peret
665 1042 1024 1099 monachum
1085 1085 1762 1101 ........
1806 1046 1910 1102 100

403 1128 739 1201 Capitulum
765 1130 854 1185 IV.
877 1132 1042 1197 Quod
1071 1131 1275 1189 acedia
1303 1135 1560 1189 mentem
1591 1148 1772 1189 excae-

481 1220 585 1282 cet,
616 1221 676 1274 et
700 1218 987 1291 impediat
1013 1221 1086 1276 ab
1117 1220 1280 1277 omni
1321 1221 1768 1294 contemplatio-

479 1322 550 1363 ne
585 1308 870 1366 virtutum
897 1350 1759 1368 ..........
1806 1312 1909 1370 100

403 1395 738 1468 Capitulum
769 1398 833 1453 V.
866 1400 1032 1465 Quod
1062 1398 1276 1472 duplex
1306 1398 1383 1455 sit
1413 1400 1630 1459 acedioe
1658 1400 1766 1457 im-

477 1485 790 1558 pugnatio;
826 1491 884 1545 et
921 1488 1172 1560 qualiter
1209 1488 1546 1547 dilabantur
1582 1490 1623 1546 ii
1663 1491 1763 1563 qui

475 1576 550 1631 ab
571 1576 774 1633 acedia
803 1577 1085 1650 coeperint
1109 1578 1263 1635 vinci
1273 1622 1754 1637 ......
1800 1582 1904 1637 100

403 1664 738 1737 Capitulum
767 1667 857 1722 VI.
885 1667 1174 1725 Testimon
1185 1667 1239 1724 ia
1267 1669 1523 1742 Apostoli
1563 1673 1765 1727 contra

473 1754 807 1827 passionem
844 1756 1061 1814 acedia}
1093 1799 1757 1817 ........
1805 1760 1902 1817 101

402 1844 734 1917 Capitulum
761 1845 875 1900 VII.
909 1847 1074 1912 Quod
1105 1863 1336 1904 necesse
1371 1847 1445 1904 sit
1471 1864 1608 1906 eum
1639 1864 1762 1905 esse

475 1934 824 2007 inquietum,
859 1935 958 2007 qui
988 1953 1160 2009 opere
1199 1952 1486 1994 manuum
1518 1955 1760 1995 suarum

472 2040 590 2080 non
625 2024 746 2081 vult
774 2041 898 2083 esse
929 2028 1235 2083 contentus
1277 2071 1754 2084 ......
1800 2028 1903 2084 102

402 2114 730 2187 Capitulum
762 2115 905 2171 Vlll.
938 2116 1105 2182 Quod
1143 2131 1260 2172 non
1300 2116 1492 2173 solum
1521 2118 1760 2189 Aposto-

475 2203 586 2267 lus,
627 2204 730 2260 sed
775 2203 952 2261 etiam
1001 2204 1040 2259 ii
1089 2204 1189 2277 qui
1237 2222 1374 2264 cum
1425 2206 1527 2262 illo
1572 2210 1756 2273 erant,

474 2293 694 2366 operati
722 2293 839 2349 sint
869 2294 1142 2351 manibus
1171 2295 1292 2351 suis
1368 2339 1754 2353 .....
1799 2296 1903 2352 103

401 2382 730 2455 Capitulum
777 2384 864 2438 IX.
902 2384 1067 2448 Quod
1105 2384 1414 2455 Apostolus
1460 2384 1591 2440 ideo
1630 2400 1763 2457 ope-

469 2475 632 2531 ratus
659 2471 736 2527 sit
764 2471 1039 2528 manibus
1077 2472 1216 2537 suia,
1250 2476 1315 2529 ut
1344 2473 1627 2545 praeberet
1661 2489 1760 2529 no·

471 2561 558 2617 bis
586 2560 866 2633 operandi
894 2562 1232 2633 exemplum
1271 2604 1754 2618 ......
1799 2562 1902 2619 103

400 2650 732 2723 Capitulum
773 2650 834 2705 X.
869 2650 1034 2715 Quod
1073 2666 1190 2706 non
1230 2651 1422 2708 solum
1465 2651 1752 2723 exemplo,

471 2739 572 2797 sed
609 2739 788 2796 etiam
838 2738 1247 2811 praedicatione
1285 2756 1388 2797 seu
1426 2741 1600 2797 verbo
1639 2756 1758 2795 mo·

471 2828 664 2885 nuerit
701 2828 928 2901 operari
997 2872 1752 2885 .........
1797 2830 1900 2887 104

399 2916 728 2989 Capitulum
777 2917 864 2971 XI.
907 2917 984 2973 De
1031 2916 1138 2972 hoc
1187 2918 1342 2989 quod
1391 2917 1533 2973 dicit
1585 2936 1597 2973 ε
1648 2918 1757 2984 Qui

471 3023 585 3062 non
614 3005 740 3062 vult
765 3006 1009 3077 operari,
1042 3022 1160 3062 non
1197 3007 1512 3063 manducet
1552 3050 1564 3062 .
1645 3052 1656 3063 .
1740 3052 1751 3064 .
1799 3008 1901 3065 104

399 3095 730 3168 Capitulum
759 3096 874 3150 XII.
909 3091 984 3152 De
1013 3111 1082 3151 eo
1111 3097 1266 3167 quod
1296 3095 1438 3153 dicit
1469 3114 1482 3152 :
1515 3095 1752 3153 Audivi·
1861 3088 1868 3095 ⁶

473 3201 606 3241 mus
634 3186 918 3256 quosdam
949 3185 1320 3242 ambulantes
1355 3186 1610 3258 inquiete
1645 3229 1656 3241 .
1740 3229 1750 3239 .
1796 3186 1899 3242 104

399 3272 727 3345 Capitulum
771 3274 914 3329 XIII.
946 3275 1112 3339 Quod
1160 3274 1415 3347 operatio
1465 3291 1751 3332 manuum

467 3364 732 3433 amputet
758 3361 899 3418 vitia
928 3362 1114 3419 multa
1175 3404 1746 3421 .......
1793 3364 1896 3420 104

397 3450 726 3523 Capitulum
749 3452 886 3505 XIV.
913 3451 990 3507 De
1013 3450 1377 3509 humanitate
1407 3452 1584 3509 etiam
1615 3452 1755 3509 otio-

465 3539 546 3595 sis
573 3543 631 3596 et
660 3538 1088 3612 negligentibus
1119 3540 1653 3614 impendenda..

395 3629 725 3702 Capitulum
774 3629 884 3683 XV.
917 3630 1081 3694 Quod
1119 3646 1220 3685 eos
1257 3630 1358 3702 qui
1403 3586 1754 3704 delinquunt

465 3719 784 3776 debeamus
826 3717 1134 3789 corripere,
1176 3734 1293 3774 non
1343 3736 1414 3776 ex
1463 3720 1614 3787 odio,
1651 3722 1752 3778 sed

464 3806 775 3865 dilectione
801 3852 1746 3867 ...........
1792 3811 1896 3867 105

395 3898 723 3971 Capitulum
781 3899 918 3955 XVI.
975 3900 1052 3956 De
1109 3898 1349 3957 diversis
1401 3898 1752 3957 testimoniis

464 3986 676 4062 quibus
723 3987 1032 4061 Apostolus
1083 3988 1346 4061 praecipit
1401 3989 1647 4062 operari,
1693 3992 1753 4045 et

1736 3543 1897 3600 ,103

464 4077 677 4152 quibus
706 4076 828 4151 ipse
855 4078 1136 4150 probatur
1162 4094 1286 4135 esse
1327 4082 1598 4151 operatus
1638 4122 1650 4134 .
1731 4124 1742 4136 .
1789 4080 1894 4138 105

395 4165 725 4239 Capitulum
771 4166 939 4223 XVII.
985 4169 1149 4235 Quod
1197 4170 1430 4225 tantum
1481 4172 1751 4241 operatus

461 4255 536 4312 sit
580 4256 909 4329 Apostolus,
959 4258 1114 4329 quod
1172 4273 1289 4313 non
1347 4257 1638 4315 suffecerit
1692 4258 1744 4316 ei

462 4347 789 4412 dumtaxat,
827 4347 928 4404 sed
975 4346 1388 4404 exsistentibus
1432 4363 1664 4417 secum;
1695 4352 1752 4406 et

464 4436 758 4509 quomodo
797 4435 1248 4509 intelligendum
1278 4436 1354 4492 sit
1391 4435 1537 4493 illud
1568 4453 1583 4494 t
1614 4438 1750 4496 Bea-

459 4524 576 4583 tius
605 4526 694 4581 est
731 4523 921 4596 magis
959 4524 1096 4581 dare
1126 4540 1305 4597 quam
1343 4523 1602 4596 accipere
1617 4544 1634 4593 3
1665 4530 1749 4583 at-

466 4630 576 4688 que
606 4614 945 4685 exemplum
974 4615 1046 4671 de
1075 4630 1142 4671 eo
1172 4613 1272 4686 qui
1301 4613 1630 4671 laborantes
1657 4633 1752 4674 ex-

457 4703 638 4760 traxit
662 4704 733 4759 de
766 4702 1119 4759 monasterio
1173 4747 1184 4759 .
1266 4747 1277 4758 .
1358 4747 1370 4759 .
1452 4746 1462 4758 .
1545 4746 1556 4770 ,
1639 4748 1650 4759 .
1731 4750 1741 4761 .
1788 4706 1891 4765 106

391 4793 720 4867 Capitulum
761 4792 950 4848 XVIII.
991 4794 1070 4849 De
1109 4791 1352 4850 diversis
1395 4792 1748 4851 testimoniis

457 4881 790 4940 Salomonis
820 4884 1024 4938 eontra
1051 4880 1316 4938 acediam
1359 4924 1742 4939 .....
1787 4885 1891 4941 107

388 4973 719 5046 Capitulum
760 4972 896 5027 XIX.
939 4972 1104 5037 Quod
1141 4970 1370 5028 Fratres
1407 4972 1466 5028 in
1504 4974 1745 5046 AEgypto

456 5062 582 5120 suis
619 5060 895 5118 manibus
933 5062 1264 5132 operentur,
1297 5063 1363 5117 ut
1397 5077 1513 5118 non
1553 5061 1745 5118 solum

455 5151 818 5211 satisfaciant
836 5149 1274 5207 necessitatibus
1294 5150 1434 5216 suis,
1447 5152 1548 5208 sed
1568 5151 1744 5208 etiam

455 5239 833 5299 incarceratis
864 5236 1198 5297 ministrent
1257 5282 1735 5297 ......
1785 5241 1886 5298 107

386 5331 719 5407 Capitulum
766 5330 882 5385 XX.
913 5330 1078 5396 Quod
1125 5327 1227 5385 otii
1275 5345 1450 5389 causa
1491 5330 1638 5388 fiant
1679 5330 1740 5386 in

634 5446 700 5497 T.
737 5444 818 5495 27.

3392 502 3513 567 489

2091 688 2355 762 partibus
2402 689 2719 747 occidentis
2768 689 3044 763 pauciora
3088 689 3367 748 coenobia.
3410 689 3515 746 108

2019 778 2351 851 Capitulum
2381 780 2518 835 XXI.
2552 781 2631 836 De
2659 780 2867 837 abbate
2892 780 3088 846 Paule,
3120 779 3221 851 qui
3248 794 3372 835 om-

2093 867 2152 923 ni
2192 884 2347 924 anno
2386 885 2560 941 opera
2596 883 2883 925 manuum
2922 885 3164 925 suarum
3212 884 3370 924 com-

2089 956 2275 1013 bussit
2322 999 3364 1014 ............
3409 957 3513 1014 108

2017 1046 2347 1119 Capitulum
2376 1048 2538 1103 XXII.
2572 1048 2757 1104 Verba
2792 1046 3017 1103 abbatis
3052 1048 3261 1121 Moysis
3295 1049 3367 1105 de

2087 1135 2349 1193 remedio
2382 1136 2597 1193 acediae
2602 1180 3361 1193 .........
3406 1137 3510 1193 108

2015 1312 2207 1375 Lmna
2235 1330 2593 1377 musculus.
2630 1315 2717 1376 De
2747 1315 2978 1397 spiritu
3009 1315 3370 1379 cenodoxiae

2095 1421 2209 1466 seu
2238 1422 2415 1467 vanae
2444 1404 2659 1484 gloriae
2700 1457 3359 1471 ........
3407 1414 3508 1471 109

2013 1571 2341 1645 Capitulum
2392 1575 2433 1629 1.
2478 1576 2643 1641 Quod
2698 1574 3014 1648 septimum
3068 1578 3364 1633 certamen

2085 1662 2161 1717 sit
2207 1662 2375 1719 nobis
2420 1668 2625 1720 contra
2669 1664 3054 1721 cenodoxiam
3104 1681 3205 1723 seu
3243 1665 3365 1738 glo-

2084 1750 2236 1807 riam
2264 1767 2506 1818 vanam;
2538 1754 2596 1809 et
2621 1754 2693 1810 de
2724 1755 2933 1809 natura
2972 1752 3173 1825 ipsius.
3255 1798 3266 1810 .
3347 1800 3359 1811 .
3402 1754 3507 1812 109

2011 1840 2341 1913 Capitulum
2375 1842 2439 1897 11.
2473 1838 2639 1908 Quod
2680 1842 3001 1899 cenodoxia
3024 1843 3215 1915 pulset
3247 1860 3367 1900 mo-

2085 1930 2339 1987 nachum
2388 1947 2506 1987 non
2554 1932 2746 1988 solum
2796 1931 2855 1987 in
2907 1935 3067 2003 parte
3119 1933 3361 1999 carnali,

2084 2022 2185 2076 sed
2216 2020 2391 2079 etiam
2421 2021 2709 2094 spirituali
2788 2066 3359 2080 .......
3404 2026 3509 2083 109

2011 2110 2343 2183 Capitulum
2376 2112 2468 2167 111.
2502 2114 2667 2178 Quod
2705 2112 3025 2169 cenodoxia
3060 2113 3138 2169 sit
3166 2114 3367 2170 multi-

2081 2199 2213 2272 plex
2244 2203 2301 2256 et
2334 2200 2713 2257 multiformis
2790 2246 3359 2261 .......
3406 2205 3509 2262 109

2009 2289 2341 2361 Capitulum
2368 2291 2456 2346 IV.
2480 2292 2645 2356 Quod
2672 2308 2822 2348 vana
2851 2291 3034 2364 gloria
3062 2292 3367 2366 impugnet

2083 2380 2440 2436 monachum
2471 2397 2507 2436 a
2535 2380 2753 2436 dextris
2779 2384 2836 2438 et
2862 2380 3135 2449 sinistris3
3162 2384 3221 2439 et
3248 2399 3364 2455 qua

2080 2470 2514 2541 comparatione
2545 2474 2818 2527 noscatur
2844 2472 2971 2545 ejus
3004 2475 3214 2529 natura
3255 2517 3265 2527 .
3347 2517 3359 2528 .
3403 2473 3507 2530 109

2008 2558 2339 2632 Capitulum
2371 2560 2433 2615 V.
2467 2559 2632 2625 Quod
2662 2576 2767 2616 nec
2804 2559 3116 2617 solitudine
3145 2562 3363 2618 exstin-

2080 2653 2293 2721 guatur
2318 2665 2469 2705 vana
2507 2648 2691 2721 gloria
2696 2692 3358 2708 ........
3405 2652 3508 2709 110

2007 2737 2336 2809 Capitulum
2370 2738 2459 2793 VI.
2503 2738 3025 2804 Quodcenodoxia
3060 2756 3243 2811 quum
3280 2740 3365 2798 su-

2079 2826 2189 2883 erit
2243 2826 2483 2899 dejecta,
2542 2826 2733 2883 acrius
2792 2830 3057 2899 resurgat
3118 2829 3193 2884 ad
3256 2846 3362 2902 pu·

2081 2931 2258 2987 gnam
2319 2956 3357 2973 ............
3401 2918 3505 2974 110

2005 3004 2335 3076 Capitulum
2374 3003 2491 3058 Vll.
2533 3004 2698 3069 Quod
2746 3003 3064 3060 cenodoxia
3104 3020 3209 3062 nec
3246 3023 3363 3063 ere-

2079 3110 2174 3148 mo
2224 3110 2329 3149 nec
2375 3092 2636 3149 castitate
2684 3110 2721 3149 a
2774 3109 2879 3149 suo
2930 3092 3148 3150 fervore
3204 3097 3362 3166 tepe-

2075 3184 2199 3237 scat
2230 3222 3353 3240 .............
3399 3186 3497 3241 111

2003 3270 2333 3344 Capitulum
2380 3271 2520 3325 VIII.
2553 3270 2717 3335 Quod
2765 3270 3087 3327 cenodoxia
3132 3272 3356 3344 pericu-

2075 3359 2254 3416 losior
2282 3359 2357 3415 sit
2382 3358 2694 3416 virtutibus
2732 3358 2935 3415 mixta-
2967 3403 3351 3419 .....
3397 3365 3496 3421 111

2002 3449 2333 3521 Capitulum
2374 3449 2461 3504 IX.
2492 3448 2840 3521 Exemplum
2884 3448 3038 3521 regis
3078 3450 3353 3515 Ezechioe,

2075 3538 2327 3610 qualiter
2354 3537 2468 3594 telo
2494 3552 2661 3593 vanoe
2699 3536 2898 3610 gloriae
2930 3536 3005 3592 sit
3043 3539 3301 3613 deJectus
3342 3588 3353 3599 .
3397 3545 3496 3600 111

2001 3627 2331 3700 Capitulum
2382 3627 2445 3681 X.
2478 3625 2824 3698 Exemplum
2876 3626 3028 3699 regis
3074 3629 3223 3687 Oziae
3264 3648 3359 3689 eo—

2073 3717 2209 3773 dem
2238 3714 2377 3771 vitio
2406 3715 2661 3788 superati
2685 3759 3352 3779 ........
3399 3724 3500 3779 112

1999 3804 2330 3878 Capitulum
2362 3804 2451 3859 XI.
2478 3804 2553 3860 De
2584 3802 2826 3860 diversis
2852 3806 3201 3864 testimoniis
3228 3826 3361 3867 con·

2069 3898 2164 3951 tra
2187 3909 2401 3949 vanam
2433 3892 2680 3965 gloriam
2687 3936 3349 3958 ........
3394 3902 3499 3958 112

1999 3983 2330 4056 Capitulum
2380 3982 2495 4037 XII.
2529 3980 2750 4047 Quibus
2798 3984 2990 4041 modis
3035 3988 3357 4046 cenodoxia

2071 4075 2427 4133 monachum
2460 4074 2649 4148 pulset
2688 4121 3349 4141 ........
3393 4084 3501 4141 112

1998 4166 2331 4240 Capitulum
2373 4165 2514 4221 Xlll.
2547 4165 2805 4231 Qualiter
2850 4169 3170 4227 cenodoxia
3216 4188 3351 4245 sug·

2071 4258 2236 4330 gerat
2263 4255 2512 4328 gradum
2542 4258 2810 4328 appetere
2839 4256 3162 4317 clericatus.
3242 4306 3253 4318 .
3333 4306 3345 4321 .
3391 4263 3495 4321 112

1998 4344 2331 4420 Capitulum
2370 4344 2508 4400 XIV.
2541 4344 2801 4410 Qualiter
2835 4348 3155 4406 cenodoxia
3192 4366 3353 4409 men-

2070 4439 2189 4493 tem
2228 4433 2475 4491 inebriet
2497 4478 3347 4500 ..........
3392 4443 3495 4501 112

1998 4525 2329 4599 Capitulum
2362 4524 2474 4580 XV.
2506 4526 2581 4583 De
2618 4541 2686 4583 eo
2725 4543 2899 4599 quem
2938 4530 3351 4601 superveniens

2068 4631 2245 4673 senex
2299 4612 2513 4686 reperit
2568 4613 2629 4670 in
2680 4616 2826 4673 cella
2874 4616 3125 4677 vanitate
3181 4636 3349 4679 ceno·

2069 4704 2260 4761 doxiae
2296 4702 2419 4759 falli
2496 4748 3344 4769 ..........
3392 4712 3493 4773 113

1997 4794 2328 4867 Capitulum
2385 4795 2522 4851 XVI.
2573 4797 2739 4861 Quod
2792 4795 2930 4853 vitia
2984 4800 3175 4855 curari
3233 4818 3350 4859 non

2070 4882 2311 4955 possint,
2364 4881 2476 4939 nisi
2532 4900 2737 4941 eorum
2792 4885 3016 4943 radices
3060 4889 3119 4944 et
3160 4904 3351 4946 causae

2069 4970 2284 5029 fuerint
2313 4972 2622 5045 publicatoe
2680 5018 3345 5035 ........
3391 4979 3495 5037 113

1995 5062 2327 5135 Capitulum
2374 5063 2537 5118 XVII.
2585 5064 2748 5129 Quod
2797 5066 3123 5123 monachus
3166 5064 3348 5126 vitare

2067 5151 2273 5209 debeat
2301 5151 2579 5209 mulieres
2614 5155 2673 5210 et
2698 5152 2997 5226 episcopos
3050 5198 3063 5212 .
3144 5198 3155 5209 .
3238 5200 3251 5213 .

1996 5240 2327 5313 Capitulum
2368 5241 2556 5297 XVIII.
2590 5241 2867 5299 Remedia
2895 5242 3107 5314 quibus
3131 5261 3345 5302 vanam

2067 5329 2313 5403 gloriam
2344 5346 2615 5405 superare
2642 5329 2933 5403 possimus
2956 5374 3340 5391 .....
3388 5337 3491 5395 114

3174 5452 3231 5502 31

3331 5160 3492 5216 ,113
