4359 6267
616 1096 695 1137 Pa.
718 1108 855 1145 cxvm,

591 1161 657 1199 71.

587 1886 670 1930 lob
688 1902 714 1937 ι,
728 1892 768 1939 9,
788 1892 845 1931 to.

588 3360 601 3403 Ι
617 3358 720 3402 Cor.
734 3363 846 3409 x.1³.

624 3944 771 3990 Judie.
790 3961 846 3997 m,

588 4010 624 4059 1,
648 4011 687 4052 2.

626 4248 745 4293 Ibid.
766 4252 806 4293 4.

886 500 1004 564 178

1603 523 2017 570 COLLATIONUM
2059 525 2144 570 SS.
2180 525 2424 570 PATRUM
2463 525 2638 571 LIBER
2679 526 2718 571 1.
2763 544 2844 553 ·—
2885 526 3171 572 counio
3212 529 3273 574 lv

886 690 1010 751 nisi
1036 697 1156 752 ate
1184 690 1419 754 suerint
1451 693 1780 773 paululum
1813 693 2111 755 derelicti.
2138 693 2380 755 Idcirco
2408 691 2461 754 A
2489 693 2818 757 virtutum.
2875 698 3261 778 Frequenter
3307 698 3479 760 enim
3535 698 3842 760 securitas
3891 708 3990 760 at-

886 806 1011 849 non
1044 808 1194 869 rogo
1228 798 1293 851 ut
1339 811 1439 852 me
1480 811 1805 873 nunquam
1848 794 2194 874 relinquaS,
2230 795 2378 875 quia

885 906 1011 950 non
1070 890 1324 969 expedit
1376 891 1557 963 mihi,
1611 910 1690 953 ne
1749 891 1992 953 scilicet
2051 893 2376 973 propriam

887 986 1327 1049 infirmitatem
1369 1006 1493 1051 non
1544 1007 2023 1069 recognoscam,
2060 990 2374 1071 negligam

885 1087 1095 1148 dicere
1131 1106 1143 1149 :
1177 1086 1420 1148 Bonum
1456 1088 1611 1148 mihi
1652 1088 1802 1169 quia
1841 1088 2194 1150 humiliasti
2237 1108 2372 1167 me3

884 1185 985 1246 vel
1017 1204 1095 1246 ne
1128 1205 1375 1248 caream
1416 1187 1718 1248 exercitio
1764 1187 2179 1267 spiritualiter
2219 1207 2375 1269 prte—

883 1284 1097 1345 liandi.
1153 1284 1327 1357 Quod
1378 1286 1515 1346 sine
1564 1284 1759 1346 dubio
1806 1285 2037 1347 habere
2088 1304 2214 1348 non
2266 1304 2374 1366 po-

883 1392 1037 1457 ter0,
1090 1382 1139 1443 si
1203 1382 1634 1445 indesinenter
1694 1384 1849 1444 mihi
1912 1385 2221 1447 cohaereat
2268 1392 2376 1445 tua

883 1481 1189 1561 protectio
1230 1498 1243 1541 ε
1287 1500 1413 1563 qua
1457 1499 1558 1542 me
1602 1480 1943 1544 suffultum
1987 1489 2228 1543 tentare
2273 1483 2376 1543 Za-

881 1578 1070 1640 bulus
1129 1597 1255 1640 non
1316 1579 1595 1653 audebit,
1644 1581 1753 1641 sed
1802 1580 2064 1661 objiciet
2112 1588 2220 1641 aut
2269 1600 2374 1642 ex-

882 1677 1208 1758 probrabit
1249 1677 1365 1737 tibi
1406 1678 1506 1739 vel
1553 1679 1708 1739 mihi
1756 1680 1925 1759 quod
1971 1686 2188 1741 contra
2235 1686 2373 1741 tuos

880 1776 1146 1837 athletas
1192 1776 1351 1838 solet
1396 1776 1787 1839 calumniosa
1830 1794 1985 1839 voce
2034 1777 2366 1857 proferre:

2487 812 2610 873 que
2663 795 3048 875 prosperitas
3098 796 3467 877 dejecerunt
3510 815 3669 878 quos
3715 798 3990 859 adversa

2485 908 2785 972 superare
2829 910 2954 955 non
3001 902 3361 973 potuerunt.

2868 1138 3373 1203 CAPITULUM
3435 1141 3582 1204 VII.

2483 1289 2567 1343 De
2597 1286 2869 1342 utilitate
2891 1303 3118 1358 puqnoe
3150 1305 3332 1360 quam
3349 1291 3534 1361 ponit
3561 1292 3886 1362 Apostolus
3915 1295 3987 1349 in

2704 1376 3128 1432 colluctatione
3154 1380 3364 1433 carnis
3391 1385 3448 1435 et
3474 1381 3754 1451 spiritua.

2608 1573 2889 1637 EGIMUS
2934 1592 3188 1656 quoque
3231 1576 3297 1636 in
3338 1575 3658 1656 Apostolo,
3698 1597 3984 1660 pugnam

2637 1673 2800 1733 hanc
2857 1691 2994 1734 esse
3056 1674 3296 1735 utiliter
3354 1675 3610 1737 insitam
3671 1678 3984 1741 membris

2485 1770 2739 1842 nostris,
2781 1771 3318 1851 quemadmodum
3358 1773 3510 1835 dicit
3547 1794 3562 1837 :
3605 1774 3763 1837 Caro
3803 1777 3980 1838 enim

4057 1798 4202 1840 Galus
4211 1830 4220 1837 .
4241 1812 4274 1845 v,

877 1875 1043 1936 Num
1075 1875 1268 1954 gratis
1297 1874 1411 1938 Job
1449 1874 1599 1936 colit
1628 1876 1864 1936 Deum?
1894 1875 2113 1937 Nonne
2150 1883 2215 1937 tu
2246 1876 2374 1937 val-
2407 1870 2456 1933 B
2486 1869 2878 1950 concupiscit
2908 1870 3211 1932 adversus
3243 1872 3554 1952 spiritum,
3579 1875 3846 1953 spiritus
3876 1895 3985 1937 au·
4017 1864 4081 1903 ¹⁷·

879 1972 1019 2033 lasti
1066 1991 1211 2034 eum
1257 1992 1329 2033 ac
1371 1973 1629 2035 domum
1674 1972 1835 2053 ejus,
1882 1972 2372 2054 universamque

878 2070 1297 2131 substantiam
1338 2070 1477 2151 ejus
1518 2088 1631 2150 per
1662 2069 2049 2131 circuitum?
2083 2070 2204 2133 Sed
2249 2090 2373 2131 ma-

877 2169 973 2249 gis
1003 2185 1114 2230 oro
1145 2187 1224 2229 ne
1256 2187 1356 2229 me
1396 2169 1646 2229 deseras
1688 2189 2170 2247 usquequaque,
2203 2170 2372 2249 quod

880 2267 1091 2331 Graece
1126 2275 1305 2329 sonat
1339 2286 1351 2329 :
1388 2285 1588 2348 usque
1618 2267 1693 2328 ad
1729 2266 2141 2328 nimietatem.
2176 2268 2376 2339 Quan-

876 2372 1014 2426 tum
1055 2366 1225 2426 enim
1270 2364 1425 2425 mihi
1474 2365 1626 2425 utile
1676 2372 1769 2425 est
1821 2365 1989 2446 quod
2038 2365 2370 2444 paululum

879 2482 981 2525 me
1030 2462 1361 2542 relinquiS‚
1410 2471 1476 2523 ut
1527 2461 1831 2544 probetur
1875 2462 2230 2524 constantia
2274 2464 2374 2525 de-

878 2561 1091 2623 siderii
1140 2561 1287 2633 mei,
1334 2568 1579 2621 tantum
1626 2560 1926 2622 nocivum
1970 2568 2066 2621 est
2111 2561 2266 2623 mihi
2321 2563 2371 2624 si

879 2668 1137 2741 propter
1184 2658 1489 2720 demerita
1540 2677 1679 2720 mea
1730 2677 1829 2719 me
1878 2658 2149 2721 nimium
2203 2659 2375 2721 dese-

877 2777 977 2820 ras
1012 2776 1025 2819 :
1061 2758 1361 2840 quoniam
1394 2756 1569 2819 nulla
1598 2757 1801 2819 virtus
1834 2757 2111 2818 humana
2140 2759 2375 2839 poterit

877 2876 989 2917 sua
1018 2856 1369 2917 constantia
1399 2856 1763 2935 perdurare,
1788 2856 1839 2915 si
1876 2862 1983 2917 tuo
2012 2856 2245 2917 auxilio
2276 2857 2376 2917 de-

876 2961 1121 3016 seratur
1149 2952 1387 3014 diutius
1421 2952 1484 3013 in
1516 2952 1894 3030 tentatione3
1921 2952 2052 3014 imo
2083 2953 2372 3032 protinus

2483 1972 2612 2027 tem
2657 1967 2960 2029 adversus
3005 1986 3260 2030 carnem
3287 1987 3304 2046 ;
3335 1970 3468 2032 haec
3506 1970 3680 2033 enim
3720 1972 3846 2035 sibi
3893 1974 3986 2035 in-

2483 2064 2691 2126 vicem
2749 2065 3184 2139 adversantur,
3249 2075 3316 2128 ut
3375 2085 3498 2129 non
3557 2088 3984 2153 quaecumque

2483 2161 2700 2235 vultiS‚
2740 2162 2846 2223 illa
2888 2162 3155 2225 faciatis.
3199 2164 3402 2226 Habes
3445 2174 3505 2227 et
3550 2166 3654 2227 hic
3699 2187 3984 2249 pugnam

2485 2260 2734 2341 corpori
2765 2268 2978 2323 nostro
3007 2261 3475 2338 invisceratam,
3508 2264 3988 2344 dispensatione

2485 2378 2596 2420 seu
2639 2359 3067 2421 moderatione
3109 2361 3218 2423 Dei
3260 2362 3323 2422 id
3364 2370 3761 2441 procurante.
3798 2364 3989 2437 Quid-

2485 2457 2640 2537 quid
2683 2458 2856 2519 enim
2900 2458 3280 2537 generaliter
3322 2467 3382 2521 et
3427 2460 3564 2522 sine
3605 2463 3985 2543 exceptione

2486 2556 2733 2617 cunctis
2765 2556 2928 2617 inest
2959 2555 3348 2630 hominibuS,
3382 2558 3536 2639 quid
3567 2559 3740 2621 aliud
3774 2568 3984 2641 potest

2485 2653 2634 2725 dici,
2685 2653 2805 2714 nisi
2855 2654 3225 2716 naturaliter
3267 2654 3642 2717 attributum
3685 2657 3984 2721 humanae.

2485 2750 2854 2813 substantiae
2885 2760 3022 2833 post
3053 2752 3332 2814 hominis
3364 2753 3552 2833 primi
3587 2755 3880 2817 ruinam?
3909 2756 3982 2818 Et

2485 2850 2654 2930 quod
2701 2849 3014 2911 universis
3065 2849 3355 2911 innatum
3405 2859 3522 2923 est,
3569 2853 3738 2914 credi
3792 2854 3981 2916 debet

2484 2947 2748 3009 insitum
2779 2966 2917 3009 esse
2947 2948 3209 3011 arbitrio
3240 2950 3348 3011 Dei
3380 2967 3507 3011 non
3539 2952 3844 3024 nocentiS,
3871 2954 3982 3015 sed

877 3049 1238 3113 succumbet
1263 3051 1617 3114 fortitudini
1644 3059 1746 3113 aut
1777 3050 2105 3112 calliditati
2136 3058 2378 3112 tentan-
2409 3047 2453 3111 C
2483 3045 2872 3107 consulentis
2903 3053 3011 3107 aut
3047 3047 3459 3127 providentis
3494 3048 3684 3111 Porro
3721 3068 3984 3112 causam

877 3150 983 3223 tis,
1010 3150 1130 3211 nisi
1165 3156 1233 3209 tu
1265 3149 1423 3230 ipse,
1458 3150 1565 3231 qui
1601 3150 2025 3211 humanarum
2056 3168 2123 3210 es
2157 3150 2370 3230 cogni-

876 3255 975 3308 tor
1004 3245 1241 3308 virium
1281 3255 1469 3328 atque
1511 3247 1937 3309 luctaminum
1986 3247 2364 3321 moderator,

877 3363 1004 3407 non
1036 3345 1399 3425 permiseris
1444 3362 1557 3406 nos
1598 3344 1824 3406 tentari
1865 3362 2057 3425 supra
2097 3344 2161 3405 id
2203 3347 2372 3426 quod

877 3461 1238 3525 possumus,
1282 3444 1392 3504 sed
1435 3443 1661 3505 feceris
1716 3451 1778 3504 et
1832 3461 1978 3503 cum
2026 3444 2372 3505 tentatione

879 3548 1253 3623 proventum
1282 3548 1347 3601 ut
1378 3541 1684 3602 sustinere
1717 3528 2043 3621 possimusss
2070 3541 2375 3603 Praeterea

877 3638 1001 3700 tale
1040 3638 1279 3720 aliquid
1334 3638 1602 3718 legimus
1654 3638 1919 3721 mystice
1971 3639 2373 3718 designatum

878 3738 944 3799 in
990 3736 1155 3799 libro
1201 3737 1495 3799 Judicum
1546 3737 1622 3798 de
1670 3736 2198 3799 exterminatione
2248 3738 2373 3818 spi-

877 3836 1201 3897 ritualium
1247 3834 1533 3915 gentium
1582 3834 1796 3895 Israeli
1849 3834 2370 3897 inimicantium:

875 3934 981 3995 Hae
1011 3940 1158 3995 sunt
1187 3941 1428 4013 genteS,
1466 3934 1552 3994 ait
1593 3934 1938 4013 Scriptura,
1978 3953 2136 4015 quas
2166 3935 2376 3997 Domi-

878 4051 998 4094 nus
1030 4032 1389 4113 dereliquit,
1425 4039 1495 4093 ut
1524 4032 1803 4093 erudiret
1836 4032 1900 4092 in
1930 4032 2021 4094 eis
2052 4033 2372 4107 Israelem,

876 4138 938 4193 et
981 4130 1287 4193 haberent
1326 4129 1853 4192 consuetudinem
1896 4148 2043 4192 cum
2083 4130 2374 4193 host-ibus

877 4228 1247 4311 praeliandi3
1280 4236 1342 4291 et
1383 4246 1603 4291 rursus
1639 4248 1652 4291 :
1687 4227 2067 4309 Dimisitque
2110 4246 2218 4291 eos
2259 4230 2375 4292 Do-
2404 4229 2453 4290 D

877 4328 1111 4400 minuS,
1136 4335 1207 4389 ut
1237 4327 1303 4387 in
1336 4326 1491 4407 ipsis
1524 4325 1922 4407 experiretur
1948 4326 2268 4399 Israelem,
2291 4346 2372 4388 an

874 4426 1167 4487 audirent
1213 4425 1507 4487 mandata
1547 4423 1823 4497 Domini,
1867 4443 1947 4485 an
1990 4442 2137 4487 non.
2171 4425 2370 4498 Quam

876 4524 1096 4603 utique
1149 4541 1427 4604 pugnam
1476 4522 1783 4584 Dominus
1838 4522 2186 4583 reservavit
2243 4540 2371 4585 non

876 4620 1057 4701 quasi
1092 4620 1382 4681 invidens
1414 4619 1612 4700 quieti
1645 4617 1852 4700 plebis
1883 4638 2033 4691 suae,
2066 4628 2176 4680 aut
2206 4620 2371 4683 male

875 4718 1213 4780 consulens
1252 4717 1368 4791 eiS,
1401 4716 1509 4777 sed
1550 4717 1755 4779 sciens
1788 4735 1928 4779 eam
1961 4717 2368 4780 utilissimam

874 4816 1053 4897 ipsiS‚
1105 4823 1174 4877 ut
1231 4815 1385 4875 dum
1433 4813 1557 4875 filii
1612 4814 1799 4876 Israel
1860 4815 2371 4895 deprimerentur

875 4913 1352 4996 impugnatione
1392 4912 1679 4994 gentium
1715 4912 2143 4993 praefatarum,
2176 4914 2368 4975 senti-

874 5020 1015 5075 rent
1046 5030 1113 5075 se
1142 5012 1252 5073 Dei
1283 5010 1518 5073 auxilio
1545 5010 1783 5090 jugiter
1814 5010 2125 5090 indigere3
2150 5011 2370 5091 sicque

876 5112 1291 5193 perdurantes
1343 5109 1408 5169 in
1460 5107 1870 5170 meditatione
1918 5116 1981 5169 et
2032 5108 2372 5170 invocatio-

878 5229 957 5271 ne
1003 5208 1226 5289 ipsiuS‚
1260 5224 1387 5269 non
1431 5206 1929 5269 dissolverentur
1968 5206 2217 5279 inertia,
2254 5225 2371 5268 nec

877 5305 1244 5368 amitterent
1292 5320 1480 5365 usum
1532 5301 1810 5365 bellandi
1865 5302 2370 5384 exercitiumque

2483 3143 2636 3205 belli
2676 3144 2844 3206 inter
2879 3162 3135 3206 carnem
3178 3152 3242 3207 et
3283 3146 3580 3227 spiritum
3625 3148 3782 3209 dicit
3819 3148 3984 3230 Apo-

2482 3242 2681 3304 stolus
2715 3262 2730 3305 :
2764 3242 2838 3304 Ut
2881 3259 3008 3303 non
3039 3261 3458 3325 quaecumque
3488 3244 3705 3319 vultis,
3739 3245 3852 3308 illa
3891 3246 3982 3308 fa-

2483 3340 2684 3402 ciatis,
2719 3340 2882 3421 Ergo
2912 3340 2965 3401 si
2998 3340 3060 3403 id
3093 3341 3259 3422 quod
3293 3342 3459 3403 Deus
3490 3344 3852 3424 procuravit
3895 3344 3982 3407 ob

2481 3442 2602 3503 hoc
2633 3460 2713 3502 ne
2742 3439 3053 3502 faciamus
3092 3457 3280 3503 omne
3311 3442 3481 3523 quod
3512 3442 3830 3515 volumuS,
3865 3444 3982 3505 im-

2484 3538 2752 3621 pleatur,
2803 3538 2958 3620 quid
3005 3538 3179 3600 aliud
3237 3540 3627 3602 credendum
3683 3549 3783 3603 est
3837 3560 3980 3605 esse

2483 3656 2676 3719 quam
2721 3638 3030 3700 noxium?
3072 3637 3356 3719 Denique
3407 3657 3619 3719 pugna
3665 3640 3801 3703 haec
3849 3660 3982 3703 car-

2484 3736 2584 3797 nis
2632 3754 2706 3798 ac
2756 3736 3019 3818 spiritus
3071 3735 3260 3798 insita
3309 3736 3493 3798 nobis
3545 3738 3980 3801 moderamine

2485 3834 2862 3907 conditoris,
2913 3842 3006 3897 est
3050 3835 3520 3917 quodammodo
3566 3835 3743 3897 utilis
3785 3844 3976 3919 atque

2483 3933 2562 3994 ad
2593 3932 2923 3995 meliorem
2963 3940 3198 3994 statum
3241 3950 3590 4015 provocans
3632 3952 3708 3996 ac
3752 3935 3978 4016 impel-

2487 4032 2622 4092 lens
2677 4048 2690 4092 :
2744 4051 2869 4113 qua
2920 4031 3188 4106 sublata,
3243 4032 3611 4095 succederet
3659 4052 3782 4115 pax
3839 4052 3980 4115 per-

2484 4148 2744 4193 melosa.

2855 4375 3360 4439 CAPITULUM
3420 4374 3604 4439 VIII.

2483 4534 2646 4601 Quid
2681 4535 2765 4588 sit
2802 4533 2963 4607 quod
2991 4534 3058 4589 in
3086 4534 3356 4605 capitulo
3391 4534 3652 4607 quodam
3681 4536 3978 4607 Apostoli,

2554 4623 2742 4678 tertia
2785 4622 3133 4693 adjiciatur
3175 4624 3477 4688 voluntas,
3510 4631 3655 4696 post
3697 4627 3978 4698 concupi-

2551 4712 2811 4767 scentias
2866 4712 3076 4768 carnis
3122 4728 3192 4768 ac
3238 4712 3500 4785 spiritus
3547 4714 3674 4769 sibi
3720 4714 3979 4771 invicem

2551 4800 2962 4857 adversante&

2624 5006 3024 5069 ERMANUS:
3058 5005 3358 5078 Quamvis
3387 5006 3678 5071 videatur
3703 5008 3838 5089 jam
3868 5028 3976 5073 no-

2644 5103 2743 5166 bis
2793 5104 3051 5185 quidam
3105 5104 3466 5167 intellectus
3516 5106 3864 5187 praelucere
3911 5109 3974 5170 in

2481 5201 2693 5263 verbis
2752 5201 3058 5283 Apostoli,
3119 5209 3334 5264 tamen
3393 5202 3543 5284 quia
3597 5205 3974 5267 sententiam

2478 5301 2620 5382 ejus
2656 5317 2783 5363 non
2819 5317 3158 5382 possumus
3192 5300 3400 5363 adhuc
3439 5301 3646 5363 lucide
3688 5312 3973 5384 penetra-

4052 3264 4232 3311 ιιῑαειι,
4300 3254 4301 3279 ³
