<?xml version="1.0" encoding="UTF-8"?>
<!DOCTYPE html PUBLIC "-//W3C//DTD XHTML 1.0 Transitional//EN"
    "http://www.w3.org/TR/xhtml1/DTD/xhtml1-transitional.dtd">
<html xmlns="http://www.w3.org/1999/xhtml" xml:lang="en" lang="en">
 <head>
  <title>
</title>
<meta http-equiv="Content-Type" content="text/html;charset=utf-8" />
  <meta name='ocr-system' content='tesseract 3.04.00' />
  <meta name='ocr-capabilities' content='ocr_page ocr_carea ocr_par ocr_line ocrx_word'/>
</head>
<body>
  <div class='ocr_page' id='page_1' title='image "./doctorisecstati03denigoog_0224.png"; bbox 0 0 4359 6267; ppageno 0'>
   <div class='ocr_carea' id='block_1_1' title="bbox 742 468 3157 534">
    <p class='ocr_par' dir='ltr' id='par_1_1' title="bbox 742 468 3157 534">
     <span class='ocr_line' id='line_1_1' title="bbox 742 468 3157 534; baseline -0 -1"><span class='ocrx_word' id='word_1_1' title='bbox 742 468 862 533; x_wconf 81' lang='lat'><strong>216</strong></span> <span class='ocrx_word' id='word_1_2' title='bbox 1451 485 1868 534; x_wconf 65' lang='lat' dir='ltr'><strong>nonnionem</strong></span> <span class='ocrx_word' id='word_1_3' title='bbox 1911 486 1996 531; x_wconf 89' lang='lat' dir='ltr'><strong>ss.</strong></span> <span class='ocrx_word' id='word_1_4' title='bbox 2031 484 2278 530; x_wconf 58' lang='lat' dir='ltr'><strong>Parnon</strong></span> <span class='ocrx_word' id='word_1_5' title='bbox 2318 483 2493 531; x_wconf 69' lang='lat' dir='ltr'><strong>Lmen</strong></span> <span class='ocrx_word' id='word_1_6' title='bbox 2534 484 2574 530; x_wconf 92' lang='lat'><strong>1.</strong></span> <span class='ocrx_word' id='word_1_7' title='bbox 2618 502 2701 512; x_wconf 91' lang='lat'>—</span> <span class='ocrx_word' id='word_1_8' title='bbox 2741 483 3028 533; x_wconf 63' lang='lat' dir='ltr'><strong>commo</strong></span> <span class='ocrx_word' id='word_1_9' title='bbox 3068 485 3157 532; x_wconf 84' lang='lat' dir='ltr'><strong>vn</strong></span> 
     </span>
    </p>
   </div>
   <div class='ocr_carea' id='block_1_2' title="bbox 439 654 3883 841">
    <p class='ocr_par' dir='ltr' id='par_1_2' title="bbox 439 654 3883 841">
     <span class='ocr_line' id='line_1_2' title="bbox 465 654 3883 739; baseline -0 -22"><span class='ocrx_word' id='word_1_10' title='bbox 465 674 600 717; x_wconf 69' lang='lat' dir='ltr'><strong><em>prou.</em></strong></span> <span class='ocrx_word' id='word_1_11' title='bbox 635 685 709 723; x_wconf 71' lang='grc' dir='ltr'><strong>ιιι,</strong></span> <span class='ocrx_word' id='word_1_12' title='bbox 742 656 939 720; x_wconf 87' lang='lat' dir='ltr'><strong>laxari</strong></span> <span class='ocrx_word' id='word_1_13' title='bbox 968 676 1006 719; x_wconf 89' lang='lat' dir='ltr'><strong>a</strong></span> <span class='ocrx_word' id='word_1_14' title='bbox 1035 657 1248 720; x_wconf 89' lang='lat' dir='ltr'><strong>studio</strong></span> <span class='ocrx_word' id='word_1_15' title='bbox 1278 656 1744 720; x_wconf 83' lang='lat' dir='ltr'><strong>recollectionis</strong></span> <span class='ocrx_word' id='word_1_16' title='bbox 1773 656 2040 718; x_wconf 80' lang='lat' dir='ltr'><strong>internae</strong></span> <span class='ocrx_word' id='word_1_17' title='bbox 2075 674 2088 718; x_wconf 77' lang='grc' dir='ltr'>ε</span> <span class='ocrx_word' id='word_1_18' title='bbox 2124 654 2241 728; x_wconf 87' lang='lat' dir='ltr'><strong>Qui</strong></span> <span class='ocrx_word' id='word_1_19' title='bbox 2277 655 2328 717; x_wconf 88' lang='lat' dir='ltr'><strong>A</strong></span> <span class='ocrx_word' id='word_1_20' title='bbox 2359 662 2637 718; x_wconf 82' lang='lat' dir='ltr'><strong>mentem</strong></span> <span class='ocrx_word' id='word_1_21' title='bbox 2686 656 2779 718; x_wconf 92' lang='lat' dir='ltr'><strong>sic</strong></span> <span class='ocrx_word' id='word_1_22' title='bbox 2821 656 3080 738; x_wconf 86' lang='lat' dir='ltr'><strong>agitant,</strong></span> <span class='ocrx_word' id='word_1_23' title='bbox 3114 655 3517 719; x_wconf 83' lang='lat' dir='ltr'><strong>crederemus</strong></span> <span class='ocrx_word' id='word_1_24' title='bbox 3560 655 3883 739; x_wconf 87' lang='lat' dir='ltr'><strong>impossi-</strong></span> 
     </span>
     <span class='ocr_line' id='line_1_3' title="bbox 439 738 3881 841; baseline -0.001 -22"><span class='ocrx_word' id='word_1_25' title='bbox 439 738 657 841; x_wconf 53' lang='lat' dir='ltr'><strong>fflfium</strong></span> <span class='ocrx_word' id='word_1_26' title='bbox 737 755 912 816; x_wconf 92' lang='lat' dir='ltr'><strong>enim</strong></span> <span class='ocrx_word' id='word_1_27' title='bbox 963 754 1115 817; x_wconf 89' lang='lat' dir='ltr'><strong>colit</strong></span> <span class='ocrx_word' id='word_1_28' title='bbox 1163 763 1396 816; x_wconf 89' lang='lat' dir='ltr'><strong>terram</strong></span> <span class='ocrx_word' id='word_1_29' title='bbox 1447 773 1651 828; x_wconf 90' lang='lat' dir='ltr'><strong>suam,</strong></span> <span class='ocrx_word' id='word_1_30' title='bbox 1703 753 2091 816; x_wconf 89' lang='lat' dir='ltr'><strong>saturabitur</strong></span> <span class='ocrx_word' id='word_1_31' title='bbox 2141 771 2247 834; x_wconf 88' lang='lat' dir='ltr'><strong>pa·</strong></span> <span class='ocrx_word' id='word_1_32' title='bbox 2356 753 2484 815; x_wconf 92' lang='lat' dir='ltr'><strong>bile</strong></span> <span class='ocrx_word' id='word_1_33' title='bbox 2532 773 2670 817; x_wconf 91' lang='lat' dir='ltr'><strong>esse</strong></span> <span class='ocrx_word' id='word_1_34' title='bbox 2712 754 3040 818; x_wconf 91' lang='lat' dir='ltr'><strong>hominem</strong></span> <span class='ocrx_word' id='word_1_35' title='bbox 3082 755 3376 836; x_wconf 80' lang='lat' dir='ltr'>fragilem</span> <span class='ocrx_word' id='word_1_36' title='bbox 3424 755 3552 817; x_wconf 89' lang='lat' dir='ltr'><strong>illis</strong></span> <span class='ocrx_word' id='word_1_37' title='bbox 3599 755 3881 818; x_wconf 78' lang='lat' dir='ltr'><strong>resiste-</strong></span> 
     </span>
    </p>
   </div>
   <div class='ocr_carea' id='block_1_3' title="bbox 462 849 3875 1228">
    <p class='ocr_par' dir='ltr' id='par_1_3' title="bbox 733 849 3875 1131">
     <span class='ocr_line' id='line_1_4' title="bbox 739 849 3875 935; baseline -0 -20"><span class='ocrx_word' id='word_1_38' title='bbox 739 852 962 932; x_wconf 83' lang='lat' dir='ltr'><strong>nibus3</strong></span> <span class='ocrx_word' id='word_1_39' title='bbox 994 853 1105 935; x_wconf 89' lang='lat' dir='ltr'><strong>qui</strong></span> <span class='ocrx_word' id='word_1_40' title='bbox 1147 861 1361 916; x_wconf 86' lang='lat' dir='ltr'><strong>autem</strong></span> <span class='ocrx_word' id='word_1_41' title='bbox 1401 861 1680 916; x_wconf 90' lang='lat' dir='ltr'><strong>sectatur</strong></span> <span class='ocrx_word' id='word_1_42' title='bbox 1714 853 1940 926; x_wconf 88' lang='lat' dir='ltr'><strong>otium,</strong></span> <span class='ocrx_word' id='word_1_43' title='bbox 1974 849 2246 934; x_wconf 89' lang='lat' dir='ltr'><strong>replebi-</strong></span> <span class='ocrx_word' id='word_1_44' title='bbox 2352 871 2442 926; x_wconf 91' lang='lat' dir='ltr'><strong>re,</strong></span> <span class='ocrx_word' id='word_1_45' title='bbox 2496 853 2620 915; x_wconf 91' lang='lat' dir='ltr'><strong>nisi</strong></span> <span class='ocrx_word' id='word_1_46' title='bbox 2672 854 2750 915; x_wconf 90' lang='lat' dir='ltr'><strong>ad</strong></span> <span class='ocrx_word' id='word_1_47' title='bbox 2811 853 3176 935; x_wconf 90' lang='lat' dir='ltr'><strong>oppositum</strong></span> <span class='ocrx_word' id='word_1_48' title='bbox 3233 853 3661 915; x_wconf 78' lang='lat' dir='ltr'><strong>animaremur</strong></span> <span class='ocrx_word' id='word_1_49' title='bbox 3718 853 3875 914; x_wconf 84' lang='lat' dir='ltr'><strong>tuis</strong></span> 
     </span>
     <span class='ocr_line' id='line_1_5' title="bbox 737 947 3874 1035; baseline 0 -23"><span class='ocrx_word' id='word_1_50' title='bbox 737 958 842 1012; x_wconf 90' lang='lat' dir='ltr'><strong>tur</strong></span> <span class='ocrx_word' id='word_1_51' title='bbox 883 959 1179 1033; x_wconf 87' lang='lat' dir='ltr'><strong>egestate.</strong></span> <span class='ocrx_word' id='word_1_52' title='bbox 1223 951 1352 1014; x_wconf 91' lang='lat' dir='ltr'><strong>Nec</strong></span> <span class='ocrx_word' id='word_1_53' title='bbox 1398 950 1756 1032; x_wconf 87' lang='lat' dir='ltr'><strong>perniciosa</strong></span> <span class='ocrx_word' id='word_1_54' title='bbox 1801 947 2241 1032; x_wconf 79' lang='lat' dir='ltr'><strong>desperatione</strong></span> <span class='ocrx_word' id='word_1_55' title='bbox 2352 951 2684 1013; x_wconf 81' lang='lat' dir='ltr'><strong>sententiis</strong></span> <span class='ocrx_word' id='word_1_56' title='bbox 2725 959 3024 1034; x_wconf 88' lang='lat' dir='ltr'><strong>tanquam</strong></span> <span class='ocrx_word' id='word_1_57' title='bbox 3068 950 3434 1015; x_wconf 88' lang='lat' dir='ltr'><strong>coelestibus</strong></span> <span class='ocrx_word' id='word_1_58' title='bbox 3473 951 3874 1035; x_wconf 87' lang='lat' dir='ltr'><strong>quibusdam</strong></span> 
     </span>
     <span class='ocr_line' id='line_1_6' title="bbox 733 1046 2645 1131; baseline 0.001 -21"><span class='ocrx_word' id='word_1_59' title='bbox 733 1047 1103 1131; x_wconf 82' lang='lat' dir='ltr'><strong>frangamur</strong></span> <span class='ocrx_word' id='word_1_60' title='bbox 1140 1048 1222 1111; x_wconf 87' lang='lat' dir='ltr'><strong>ab</strong></span> <span class='ocrx_word' id='word_1_61' title='bbox 1264 1049 1616 1111; x_wconf 85' lang='lat' dir='ltr'><strong>intentione</strong></span> <span class='ocrx_word' id='word_1_62' title='bbox 1655 1055 1720 1111; x_wconf 89' lang='lat' dir='ltr'><strong>et</strong></span> <span class='ocrx_word' id='word_1_63' title='bbox 1758 1055 1987 1112; x_wconf 85' lang='lat' dir='ltr'><strong>conatu</strong></span> <span class='ocrx_word' id='word_1_64' title='bbox 2030 1046 2243 1109; x_wconf 87' lang='lat' dir='ltr'><strong>obser-</strong></span> <span class='ocrx_word' id='word_1_65' title='bbox 2350 1049 2645 1112; x_wconf 78' lang='lat' dir='ltr'><strong>oraculiS.</strong></span> 
     </span>
    </p>

    <p class='ocr_par' dir='ltr' id='par_1_4' title="bbox 462 1144 2241 1228">
     <span class='ocr_line' id='line_1_7' title="bbox 462 1144 2241 1228; baseline -0.001 -20"><span class='ocrx_word' id='word_1_66' title='bbox 462 1165 581 1209; x_wconf 71' lang='lat' dir='ltr'><strong>ma.</strong></span> <span class='ocrx_word' id='word_1_67' title='bbox 619 1177 702 1216; x_wconf 65' lang='lat' dir='ltr'><strong>xiv,</strong></span> <span class='ocrx_word' id='word_1_68' title='bbox 733 1148 964 1212; x_wconf 83' lang='lat' dir='ltr'><strong>vantiae</strong></span> <span class='ocrx_word' id='word_1_69' title='bbox 1006 1147 1222 1228; x_wconf 80' lang='lat' dir='ltr'><strong>hujuS,</strong></span> <span class='ocrx_word' id='word_1_70' title='bbox 1269 1166 1418 1210; x_wconf 90' lang='lat' dir='ltr'><strong>nam</strong></span> <span class='ocrx_word' id='word_1_71' title='bbox 1467 1165 1482 1209; x_wconf 75' lang='grc' dir='ltr'>ε</span> <span class='ocrx_word' id='word_1_72' title='bbox 1525 1147 1711 1211; x_wconf 90' lang='lat' dir='ltr'><strong>Omni</strong></span> <span class='ocrx_word' id='word_1_73' title='bbox 1755 1146 2029 1210; x_wconf 90' lang='lat' dir='ltr'><strong>sollicito</strong></span> <span class='ocrx_word' id='word_1_74' title='bbox 2074 1144 2241 1207; x_wconf 84' lang='lat' dir='ltr'><strong>inest</strong></span> 
     </span>
    </p>
   </div>
   <div class='ocr_carea' id='block_1_4' title="bbox 434 1229 3859 1822">
    <p class='ocr_par' dir='ltr' id='par_1_5' title="bbox 434 1229 3859 1822">
     <span class='ocr_line' id='line_1_8' title="bbox 435 1229 3445 1360; baseline -0.001 -51"><span class='ocrx_word' id='word_1_75' title='bbox 435 1229 655 1335; x_wconf 50' lang='grc' dir='ltr'><strong>ἷῗὲω*</strong></span> <span class='ocrx_word' id='word_1_76' title='bbox 732 1247 1030 1329; x_wconf 88' lang='lat' dir='ltr'><strong>amplius,</strong></span> <span class='ocrx_word' id='word_1_77' title='bbox 1065 1254 1128 1309; x_wconf 91' lang='lat' dir='ltr'><strong>et</strong></span> <span class='ocrx_word' id='word_1_78' title='bbox 1166 1246 1276 1328; x_wconf 89' lang='lat' dir='ltr'><strong>qui</strong></span> <span class='ocrx_word' id='word_1_79' title='bbox 1322 1245 1535 1308; x_wconf 88' lang='lat' dir='ltr'><strong>suavis</strong></span> <span class='ocrx_word' id='word_1_80' title='bbox 1575 1253 1636 1308; x_wconf 90' lang='lat' dir='ltr'><strong>et</strong></span> <span class='ocrx_word' id='word_1_81' title='bbox 1677 1245 1814 1308; x_wconf 93' lang='lat' dir='ltr'><strong>sine</strong></span> <span class='ocrx_word' id='word_1_82' title='bbox 1859 1244 2074 1307; x_wconf 93' lang='lat' dir='ltr'><strong>dolore</strong></span> <span class='ocrx_word' id='word_1_83' title='bbox 2117 1251 2235 1318; x_wconf 87' lang='lat' dir='ltr'><strong>est,</strong></span> <span class='ocrx_word' id='word_1_84' title='bbox 2715 1296 3219 1360; x_wconf 78' lang='lat' dir='ltr'><strong>CAPITULUM</strong></span> <span class='ocrx_word' id='word_1_85' title='bbox 3283 1295 3445 1360; x_wconf 75' lang='lat' dir='ltr'><strong>VIII</strong></span> 
     </span>
     <span class='ocr_line' id='line_1_9' title="bbox 734 1343 3467 1427; baseline -0.001 -21"><span class='ocrx_word' id='word_1_86' title='bbox 734 1344 802 1406; x_wconf 92' lang='lat' dir='ltr'><strong>in</strong></span> <span class='ocrx_word' id='word_1_87' title='bbox 861 1352 1138 1427; x_wconf 84' lang='lat' dir='ltr'><strong>egestate</strong></span> <span class='ocrx_word' id='word_1_88' title='bbox 1196 1344 1319 1406; x_wconf 89' lang='lat' dir='ltr'><strong>erit</strong></span> <span class='ocrx_word' id='word_1_89' title='bbox 1335 1362 1352 1424; x_wconf 84' lang='lat'>3</span> <span class='ocrx_word' id='word_1_90' title='bbox 1403 1351 1468 1406; x_wconf 90' lang='lat' dir='ltr'><strong>et</strong></span> <span class='ocrx_word' id='word_1_91' title='bbox 1516 1363 1735 1406; x_wconf 86' lang='lat' dir='ltr'><strong>rursus</strong></span> <span class='ocrx_word' id='word_1_92' title='bbox 1795 1343 2235 1424; x_wconf 86' lang='lat' dir='ltr'><strong>conscriptum</strong></span> <span class='ocrx_word' id='word_1_93' title='bbox 3452 1345 3467 1360; x_wconf 85' lang='lat'><strong>‘</strong></span> 
     </span>
     <span class='ocr_line' id='line_1_10' title="bbox 470 1441 3775 1520; baseline -0.001 -14"><span class='ocrx_word' id='word_1_94' title='bbox 470 1463 585 1506; x_wconf 73' lang='lat' dir='ltr'><strong>md.</strong></span> <span class='ocrx_word' id='word_1_95' title='bbox 617 1475 702 1513; x_wconf 70' lang='lat' dir='ltr'><strong>xvi,</strong></span> <span class='ocrx_word' id='word_1_96' title='bbox 731 1451 828 1505; x_wconf 85' lang='lat' dir='ltr'><strong>est</strong></span> <span class='ocrx_word' id='word_1_97' title='bbox 862 1461 876 1506; x_wconf 71' lang='grc' dir='ltr'><em>τ</em></span> <span class='ocrx_word' id='word_1_98' title='bbox 909 1443 1019 1506; x_wconf 89' lang='lat' dir='ltr'><strong>Vir</strong></span> <span class='ocrx_word' id='word_1_99' title='bbox 1057 1444 1122 1505; x_wconf 92' lang='lat' dir='ltr'><strong>in</strong></span> <span class='ocrx_word' id='word_1_100' title='bbox 1161 1442 1486 1506; x_wconf 92' lang='lat' dir='ltr'><strong>doloribus</strong></span> <span class='ocrx_word' id='word_1_101' title='bbox 1533 1442 1774 1505; x_wconf 88' lang='lat' dir='ltr'><strong>laborat</strong></span> <span class='ocrx_word' id='word_1_102' title='bbox 1817 1441 1962 1517; x_wconf 90' lang='lat' dir='ltr'><strong>sibi,</strong></span> <span class='ocrx_word' id='word_1_103' title='bbox 1997 1449 2060 1503; x_wconf 87' lang='lat' dir='ltr'><strong>et</strong></span> <span class='ocrx_word' id='word_1_104' title='bbox 2099 1441 2233 1504; x_wconf 89' lang='lat' dir='ltr'><strong>vim</strong></span> <span class='ocrx_word' id='word_1_105' title='bbox 2417 1445 2748 1517; x_wconf 76' lang='lat' dir='ltr'><strong>Responsio</strong></span> <span class='ocrx_word' id='word_1_106' title='bbox 2776 1446 2849 1502; x_wconf 85' lang='lat' dir='ltr'><strong>de</strong></span> <span class='ocrx_word' id='word_1_107' title='bbox 2877 1446 3199 1517; x_wconf 78' lang='lat' dir='ltr'><strong>adjutorio</strong></span> <span class='ocrx_word' id='word_1_108' title='bbox 3226 1448 3363 1510; x_wconf 78' lang='lat' dir='ltr'><strong>Dei,</strong></span> <span class='ocrx_word' id='word_1_109' title='bbox 3392 1453 3451 1504; x_wconf 83' lang='lat' dir='ltr'><strong>et</strong></span> <span class='ocrx_word' id='word_1_110' title='bbox 3470 1451 3775 1520; x_wconf 77' lang='lat' dir='ltr'><strong>potestate</strong></span> 
     </span>
     <span class='ocr_line' id='line_1_11' title="bbox 434 1527 3341 1631; baseline 0 -27"><span class='ocrx_word' id='word_1_111' title='bbox 434 1527 653 1631; x_wconf 32' lang='lat' dir='ltr'><strong>{affixi-‘¹¹⁸⁸</strong></span> <span class='ocrx_word' id='word_1_112' title='bbox 730 1541 884 1605; x_wconf 86' lang='lat' dir='ltr'><strong>facit</strong></span> <span class='ocrx_word' id='word_1_113' title='bbox 931 1541 1273 1625; x_wconf 87' lang='lat' dir='ltr'><strong>perditioni</strong></span> <span class='ocrx_word' id='word_1_114' title='bbox 1325 1561 1472 1604; x_wconf 82' lang='lat' dir='ltr'><strong>suae.</strong></span> <span class='ocrx_word' id='word_1_115' title='bbox 1517 1541 1636 1604; x_wconf 87' lang='lat' dir='ltr'><strong>Sed</strong></span> <span class='ocrx_word' id='word_1_116' title='bbox 1687 1549 1751 1604; x_wconf 89' lang='lat' dir='ltr'><strong>et</strong></span> <span class='ocrx_word' id='word_1_117' title='bbox 1793 1559 2060 1622; x_wconf 91' lang='lat' dir='ltr'><strong>regnum</strong></span> <span class='ocrx_word' id='word_1_118' title='bbox 2111 1557 2234 1603; x_wconf 76' lang='grc' dir='ltr'><strong>οω-</strong></span> <span class='ocrx_word' id='word_1_119' title='bbox 2842 1535 3030 1591; x_wconf 70' lang='lat' dir='ltr'><strong>liberi</strong></span> <span class='ocrx_word' id='word_1_120' title='bbox 3056 1536 3341 1592; x_wconf 65' lang='lat' dir='ltr'><strong>arbitrii·</strong></span> 
     </span>
     <span class='ocr_line' id='line_1_12' title="bbox 449 1639 2231 1722; baseline -0.002 -20"><span class='ocrx_word' id='word_1_121' title='bbox 449 1650 702 1702; x_wconf 58' lang='lat' dir='ltr'><strong>Manli-¹1.</strong></span> <span class='ocrx_word' id='word_1_122' title='bbox 733 1640 939 1703; x_wconf 91' lang='lat' dir='ltr'><strong>lorum</strong></span> <span class='ocrx_word' id='word_1_123' title='bbox 988 1641 1122 1703; x_wconf 87' lang='lat' dir='ltr'><strong>vim</strong></span> <span class='ocrx_word' id='word_1_124' title='bbox 1181 1640 1440 1722; x_wconf 86' lang='lat' dir='ltr'><strong>patitur,</strong></span> <span class='ocrx_word' id='word_1_125' title='bbox 1492 1648 1556 1702; x_wconf 89' lang='lat' dir='ltr'><strong>et</strong></span> <span class='ocrx_word' id='word_1_126' title='bbox 1603 1640 1867 1703; x_wconf 90' lang='lat' dir='ltr'><strong>violenti</strong></span> <span class='ocrx_word' id='word_1_127' title='bbox 1916 1639 2231 1722; x_wconf 93' lang='lat' dir='ltr'><strong>diripiunt</strong></span> 
     </span>
     <span class='ocr_line' id='line_1_13' title="bbox 435 1716 3859 1822; baseline 0.001 -22"><span class='ocrx_word' id='word_1_128' title='bbox 435 1716 502 1756; x_wconf 75' lang='lat'><strong>¹²·</strong></span> <span class='ocrx_word' id='word_1_129' title='bbox 731 1739 1110 1803; x_wconf 87' lang='lat' dir='ltr'><strong>illud.Nulla</strong></span> <span class='ocrx_word' id='word_1_130' title='bbox 1141 1758 1417 1821; x_wconf 89' lang='lat' dir='ltr'><strong>namque</strong></span> <span class='ocrx_word' id='word_1_131' title='bbox 1447 1738 1652 1801; x_wconf 88' lang='lat' dir='ltr'><strong>virtus</strong></span> <span class='ocrx_word' id='word_1_132' title='bbox 1683 1738 1820 1801; x_wconf 91' lang='lat' dir='ltr'><strong>sine</strong></span> <span class='ocrx_word' id='word_1_133' title='bbox 1851 1739 2064 1801; x_wconf 91' lang='lat' dir='ltr'><strong>dolore</strong></span> <span class='ocrx_word' id='word_1_134' title='bbox 2096 1755 2231 1819; x_wconf 91' lang='lat' dir='ltr'><strong>per·</strong></span> <span class='ocrx_word' id='word_1_135' title='bbox 2465 1738 2765 1802; x_wconf 89' lang='lat' dir='ltr'><strong>ERENUS</strong></span> <span class='ocrx_word' id='word_1_136' title='bbox 2800 1758 2814 1800; x_wconf 92' lang='lat'>:</span> <span class='ocrx_word' id='word_1_137' title='bbox 2848 1739 3245 1822; x_wconf 88' lang='lat' dir='ltr'><strong>Quicumque</strong></span> <span class='ocrx_word' id='word_1_138' title='bbox 3282 1740 3597 1805; x_wconf 89' lang='lat' dir='ltr'><strong>interioris</strong></span> <span class='ocrx_word' id='word_1_139' title='bbox 3636 1742 3859 1804; x_wconf 88' lang='lat' dir='ltr'><strong>homi-</strong></span> 
     </span>
    </p>
   </div>
   <div class='ocr_carea' id='block_1_5' title="bbox 435 1835 4307 3897">
    <p class='ocr_par' dir='ltr' id='par_1_6' title="bbox 435 1835 4307 3897">
     <span class='ocr_line' id='line_1_14' title="bbox 727 1835 3853 1920; baseline 0.001 -20"><span class='ocrx_word' id='word_1_140' title='bbox 727 1837 968 1912; x_wconf 86' lang='lat' dir='ltr'><strong>ficitur,</strong></span> <span class='ocrx_word' id='word_1_141' title='bbox 1002 1857 1120 1900; x_wconf 89' lang='lat' dir='ltr'><strong>nec</strong></span> <span class='ocrx_word' id='word_1_142' title='bbox 1154 1837 1269 1900; x_wconf 92' lang='lat' dir='ltr'><strong>ulli</strong></span> <span class='ocrx_word' id='word_1_143' title='bbox 1309 1837 1614 1919; x_wconf 89' lang='lat' dir='ltr'><strong>possibile</strong></span> <span class='ocrx_word' id='word_1_144' title='bbox 1647 1845 1745 1900; x_wconf 90' lang='lat' dir='ltr'><strong>est</strong></span> <span class='ocrx_word' id='word_1_145' title='bbox 1772 1837 2115 1898; x_wconf 90' lang='lat' dir='ltr'><strong>ascendere</strong></span> <span class='ocrx_word' id='word_1_146' title='bbox 2146 1835 2225 1898; x_wconf 90' lang='lat' dir='ltr'><strong>ad</strong></span> <span class='ocrx_word' id='word_1_147' title='bbox 2263 1839 2310 1901; x_wconf 93' lang='lat' dir='ltr'><strong>B</strong></span> <span class='ocrx_word' id='word_1_148' title='bbox 2481 1837 2582 1900; x_wconf 90' lang='lat' dir='ltr'><strong>nis</strong></span> <span class='ocrx_word' id='word_1_149' title='bbox 2624 1856 2867 1920; x_wconf 88' lang='lat' dir='ltr'><strong>pugnas</strong></span> <span class='ocrx_word' id='word_1_150' title='bbox 2898 1838 3143 1920; x_wconf 88' lang='lat' dir='ltr'><strong>experti</strong></span> <span class='ocrx_word' id='word_1_151' title='bbox 3183 1848 3354 1915; x_wconf 90' lang='lat' dir='ltr'><strong>sunt,</strong></span> <span class='ocrx_word' id='word_1_152' title='bbox 3388 1840 3676 1903; x_wconf 87' lang='lat' dir='ltr'><strong>dubitare</strong></span> <span class='ocrx_word' id='word_1_153' title='bbox 3707 1858 3853 1902; x_wconf 87' lang='lat' dir='ltr'><strong>nou</strong></span> 
     </span>
     <span class='ocr_line' id='line_1_15' title="bbox 726 1935 3851 2019; baseline 0 -19"><span class='ocrx_word' id='word_1_154' title='bbox 726 1937 890 2000; x_wconf 87' lang='lat' dir='ltr'><strong>hanc</strong></span> <span class='ocrx_word' id='word_1_155' title='bbox 923 1937 1154 2000; x_wconf 87' lang='lat' dir='ltr'><strong>mentis</strong></span> <span class='ocrx_word' id='word_1_156' title='bbox 1185 1937 1598 2000; x_wconf 79' lang='lat' dir='ltr'><strong>stabilitatem</strong></span> <span class='ocrx_word' id='word_1_157' title='bbox 1629 1956 1821 2019; x_wconf 88' lang='lat' dir='ltr'><strong>quam</strong></span> <span class='ocrx_word' id='word_1_158' title='bbox 1853 1937 2110 2018; x_wconf 81' lang='lat' dir='ltr'><strong>cupitiS‚</strong></span> <span class='ocrx_word' id='word_1_159' title='bbox 2143 1935 2226 1997; x_wconf 89' lang='lat' dir='ltr'><strong>si·</strong></span> <span class='ocrx_word' id='word_1_160' title='bbox 2340 1945 2605 2018; x_wconf 87' lang='lat' dir='ltr'><strong>possunt</strong></span> <span class='ocrx_word' id='word_1_161' title='bbox 2634 1935 2793 2019; x_wconf 89' lang='lat' dir='ltr'><strong>quin</strong></span> <span class='ocrx_word' id='word_1_162' title='bbox 2825 1937 3183 2000; x_wconf 88' lang='lat' dir='ltr'><strong>invisibiles</strong></span> <span class='ocrx_word' id='word_1_163' title='bbox 3213 1939 3425 2001; x_wconf 88' lang='lat' dir='ltr'><strong>hostes</strong></span> <span class='ocrx_word' id='word_1_164' title='bbox 3456 1938 3641 2001; x_wconf 89' lang='lat' dir='ltr'><strong>nobis</strong></span> <span class='ocrx_word' id='word_1_165' title='bbox 3670 1957 3851 2001; x_wconf 88' lang='lat' dir='ltr'><strong>sem-</strong></span> 
     </span>
     <span class='ocr_line' id='line_1_16' title="bbox 466 2035 3855 2118; baseline 0 -18"><span class='ocrx_word' id='word_1_166' title='bbox 466 2056 549 2100; x_wconf 71' lang='grc' dir='ltr'><strong>,τοὺ</strong></span> <span class='ocrx_word' id='word_1_167' title='bbox 574 2057 668 2106; x_wconf 59' lang='grc' dir='ltr'><em>νς-ι.</em></span> <span class='ocrx_word' id='word_1_168' title='bbox 727 2055 808 2098; x_wconf 92' lang='lat' dir='ltr'><strong>ne</strong></span> <span class='ocrx_word' id='word_1_169' title='bbox 839 2036 1080 2117; x_wconf 82' lang='lat' dir='ltr'><strong>ingenti</strong></span> <span class='ocrx_word' id='word_1_170' title='bbox 1112 2035 1320 2099; x_wconf 90' lang='lat' dir='ltr'><strong>cordis</strong></span> <span class='ocrx_word' id='word_1_171' title='bbox 1352 2036 1732 2099; x_wconf 83' lang='lat' dir='ltr'><strong>contritione</strong></span> <span class='ocrx_word' id='word_1_172' title='bbox 1766 2053 1779 2097; x_wconf 76' lang='grc' dir='ltr'>ε</span> <span class='ocrx_word' id='word_1_173' title='bbox 1815 2035 2015 2098; x_wconf 89' lang='lat' dir='ltr'><strong>Homo</strong></span> <span class='ocrx_word' id='word_1_174' title='bbox 2045 2035 2229 2118; x_wconf 89' lang='lat' dir='ltr'><strong>quip-</strong></span> <span class='ocrx_word' id='word_1_175' title='bbox 2338 2053 2451 2116; x_wconf 89' lang='lat' dir='ltr'><strong>per</strong></span> <span class='ocrx_word' id='word_1_176' title='bbox 2501 2035 2919 2114; x_wconf 84' lang='lat' dir='ltr'><strong>insidientur3</strong></span> <span class='ocrx_word' id='word_1_177' title='bbox 2961 2036 3070 2098; x_wconf 90' lang='lat' dir='ltr'><strong>sed</strong></span> <span class='ocrx_word' id='word_1_178' title='bbox 3121 2037 3209 2099; x_wconf 87' lang='lat' dir='ltr'><strong>ita</strong></span> <span class='ocrx_word' id='word_1_179' title='bbox 3256 2037 3530 2099; x_wconf 86' lang='lat' dir='ltr'><strong>dicimus</strong></span> <span class='ocrx_word' id='word_1_180' title='bbox 3570 2056 3678 2100; x_wconf 89' lang='lat' dir='ltr'><strong>eos</strong></span> <span class='ocrx_word' id='word_1_181' title='bbox 3730 2057 3855 2100; x_wconf 91' lang='lat' dir='ltr'><strong>no-</strong></span> 
     </span>
     <span class='ocr_line' id='line_1_17' title="bbox 449 2134 3851 2217; baseline 0 -19"><span class='ocrx_word' id='word_1_182' title='bbox 449 2155 696 2211; x_wconf 61' lang='lat' dir='ltr'><strong>Ephemtv,</strong></span> <span class='ocrx_word' id='word_1_183' title='bbox 727 2153 806 2217; x_wconf 92' lang='lat' dir='ltr'><strong>pe</strong></span> <span class='ocrx_word' id='word_1_184' title='bbox 851 2135 1134 2197; x_wconf 87' lang='lat' dir='ltr'><strong>nascitur</strong></span> <span class='ocrx_word' id='word_1_185' title='bbox 1176 2135 1253 2196; x_wconf 89' lang='lat' dir='ltr'><strong>ad</strong></span> <span class='ocrx_word' id='word_1_186' title='bbox 1303 2134 1604 2197; x_wconf 90' lang='lat' dir='ltr'><strong>laborem.</strong></span> <span class='ocrx_word' id='word_1_187' title='bbox 1639 2134 1757 2208; x_wconf 88' lang='lat' dir='ltr'><strong>Qui</strong></span> <span class='ocrx_word' id='word_1_188' title='bbox 1801 2142 1872 2196; x_wconf 89' lang='lat' dir='ltr'><strong>ut</strong></span> <span class='ocrx_word' id='word_1_189' title='bbox 1914 2134 2113 2216; x_wconf 87' lang='lat' dir='ltr'><strong>possit</strong></span> <span class='ocrx_word' id='word_1_190' title='bbox 2159 2134 2227 2194; x_wconf 92' lang='lat' dir='ltr'><strong>in</strong></span> <span class='ocrx_word' id='word_1_191' title='bbox 2335 2135 2483 2196; x_wconf 88' lang='lat' dir='ltr'><strong>stris</strong></span> <span class='ocrx_word' id='word_1_192' title='bbox 2534 2134 2925 2216; x_wconf 83' lang='lat' dir='ltr'><strong>profectibus</strong></span> <span class='ocrx_word' id='word_1_193' title='bbox 2983 2136 3326 2211; x_wconf 88' lang='lat' dir='ltr'><strong>adversari,</strong></span> <span class='ocrx_word' id='word_1_194' title='bbox 3376 2144 3449 2198; x_wconf 90' lang='lat' dir='ltr'><strong>ut</strong></span> <span class='ocrx_word' id='word_1_195' title='bbox 3502 2137 3851 2199; x_wconf 86' lang='lat' dir='ltr'><strong>credamus</strong></span> 
     </span>
     <span class='ocr_line' id='line_1_18' title="bbox 435 2223 3853 2317; baseline 0.001 -21"><span class='ocrx_word' id='word_1_196' title='bbox 435 2223 500 2262; x_wconf 83' lang='lat'><strong>¹³·</strong></span> <span class='ocrx_word' id='word_1_197' title='bbox 726 2235 939 2296; x_wconf 90' lang='lat' dir='ltr'><strong>virum</strong></span> <span class='ocrx_word' id='word_1_198' title='bbox 981 2235 1336 2317; x_wconf 79' lang='lat' dir='ltr'><strong>perfectum</strong></span> <span class='ocrx_word' id='word_1_199' title='bbox 1367 2252 1722 2309; x_wconf 90' lang='lat' dir='ltr'><strong>occurrere,</strong></span> <span class='ocrx_word' id='word_1_200' title='bbox 1759 2235 1823 2296; x_wconf 91' lang='lat' dir='ltr'><strong>in</strong></span> <span class='ocrx_word' id='word_1_201' title='bbox 1857 2252 2224 2297; x_wconf 87' lang='lat' dir='ltr'><strong>mensuram</strong></span> <span class='ocrx_word' id='word_1_202' title='bbox 2335 2251 2442 2296; x_wconf 90' lang='lat' dir='ltr'><strong>eos</strong></span> <span class='ocrx_word' id='word_1_203' title='bbox 2486 2251 2624 2295; x_wconf 90' lang='lat' dir='ltr'><strong>esse</strong></span> <span class='ocrx_word' id='word_1_204' title='bbox 2669 2242 3065 2314; x_wconf 87' lang='lat' dir='ltr'><strong>suggestores</strong></span> <span class='ocrx_word' id='word_1_205' title='bbox 3114 2235 3451 2309; x_wconf 91' lang='lat' dir='ltr'><strong>malorum,</strong></span> <span class='ocrx_word' id='word_1_206' title='bbox 3495 2253 3619 2298; x_wconf 91' lang='lat' dir='ltr'><strong>non</strong></span> <span class='ocrx_word' id='word_1_207' title='bbox 3664 2254 3853 2298; x_wconf 89' lang='lat' dir='ltr'><strong>com-</strong></span> 
     </span>
     <span class='ocr_line' id='line_1_19' title="bbox 724 2331 3847 2416; baseline 0 -20"><span class='ocrx_word' id='word_1_208' title='bbox 724 2333 924 2396; x_wconf 82' lang='lat' dir='ltr'><strong>aetatis</strong></span> <span class='ocrx_word' id='word_1_209' title='bbox 957 2333 1375 2416; x_wconf 87' lang='lat' dir='ltr'><strong>plenitudinis</strong></span> <span class='ocrx_word' id='word_1_210' title='bbox 1401 2333 1650 2406; x_wconf 89' lang='lat' dir='ltr'><strong>Christi,</strong></span> <span class='ocrx_word' id='word_1_211' title='bbox 1667 2351 1926 2396; x_wconf 89' lang='lat' dir='ltr'><strong>necesse</strong></span> <span class='ocrx_word' id='word_1_212' title='bbox 1956 2341 2052 2395; x_wconf 87' lang='lat' dir='ltr'><strong>est</strong></span> <span class='ocrx_word' id='word_1_213' title='bbox 2081 2352 2227 2394; x_wconf 90' lang='lat' dir='ltr'><strong>eum</strong></span> <span class='ocrx_word' id='word_1_214' title='bbox 2336 2331 2643 2414; x_wconf 80' lang='lat' dir='ltr'><strong>pulsoreS.</strong></span> <span class='ocrx_word' id='word_1_215' title='bbox 2680 2331 2974 2395; x_wconf 91' lang='lat' dir='ltr'><strong>Ceterum</strong></span> <span class='ocrx_word' id='word_1_216' title='bbox 3003 2333 3221 2396; x_wconf 90' lang='lat' dir='ltr'><strong>nullus</strong></span> <span class='ocrx_word' id='word_1_217' title='bbox 3254 2334 3585 2396; x_wconf 91' lang='lat' dir='ltr'><strong>hominum</strong></span> <span class='ocrx_word' id='word_1_218' title='bbox 3620 2345 3847 2416; x_wconf 84' lang='lat' dir='ltr'><strong>posset</strong></span> 
     </span>
     <span class='ocr_line' id='line_1_20' title="bbox 725 2430 3846 2515; baseline 0.001 -21"><span class='ocrx_word' id='word_1_219' title='bbox 725 2450 980 2514; x_wconf 91' lang='lat' dir='ltr'><strong>semper</strong></span> <span class='ocrx_word' id='word_1_220' title='bbox 1009 2450 1148 2494; x_wconf 87' lang='lat' dir='ltr'><strong>esse</strong></span> <span class='ocrx_word' id='word_1_221' title='bbox 1179 2431 1554 2514; x_wconf 90' lang='lat' dir='ltr'><strong>pervigilem</strong></span> <span class='ocrx_word' id='word_1_222' title='bbox 1587 2432 1939 2494; x_wconf 88' lang='lat' dir='ltr'><strong>intentione</strong></span> <span class='ocrx_word' id='word_1_223' title='bbox 1973 2450 2221 2513; x_wconf 88' lang='lat' dir='ltr'><strong>magna,</strong></span> <span class='ocrx_word' id='word_1_224' title='bbox 2333 2430 2533 2492; x_wconf 88' lang='lat' dir='ltr'><strong>vitare</strong></span> <span class='ocrx_word' id='word_1_225' title='bbox 2565 2430 3013 2513; x_wconf 89' lang='lat' dir='ltr'><strong>quodcumque</strong></span> <span class='ocrx_word' id='word_1_226' title='bbox 3043 2439 3378 2513; x_wconf 89' lang='lat' dir='ltr'><strong>peccatum</strong></span> <span class='ocrx_word' id='word_1_227' title='bbox 3408 2433 3577 2515; x_wconf 89' lang='lat' dir='ltr'><strong>quod</strong></span> <span class='ocrx_word' id='word_1_228' title='bbox 3618 2434 3846 2496; x_wconf 88' lang='lat' dir='ltr'><strong>hostes</strong></span> 
     </span>
     <span class='ocr_line' id='line_1_21' title="bbox 720 2528 3845 2612; baseline 0.001 -21"><span class='ocrx_word' id='word_1_229' title='bbox 720 2548 796 2591; x_wconf 90' lang='lat' dir='ltr'><strong>ac</strong></span> <span class='ocrx_word' id='word_1_230' title='bbox 838 2530 979 2612; x_wconf 83' lang='lat' dir='ltr'><strong>jugi</strong></span> <span class='ocrx_word' id='word_1_231' title='bbox 1039 2530 1470 2593; x_wconf 89' lang='lat' dir='ltr'><strong>sollicitudine</strong></span> <span class='ocrx_word' id='word_1_232' title='bbox 1518 2530 1845 2592; x_wconf 87' lang='lat' dir='ltr'><strong>desudare.</strong></span> <span class='ocrx_word' id='word_1_233' title='bbox 1894 2529 1988 2593; x_wconf 88' lang='lat' dir='ltr'><strong>Ad</strong></span> <span class='ocrx_word' id='word_1_234' title='bbox 2038 2529 2224 2610; x_wconf 83' lang='lat' dir='ltr'><strong>cujus</strong></span> <span class='ocrx_word' id='word_1_235' title='bbox 2335 2528 2430 2590; x_wconf 93' lang='lat' dir='ltr'><strong>illi</strong></span> <span class='ocrx_word' id='word_1_236' title='bbox 2478 2530 2711 2591; x_wconf 89' lang='lat' dir='ltr'><strong>nostris</strong></span> <span class='ocrx_word' id='word_1_237' title='bbox 2762 2529 3061 2592; x_wconf 90' lang='lat' dir='ltr'><strong>cordibus</strong></span> <span class='ocrx_word' id='word_1_238' title='bbox 3113 2531 3553 2607; x_wconf 85' lang='lat' dir='ltr'><strong>immitterent,</strong></span> <span class='ocrx_word' id='word_1_239' title='bbox 3598 2531 3651 2594; x_wconf 93' lang='lat' dir='ltr'><strong>si</strong></span> <span class='ocrx_word' id='word_1_240' title='bbox 3701 2531 3845 2594; x_wconf 88' lang='lat' dir='ltr'><strong>illis</strong></span> 
     </span>
     <span class='ocr_line' id='line_1_22' title="bbox 722 2627 3847 2713; baseline 0 -23"><span class='ocrx_word' id='word_1_241' title='bbox 722 2635 936 2691; x_wconf 85' lang='lat' dir='ltr'><strong>tamen</strong></span> <span class='ocrx_word' id='word_1_242' title='bbox 967 2648 1281 2692; x_wconf 84' lang='lat' dir='ltr'><strong>mensurae</strong></span> <span class='ocrx_word' id='word_1_243' title='bbox 1312 2628 1780 2710; x_wconf 86' lang='lat' dir='ltr'><strong>plenitudinem</strong></span> <span class='ocrx_word' id='word_1_244' title='bbox 1821 2646 2010 2691; x_wconf 92' lang='lat' dir='ltr'><strong>nemo</strong></span> <span class='ocrx_word' id='word_1_245' title='bbox 2039 2629 2225 2690; x_wconf 87' lang='lat' dir='ltr'><strong>aliter</strong></span> <span class='ocrx_word' id='word_1_246' title='bbox 2334 2627 2421 2689; x_wconf 89' lang='lat' dir='ltr'><strong>ita</strong></span> <span class='ocrx_word' id='word_1_247' title='bbox 2450 2628 2697 2690; x_wconf 81' lang='lat' dir='ltr'><strong>adesset</strong></span> <span class='ocrx_word' id='word_1_248' title='bbox 2727 2628 3005 2690; x_wconf 89' lang='lat' dir='ltr'><strong>violenta</strong></span> <span class='ocrx_word' id='word_1_249' title='bbox 3039 2627 3305 2692; x_wconf 78' lang='lat' dir='ltr'><strong>facultas</strong></span> <span class='ocrx_word' id='word_1_250' title='bbox 3340 2631 3417 2692; x_wconf 90' lang='lat' dir='ltr'><strong>ad</strong></span> <span class='ocrx_word' id='word_1_251' title='bbox 3448 2629 3847 2713; x_wconf 89' lang='lat' dir='ltr'><strong>compellen-</strong></span> 
     </span>
     <span class='ocr_line' id='line_1_23' title="bbox 720 2726 3841 2810; baseline 0 -20"><span class='ocrx_word' id='word_1_252' title='bbox 720 2729 1051 2809; x_wconf 88' lang='lat' dir='ltr'><strong>perveniet</strong></span> <span class='ocrx_word' id='word_1_253' title='bbox 1081 2728 1147 2791; x_wconf 90' lang='lat' dir='ltr'><strong>in</strong></span> <span class='ocrx_word' id='word_1_254' title='bbox 1188 2727 1426 2802; x_wconf 84' lang='lat' dir='ltr'><strong>futuro,</strong></span> <span class='ocrx_word' id='word_1_255' title='bbox 1460 2728 1585 2790; x_wconf 89' lang='lat' dir='ltr'><strong>nisi</strong></span> <span class='ocrx_word' id='word_1_256' title='bbox 1628 2728 1738 2810; x_wconf 89' lang='lat' dir='ltr'><strong>qui</strong></span> <span class='ocrx_word' id='word_1_257' title='bbox 1779 2747 1920 2790; x_wconf 88' lang='lat' dir='ltr'><strong>eam</strong></span> <span class='ocrx_word' id='word_1_258' title='bbox 1961 2746 2225 2810; x_wconf 85' lang='lat' dir='ltr'><strong>praeme·</strong></span> <span class='ocrx_word' id='word_1_259' title='bbox 2332 2726 2509 2800; x_wconf 88' lang='lat' dir='ltr'><strong>dum,</strong></span> <span class='ocrx_word' id='word_1_260' title='bbox 2544 2726 2711 2788; x_wconf 87' lang='lat' dir='ltr'><strong>sicut</strong></span> <span class='ocrx_word' id='word_1_261' title='bbox 2746 2727 2824 2788; x_wconf 88' lang='lat' dir='ltr'><strong>ad</strong></span> <span class='ocrx_word' id='word_1_262' title='bbox 2860 2728 3346 2808; x_wconf 89' lang='lat' dir='ltr'><strong>suggerendum.</strong></span> <span class='ocrx_word' id='word_1_263' title='bbox 3383 2728 3841 2802; x_wconf 87' lang='lat' dir='ltr'><strong>Quamobrem,</strong></span> 
     </span>
     <span class='ocr_line' id='line_1_24' title="bbox 719 2823 3841 2910; baseline 0.001 -22"><span class='ocrx_word' id='word_1_264' title='bbox 719 2828 954 2889; x_wconf 87' lang='lat' dir='ltr'><strong>ditatus</strong></span> <span class='ocrx_word' id='word_1_265' title='bbox 1011 2834 1201 2910; x_wconf 89' lang='lat' dir='ltr'><strong>atque</strong></span> <span class='ocrx_word' id='word_1_266' title='bbox 1251 2826 1536 2889; x_wconf 88' lang='lat' dir='ltr'><strong>imbutus</strong></span> <span class='ocrx_word' id='word_1_267' title='bbox 1586 2845 1660 2888; x_wconf 88' lang='lat' dir='ltr'><strong>ea</strong></span> <span class='ocrx_word' id='word_1_268' title='bbox 1709 2826 1903 2889; x_wconf 83' lang='lat' dir='ltr'><strong>fuerit</strong></span> <span class='ocrx_word' id='word_1_269' title='bbox 1953 2827 2019 2888; x_wconf 91' lang='lat' dir='ltr'><strong>in</strong></span> <span class='ocrx_word' id='word_1_270' title='bbox 2069 2846 2224 2908; x_wconf 82' lang='lat' dir='ltr'><strong>prae-</strong></span> <span class='ocrx_word' id='word_1_271' title='bbox 2332 2823 2498 2886; x_wconf 88' lang='lat' dir='ltr'><strong>sicut</strong></span> <span class='ocrx_word' id='word_1_272' title='bbox 2557 2824 2624 2886; x_wconf 94' lang='lat' dir='ltr'><strong>in</strong></span> <span class='ocrx_word' id='word_1_273' title='bbox 2684 2824 2813 2887; x_wconf 90' lang='lat' dir='ltr'><strong>illis</strong></span> <span class='ocrx_word' id='word_1_274' title='bbox 2870 2833 2967 2888; x_wconf 88' lang='lat' dir='ltr'><strong>est</strong></span> <span class='ocrx_word' id='word_1_275' title='bbox 3025 2827 3208 2908; x_wconf 90' lang='lat' dir='ltr'><strong>copia</strong></span> <span class='ocrx_word' id='word_1_276' title='bbox 3269 2827 3693 2909; x_wconf 84' lang='lat' dir='ltr'><strong>instigationis</strong></span> <span class='ocrx_word' id='word_1_277' title='bbox 3754 2829 3841 2890; x_wconf 87' lang='lat' dir='ltr'><strong>ad</strong></span> 
     </span>
     <span class='ocr_line' id='line_1_25' title="bbox 719 2923 3844 3008; baseline 0 -20"><span class='ocrx_word' id='word_1_278' title='bbox 719 2925 906 3000; x_wconf 85' lang='lat' dir='ltr'><strong>senti,</strong></span> <span class='ocrx_word' id='word_1_279' title='bbox 949 2945 1218 3008; x_wconf 89' lang='lat' dir='ltr'><strong>eamque</strong></span> <span class='ocrx_word' id='word_1_280' title='bbox 1264 2925 1693 3008; x_wconf 85' lang='lat' dir='ltr'><strong>praelibaverit</strong></span> <span class='ocrx_word' id='word_1_281' title='bbox 1735 2926 1943 2987; x_wconf 90' lang='lat' dir='ltr'><strong>adhuc</strong></span> <span class='ocrx_word' id='word_1_282' title='bbox 1991 2926 2056 2987; x_wconf 94' lang='lat' dir='ltr'><strong>in</strong></span> <span class='ocrx_word' id='word_1_283' title='bbox 2100 2926 2221 2988; x_wconf 93' lang='lat' dir='ltr'><strong>hoc</strong></span> <span class='ocrx_word' id='word_1_284' title='bbox 2334 2923 2518 2996; x_wconf 88' lang='lat' dir='ltr'><strong>mala,</strong></span> <span class='ocrx_word' id='word_1_285' title='bbox 2554 2923 2640 2985; x_wconf 89' lang='lat' dir='ltr'><strong>ita</strong></span> <span class='ocrx_word' id='word_1_286' title='bbox 2685 2923 2869 2986; x_wconf 91' lang='lat' dir='ltr'><strong>nobis</strong></span> <span class='ocrx_word' id='word_1_287' title='bbox 2914 2924 3141 2987; x_wconf 86' lang='lat' dir='ltr'><strong>collata</strong></span> <span class='ocrx_word' id='word_1_288' title='bbox 3183 2932 3278 2988; x_wconf 90' lang='lat' dir='ltr'><strong>est</strong></span> <span class='ocrx_word' id='word_1_289' title='bbox 3317 2926 3576 2989; x_wconf 90' lang='lat' dir='ltr'><strong>libertas</strong></span> <span class='ocrx_word' id='word_1_290' title='bbox 3618 2927 3844 3008; x_wconf 88' lang='lat' dir='ltr'><strong>acqui-</strong></span> 
     </span>
     <span class='ocr_line' id='line_1_26' title="bbox 721 3023 3839 3107; baseline 0.001 -21"><span class='ocrx_word' id='word_1_291' title='bbox 721 3025 954 3087; x_wconf 80' lang='lat' dir='ltr'><strong>saeculo</strong></span> <span class='ocrx_word' id='word_1_292' title='bbox 993 3024 1273 3107; x_wconf 85' lang='lat' dir='ltr'><strong>positus3</strong></span> <span class='ocrx_word' id='word_1_293' title='bbox 1313 3032 1376 3086; x_wconf 91' lang='lat' dir='ltr'><strong>et</strong></span> <span class='ocrx_word' id='word_1_294' title='bbox 1407 3024 1639 3087; x_wconf 85' lang='lat' dir='ltr'><strong>Christi</strong></span> <span class='ocrx_word' id='word_1_295' title='bbox 1681 3025 2217 3106; x_wconf 90' lang='lat' dir='ltr'><strong>pretiosissimum</strong></span> <span class='ocrx_word' id='word_1_296' title='bbox 2254 3028 2296 3091; x_wconf 93' lang='lat' dir='ltr'>C</span> <span class='ocrx_word' id='word_1_297' title='bbox 2330 3023 2585 3084; x_wconf 89' lang='lat' dir='ltr'><strong>escendi</strong></span> <span class='ocrx_word' id='word_1_298' title='bbox 2636 3041 2709 3084; x_wconf 87' lang='lat' dir='ltr'><strong>ac</strong></span> <span class='ocrx_word' id='word_1_299' title='bbox 2760 3023 3121 3104; x_wconf 72' lang='lat' dir='ltr'><strong>respuendi.</strong></span> <span class='ocrx_word' id='word_1_300' title='bbox 3174 3024 3410 3087; x_wconf 86' lang='lat' dir='ltr'><strong>Verum</strong></span> <span class='ocrx_word' id='word_1_301' title='bbox 3462 3025 3514 3087; x_wconf 95' lang='lat' dir='ltr'><strong>si</strong></span> <span class='ocrx_word' id='word_1_302' title='bbox 3570 3025 3839 3088; x_wconf 87' lang='lat' dir='ltr'><strong>illorum</strong></span> 
     </span>
     <span class='ocr_line' id='line_1_27' title="bbox 720 3121 3845 3206; baseline 0.001 -22"><span class='ocrx_word' id='word_1_303' title='bbox 720 3122 1084 3185; x_wconf 89' lang='lat' dir='ltr'><strong>membrum</strong></span> <span class='ocrx_word' id='word_1_304' title='bbox 1126 3122 1418 3196; x_wconf 79' lang='lat' dir='ltr'><strong>effectuS,</strong></span> <span class='ocrx_word' id='word_1_305' title='bbox 1454 3123 1808 3204; x_wconf 90' lang='lat' dir='ltr'><strong>possederit</strong></span> <span class='ocrx_word' id='word_1_306' title='bbox 1841 3123 1904 3185; x_wconf 93' lang='lat' dir='ltr'><strong>in</strong></span> <span class='ocrx_word' id='word_1_307' title='bbox 1942 3123 2060 3184; x_wconf 91' lang='lat' dir='ltr'><strong>hac</strong></span> <span class='ocrx_word' id='word_1_308' title='bbox 2091 3141 2222 3185; x_wconf 89' lang='lat' dir='ltr'><strong>car·</strong></span> <span class='ocrx_word' id='word_1_309' title='bbox 2331 3121 2841 3203; x_wconf 87' lang='lat' dir='ltr'><strong>impugnationes</strong></span> <span class='ocrx_word' id='word_1_310' title='bbox 2872 3123 3344 3206; x_wconf 84' lang='lat' dir='ltr'><strong>potentiamque</strong></span> <span class='ocrx_word' id='word_1_311' title='bbox 3368 3143 3680 3198; x_wconf 87' lang='lat' dir='ltr'><strong>veremur,</strong></span> <span class='ocrx_word' id='word_1_312' title='bbox 3695 3143 3845 3206; x_wconf 89' lang='lat' dir='ltr'><strong>pro-</strong></span> 
     </span>
     <span class='ocr_line' id='line_1_28' title="bbox 717 3220 3841 3304; baseline 0.001 -22"><span class='ocrx_word' id='word_1_313' title='bbox 717 3240 798 3283; x_wconf 90' lang='lat' dir='ltr'><strong>ne</strong></span> <span class='ocrx_word' id='word_1_314' title='bbox 822 3222 1075 3284; x_wconf 89' lang='lat' dir='ltr'><strong>arrham</strong></span> <span class='ocrx_word' id='word_1_315' title='bbox 1107 3221 1665 3304; x_wconf 84' lang='lat' dir='ltr'><strong>compaginationis</strong></span> <span class='ocrx_word' id='word_1_316' title='bbox 1697 3222 1870 3285; x_wconf 91' lang='lat' dir='ltr'><strong>illius</strong></span> <span class='ocrx_word' id='word_1_317' title='bbox 1902 3241 2015 3304; x_wconf 89' lang='lat' dir='ltr'><strong>per</strong></span> <span class='ocrx_word' id='word_1_318' title='bbox 2038 3241 2223 3304; x_wconf 87' lang='lat' dir='ltr'><strong>quam</strong></span> <span class='ocrx_word' id='word_1_319' title='bbox 2325 3220 2634 3282; x_wconf 89' lang='lat' dir='ltr'><strong>tectiones</strong></span> <span class='ocrx_word' id='word_1_320' title='bbox 2669 3229 2857 3302; x_wconf 88' lang='lat' dir='ltr'><strong>atque</strong></span> <span class='ocrx_word' id='word_1_321' title='bbox 2887 3221 3123 3283; x_wconf 86' lang='lat' dir='ltr'><strong>auxilia</strong></span> <span class='ocrx_word' id='word_1_322' title='bbox 3152 3222 3404 3284; x_wconf 90' lang='lat' dir='ltr'><strong>Domini</strong></span> <span class='ocrx_word' id='word_1_323' title='bbox 3442 3223 3841 3304; x_wconf 88' lang='lat' dir='ltr'><strong>contemple-</strong></span> 
     </span>
     <span class='ocr_line' id='line_1_29' title="bbox 716 3319 4307 3403; baseline 0.003 -21"><span class='ocrx_word' id='word_1_324' title='bbox 716 3319 924 3382; x_wconf 84' lang='lat' dir='ltr'><strong>valeat</strong></span> <span class='ocrx_word' id='word_1_325' title='bbox 966 3321 1251 3402; x_wconf 90' lang='lat' dir='ltr'><strong>copulari</strong></span> <span class='ocrx_word' id='word_1_326' title='bbox 1294 3321 1543 3402; x_wconf 89' lang='lat' dir='ltr'><strong>corpori</strong></span> <span class='ocrx_word' id='word_1_327' title='bbox 1590 3321 1930 3384; x_wconf 87' lang='lat' dir='ltr'><strong>Salvatoris</strong></span> <span class='ocrx_word' id='word_1_328' title='bbox 1965 3339 1979 3383; x_wconf 91' lang='lat'>:</span> <span class='ocrx_word' id='word_1_329' title='bbox 2017 3340 2217 3382; x_wconf 90' lang='lat' dir='ltr'><strong>unum</strong></span> <span class='ocrx_word' id='word_1_330' title='bbox 2327 3337 2493 3393; x_wconf 91' lang='lat' dir='ltr'><strong>mur,</strong></span> <span class='ocrx_word' id='word_1_331' title='bbox 2527 3319 2604 3381; x_wconf 93' lang='lat' dir='ltr'><strong>de</strong></span> <span class='ocrx_word' id='word_1_332' title='bbox 2634 3337 2762 3401; x_wconf 89' lang='lat' dir='ltr'><strong>quo</strong></span> <span class='ocrx_word' id='word_1_333' title='bbox 2791 3319 2879 3381; x_wconf 91' lang='lat' dir='ltr'><strong>ait</strong></span> <span class='ocrx_word' id='word_1_334' title='bbox 2910 3319 3237 3402; x_wconf 88' lang='lat' dir='ltr'><strong>Scriptura</strong></span> <span class='ocrx_word' id='word_1_335' title='bbox 3262 3338 3275 3383; x_wconf 92' lang='lat'>:</span> <span class='ocrx_word' id='word_1_336' title='bbox 3300 3320 3497 3402; x_wconf 84' lang='lat' dir='ltr'><strong>Maj0r</strong></span> <span class='ocrx_word' id='word_1_337' title='bbox 3524 3330 3621 3384; x_wconf 90' lang='lat' dir='ltr'><strong>est</strong></span> <span class='ocrx_word' id='word_1_338' title='bbox 3648 3323 3834 3385; x_wconf 90' lang='lat' dir='ltr'><strong>enim</strong></span> <span class='ocrx_word' id='word_1_339' title='bbox 3894 3347 4215 3403; x_wconf 52' lang='lat' dir='ltr'><strong>moa-am,</strong></span> <span class='ocrx_word' id='word_1_340' title='bbox 4305 3357 4307 3394; x_wconf 91' lang='lat'><strong>:</strong></span> 
     </span>
     <span class='ocr_line' id='line_1_30' title="bbox 717 3415 3930 3502; baseline 0.001 -22"><span class='ocrx_word' id='word_1_341' title='bbox 717 3419 1042 3480; x_wconf 89' lang='lat' dir='ltr'><strong>dumtaxat</strong></span> <span class='ocrx_word' id='word_1_342' title='bbox 1073 3426 1298 3501; x_wconf 91' lang='lat' dir='ltr'><strong>optans</strong></span> <span class='ocrx_word' id='word_1_343' title='bbox 1325 3438 1400 3480; x_wconf 91' lang='lat' dir='ltr'><strong>ac</strong></span> <span class='ocrx_word' id='word_1_344' title='bbox 1431 3419 1874 3502; x_wconf 80' lang='lat' dir='ltr'><strong>sitienS,atque</strong></span> <span class='ocrx_word' id='word_1_345' title='bbox 1905 3420 1982 3482; x_wconf 88' lang='lat' dir='ltr'><strong>ad</strong></span> <span class='ocrx_word' id='word_1_346' title='bbox 2015 3438 2217 3482; x_wconf 91' lang='lat' dir='ltr'><strong>unum</strong></span> <span class='ocrx_word' id='word_1_347' title='bbox 2326 3417 2436 3499; x_wconf 90' lang='lat' dir='ltr'><strong>qui</strong></span> <span class='ocrx_word' id='word_1_348' title='bbox 2496 3417 2561 3479; x_wconf 92' lang='lat' dir='ltr'><strong>in</strong></span> <span class='ocrx_word' id='word_1_349' title='bbox 2613 3417 2797 3480; x_wconf 89' lang='lat' dir='ltr'><strong>vobis</strong></span> <span class='ocrx_word' id='word_1_350' title='bbox 2854 3426 2971 3492; x_wconf 91' lang='lat' dir='ltr'><strong>est,</strong></span> <span class='ocrx_word' id='word_1_351' title='bbox 3021 3437 3213 3501; x_wconf 89' lang='lat' dir='ltr'><strong>quam</strong></span> <span class='ocrx_word' id='word_1_352' title='bbox 3262 3421 3374 3502; x_wconf 89' lang='lat' dir='ltr'><strong>qui</strong></span> <span class='ocrx_word' id='word_1_353' title='bbox 3434 3421 3500 3482; x_wconf 92' lang='lat' dir='ltr'><strong>in</strong></span> <span class='ocrx_word' id='word_1_354' title='bbox 3560 3421 3828 3484; x_wconf 90' lang='lat' dir='ltr'><strong>mundo.</strong></span> <span class='ocrx_word' id='word_1_355' title='bbox 3872 3415 3930 3454; x_wconf 76' lang='lat'><strong>⁴·</strong></span> 
     </span>
     <span class='ocr_line' id='line_1_31' title="bbox 714 3515 3829 3600; baseline 0.001 -22"><span class='ocrx_word' id='word_1_356' title='bbox 714 3516 954 3597; x_wconf 85' lang='lat' dir='ltr'><strong>jugiter</strong></span> <span class='ocrx_word' id='word_1_357' title='bbox 1004 3517 1284 3598; x_wconf 89' lang='lat' dir='ltr'><strong>dirigens</strong></span> <span class='ocrx_word' id='word_1_358' title='bbox 1340 3535 1465 3580; x_wconf 92' lang='lat' dir='ltr'><strong>non</strong></span> <span class='ocrx_word' id='word_1_359' title='bbox 1525 3518 1732 3580; x_wconf 90' lang='lat' dir='ltr'><strong>solum</strong></span> <span class='ocrx_word' id='word_1_360' title='bbox 1791 3536 2012 3581; x_wconf 90' lang='lat' dir='ltr'><strong>omnes</strong></span> <span class='ocrx_word' id='word_1_361' title='bbox 2071 3537 2217 3580; x_wconf 88' lang='lat' dir='ltr'><strong>suas</strong></span> <span class='ocrx_word' id='word_1_362' title='bbox 2326 3515 2521 3597; x_wconf 91' lang='lat' dir='ltr'><strong>Cujus</strong></span> <span class='ocrx_word' id='word_1_363' title='bbox 2572 3516 2933 3579; x_wconf 89' lang='lat' dir='ltr'><strong>subsidium</strong></span> <span class='ocrx_word' id='word_1_364' title='bbox 2986 3517 3186 3580; x_wconf 90' lang='lat' dir='ltr'><strong>multo</strong></span> <span class='ocrx_word' id='word_1_365' title='bbox 3235 3519 3559 3600; x_wconf 88' lang='lat' dir='ltr'><strong>potentius</strong></span> <span class='ocrx_word' id='word_1_366' title='bbox 3606 3527 3701 3582; x_wconf 90' lang='lat' dir='ltr'><strong>est</strong></span> <span class='ocrx_word' id='word_1_367' title='bbox 3746 3521 3829 3582; x_wconf 76' lang='lat' dir='ltr'><strong>ad</strong></span> 
     </span>
     <span class='ocr_line' id='line_1_32' title="bbox 716 3613 3833 3698; baseline 0.001 -22"><span class='ocrx_word' id='word_1_368' title='bbox 716 3616 1020 3688; x_wconf 83' lang='lat' dir='ltr'><strong>actioneS,</strong></span> <span class='ocrx_word' id='word_1_369' title='bbox 1065 3615 1171 3677; x_wconf 91' lang='lat' dir='ltr'><strong>sed</strong></span> <span class='ocrx_word' id='word_1_370' title='bbox 1221 3615 1415 3677; x_wconf 91' lang='lat' dir='ltr'><strong>etiam</strong></span> <span class='ocrx_word' id='word_1_371' title='bbox 1465 3616 1899 3698; x_wconf 79' lang='lat' dir='ltr'><strong>cogitationeS,</strong></span> <span class='ocrx_word' id='word_1_372' title='bbox 1941 3624 2007 3678; x_wconf 89' lang='lat' dir='ltr'><strong>ut</strong></span> <span class='ocrx_word' id='word_1_373' title='bbox 2057 3616 2214 3678; x_wconf 90' lang='lat' dir='ltr'><strong>illud</strong></span> <span class='ocrx_word' id='word_1_374' title='bbox 2326 3613 2730 3677; x_wconf 87' lang='lat' dir='ltr'><strong>militandum</strong></span> <span class='ocrx_word' id='word_1_375' title='bbox 2795 3632 2909 3697; x_wconf 91' lang='lat' dir='ltr'><strong>pro</strong></span> <span class='ocrx_word' id='word_1_376' title='bbox 2968 3615 3175 3690; x_wconf 90' lang='lat' dir='ltr'><strong>nobis,</strong></span> <span class='ocrx_word' id='word_1_377' title='bbox 3227 3635 3420 3698; x_wconf 89' lang='lat' dir='ltr'><strong>quam</strong></span> <span class='ocrx_word' id='word_1_378' title='bbox 3478 3617 3833 3682; x_wconf 87' lang='lat' dir='ltr'><strong>multitudo</strong></span> 
     </span>
     <span class='ocr_line' id='line_1_33' title="bbox 716 3711 3827 3796; baseline 0.001 -22"><span class='ocrx_word' id='word_1_379' title='bbox 716 3713 886 3795; x_wconf 90' lang='lat' dir='ltr'><strong>quod</strong></span> <span class='ocrx_word' id='word_1_380' title='bbox 933 3713 1218 3775; x_wconf 54' lang='lat' dir='ltr'><strong>in=coelis</strong></span> <span class='ocrx_word' id='word_1_381' title='bbox 1261 3715 1505 3796; x_wconf 90' lang='lat' dir='ltr'><strong>appetit</strong></span> <span class='ocrx_word' id='word_1_382' title='bbox 1548 3714 1747 3778; x_wconf 82' lang='lat' dir='ltr'><strong>beatae</strong></span> <span class='ocrx_word' id='word_1_383' title='bbox 1793 3715 2217 3778; x_wconf 89' lang='lat' dir='ltr'><strong>conversatio-</strong></span> <span class='ocrx_word' id='word_1_384' title='bbox 2325 3711 2581 3774; x_wconf 89' lang='lat' dir='ltr'><strong>illorum</strong></span> <span class='ocrx_word' id='word_1_385' title='bbox 2639 3713 2977 3775; x_wconf 86' lang='lat' dir='ltr'><strong>adversum</strong></span> <span class='ocrx_word' id='word_1_386' title='bbox 3042 3731 3177 3776; x_wconf 90' lang='lat' dir='ltr'><strong>nos.</strong></span> <span class='ocrx_word' id='word_1_387' title='bbox 3239 3715 3403 3776; x_wconf 89' lang='lat' dir='ltr'><strong>Deus</strong></span> <span class='ocrx_word' id='word_1_388' title='bbox 3462 3715 3635 3777; x_wconf 89' lang='lat' dir='ltr'><strong>enim</strong></span> <span class='ocrx_word' id='word_1_389' title='bbox 3691 3734 3827 3779; x_wconf 88' lang='lat' dir='ltr'><strong>non</strong></span> 
     </span>
     <span class='ocr_line' id='line_1_34' title="bbox 717 3811 3831 3897; baseline 0.001 -24"><span class='ocrx_word' id='word_1_390' title='bbox 717 3811 818 3873; x_wconf 90' lang='lat' dir='ltr'><strong>nis</strong></span> <span class='ocrx_word' id='word_1_391' title='bbox 856 3812 1254 3886; x_wconf 90' lang='lat' dir='ltr'><strong>Sanctorum,</strong></span> <span class='ocrx_word' id='word_1_392' title='bbox 1287 3820 1496 3875; x_wconf 86' lang='lat' dir='ltr'><strong>teneat</strong></span> <span class='ocrx_word' id='word_1_393' title='bbox 1529 3813 1595 3875; x_wconf 89' lang='lat' dir='ltr'><strong>in</strong></span> <span class='ocrx_word' id='word_1_394' title='bbox 1636 3815 1932 3895; x_wconf 83' lang='lat' dir='ltr'><strong>praesenti</strong></span> <span class='ocrx_word' id='word_1_395' title='bbox 1971 3833 2086 3896; x_wconf 91' lang='lat' dir='ltr'><strong>per</strong></span> <span class='ocrx_word' id='word_1_396' title='bbox 2123 3832 2217 3874; x_wconf 87' lang='lat' dir='ltr'><strong>ar·</strong></span> <span class='ocrx_word' id='word_1_397' title='bbox 2324 3817 2570 3873; x_wconf 86' lang='lat' dir='ltr'><strong>tantum</strong></span> <span class='ocrx_word' id='word_1_398' title='bbox 2620 3819 2967 3893; x_wconf 88' lang='lat' dir='ltr'><strong>suggestor,</strong></span> <span class='ocrx_word' id='word_1_399' title='bbox 3008 3812 3117 3874; x_wconf 92' lang='lat' dir='ltr'><strong>sed</strong></span> <span class='ocrx_word' id='word_1_400' title='bbox 3162 3812 3363 3876; x_wconf 85' lang='lat' dir='ltr'><strong>factor</strong></span> <span class='ocrx_word' id='word_1_401' title='bbox 3404 3821 3469 3876; x_wconf 91' lang='lat' dir='ltr'><strong>et</strong></span> <span class='ocrx_word' id='word_1_402' title='bbox 3510 3813 3831 3897; x_wconf 88' lang='lat' dir='ltr'><strong>impulsor</strong></span> 
     </span>
    </p>
   </div>
   <div class='ocr_carea' id='block_1_6' title="bbox 419 3909 3829 4091">
    <p class='ocr_par' dir='ltr' id='par_1_7' title="bbox 419 3909 3829 4091">
     <span class='ocr_line' id='line_1_35' title="bbox 457 3909 3827 3993; baseline 0.001 -20"><span class='ocrx_word' id='word_1_403' title='bbox 457 3928 686 3982; x_wconf 63' lang='lat' dir='ltr'><strong>lconxv,</strong></span> <span class='ocrx_word' id='word_1_404' title='bbox 718 3911 899 3973; x_wconf 90' lang='lat' dir='ltr'><strong>rham</strong></span> <span class='ocrx_word' id='word_1_405' title='bbox 936 3918 999 3973; x_wconf 89' lang='lat' dir='ltr'><strong>et</strong></span> <span class='ocrx_word' id='word_1_406' title='bbox 1038 3911 1614 3993; x_wconf 89' lang='lat' dir='ltr'><strong>participationem,</strong></span> <span class='ocrx_word' id='word_1_407' title='bbox 1649 3920 1720 3973; x_wconf 91' lang='lat' dir='ltr'><strong>ut</strong></span> <span class='ocrx_word' id='word_1_408' title='bbox 1761 3912 2007 3974; x_wconf 91' lang='lat' dir='ltr'><strong>scilicet</strong></span> <span class='ocrx_word' id='word_1_409' title='bbox 2048 3913 2214 3974; x_wconf 89' lang='lat' dir='ltr'><strong>Deus</strong></span> <span class='ocrx_word' id='word_1_410' title='bbox 2322 3916 2418 3971; x_wconf 89' lang='lat' dir='ltr'><strong>est</strong></span> <span class='ocrx_word' id='word_1_411' title='bbox 2456 3927 2670 3972; x_wconf 90' lang='lat' dir='ltr'><strong>rerum</strong></span> <span class='ocrx_word' id='word_1_412' title='bbox 2714 3909 3049 3985; x_wconf 89' lang='lat' dir='ltr'><strong>bonarum,</strong></span> <span class='ocrx_word' id='word_1_413' title='bbox 3094 3911 3180 3973; x_wconf 87' lang='lat' dir='ltr'><strong>ita</strong></span> <span class='ocrx_word' id='word_1_414' title='bbox 3224 3919 3295 3972; x_wconf 92' lang='lat' dir='ltr'><strong>ut</strong></span> <span class='ocrx_word' id='word_1_415' title='bbox 3334 3911 3652 3974; x_wconf 90' lang='lat' dir='ltr'><strong>interdum</strong></span> <span class='ocrx_word' id='word_1_416' title='bbox 3694 3919 3827 3975; x_wconf 90' lang='lat' dir='ltr'><strong>tra-</strong></span> 
     </span>
     <span class='ocr_line' id='line_1_36' title="bbox 419 3994 3829 4091; baseline 0 -19"><span class='ocrx_word' id='word_1_417' title='bbox 419 3994 488 4036; x_wconf 79' lang='lat'><strong>²⁸·</strong></span> <span class='ocrx_word' id='word_1_418' title='bbox 715 4009 808 4088; x_wconf 75' lang='lat' dir='ltr'><strong>sit</strong></span> <span class='ocrx_word' id='word_1_419' title='bbox 841 4009 897 4071; x_wconf 91' lang='lat' dir='ltr'><strong>ei</strong></span> <span class='ocrx_word' id='word_1_420' title='bbox 943 4009 1160 4072; x_wconf 90' lang='lat' dir='ltr'><strong>omnia</strong></span> <span class='ocrx_word' id='word_1_421' title='bbox 1201 4009 1266 4071; x_wconf 92' lang='lat' dir='ltr'><strong>in</strong></span> <span class='ocrx_word' id='word_1_422' title='bbox 1309 4010 1629 4072; x_wconf 90' lang='lat' dir='ltr'><strong>omnibus.</strong></span> <span class='ocrx_word' id='word_1_423' title='bbox 2321 4007 2429 4070; x_wconf 88' lang='lat' dir='ltr'><strong>hat</strong></span> <span class='ocrx_word' id='word_1_424' title='bbox 2463 4025 2576 4070; x_wconf 93' lang='lat' dir='ltr'><strong>nos</strong></span> <span class='ocrx_word' id='word_1_425' title='bbox 2615 4008 2693 4070; x_wconf 89' lang='lat' dir='ltr'><strong>ad</strong></span> <span class='ocrx_word' id='word_1_426' title='bbox 2732 4008 3002 4071; x_wconf 90' lang='lat' dir='ltr'><strong>salutem</strong></span> <span class='ocrx_word' id='word_1_427' title='bbox 3042 4009 3234 4072; x_wconf 86' lang='lat' dir='ltr'><strong>etiam</strong></span> <span class='ocrx_word' id='word_1_428' title='bbox 3275 4009 3508 4072; x_wconf 89' lang='lat' dir='ltr'><strong>invitos</strong></span> <span class='ocrx_word' id='word_1_429' title='bbox 3545 4017 3610 4072; x_wconf 91' lang='lat' dir='ltr'><strong>et</strong></span> <span class='ocrx_word' id='word_1_430' title='bbox 3648 4009 3829 4091; x_wconf 89' lang='lat' dir='ltr'><strong>igno-</strong></span> 
     </span>
    </p>
   </div>
   <div class='ocr_carea' id='block_1_7' title="bbox 2240 4106 3827 4288">
    <p class='ocr_par' dir='ltr' id='par_1_8' title="bbox 2240 4106 3827 4288">
     <span class='ocr_line' id='line_1_37' title="bbox 2320 4106 3827 4188; baseline 0.004 -21"><span class='ocrx_word' id='word_1_431' title='bbox 2320 4113 2548 4168; x_wconf 79' lang='lat' dir='ltr'><strong>rantes,</strong></span> <span class='ocrx_word' id='word_1_432' title='bbox 2599 4106 2854 4170; x_wconf 88' lang='lat' dir='ltr'><strong>Constat</strong></span> <span class='ocrx_word' id='word_1_433' title='bbox 2901 4125 3051 4188; x_wconf 91' lang='lat' dir='ltr'><strong>ergo</strong></span> <span class='ocrx_word' id='word_1_434' title='bbox 3104 4108 3426 4171; x_wconf 88' lang='lat' dir='ltr'><strong>neminem</strong></span> <span class='ocrx_word' id='word_1_435' title='bbox 3480 4126 3517 4170; x_wconf 85' lang='lat' dir='ltr'><strong>a</strong></span> <span class='ocrx_word' id='word_1_436' title='bbox 3564 4107 3827 4173; x_wconf 87' lang='lat' dir='ltr'><strong>diabolo</strong></span> 
     </span>
     <span class='ocr_line' id='line_1_38' title="bbox 2240 4204 3827 4288; baseline 0.001 -19"><span class='ocrx_word' id='word_1_437' title='bbox 2240 4209 2289 4269; x_wconf 91' lang='lat' dir='ltr'>D</span> <span class='ocrx_word' id='word_1_438' title='bbox 2320 4204 2529 4286; x_wconf 91' lang='lat' dir='ltr'><strong>decipi</strong></span> <span class='ocrx_word' id='word_1_439' title='bbox 2568 4223 2774 4287; x_wconf 90' lang='lat' dir='ltr'><strong>posse,</strong></span> <span class='ocrx_word' id='word_1_440' title='bbox 2808 4205 2932 4268; x_wconf 91' lang='lat' dir='ltr'><strong>nisi</strong></span> <span class='ocrx_word' id='word_1_441' title='bbox 2963 4206 3075 4288; x_wconf 87' lang='lat' dir='ltr'><strong>qui</strong></span> <span class='ocrx_word' id='word_1_442' title='bbox 3107 4206 3168 4269; x_wconf 91' lang='lat' dir='ltr'><strong>ei</strong></span> <span class='ocrx_word' id='word_1_443' title='bbox 3212 4206 3409 4269; x_wconf 90' lang='lat' dir='ltr'><strong>libere</strong></span> <span class='ocrx_word' id='word_1_444' title='bbox 3444 4206 3681 4288; x_wconf 82' lang='lat' dir='ltr'><strong>praebet</strong></span> <span class='ocrx_word' id='word_1_445' title='bbox 3710 4226 3827 4270; x_wconf 83' lang='lat' dir='ltr'><strong>vo-</strong></span> 
     </span>
    </p>
   </div>
   <div class='ocr_carea' id='block_1_8' title="bbox 1103 4261 3821 4378">
    <p class='ocr_par' dir='ltr' id='par_1_9' title="bbox 1103 4261 3821 4378">
     <span class='ocr_line' id='line_1_39' title="bbox 1103 4261 3821 4378; baseline 0.008 -33"><span class='ocrx_word' id='word_1_446' title='bbox 1103 4262 1607 4328; x_wconf 73' lang='lat' dir='ltr'><strong>CAPITULUM</strong></span> <span class='ocrx_word' id='word_1_447' title='bbox 1669 4261 1820 4325; x_wconf 79' lang='lat' dir='ltr'><strong>VH·</strong></span> <span class='ocrx_word' id='word_1_448' title='bbox 2322 4303 2580 4365; x_wconf 89' lang='lat' dir='ltr'><strong>luntatis</strong></span> <span class='ocrx_word' id='word_1_449' title='bbox 2626 4323 2757 4367; x_wconf 80' lang='lat' dir='ltr'><strong>suae</strong></span> <span class='ocrx_word' id='word_1_450' title='bbox 2797 4324 3149 4367; x_wconf 91' lang='lat' dir='ltr'><strong>assensum.</strong></span> <span class='ocrx_word' id='word_1_451' title='bbox 3185 4304 3359 4378; x_wconf 85' lang='lat' dir='ltr'><strong>Quod</strong></span> <span class='ocrx_word' id='word_1_452' title='bbox 3404 4305 3821 4368; x_wconf 86' lang='lat' dir='ltr'><strong>Ecclesiastes</strong></span> 
     </span>
    </p>
   </div>
   <div class='ocr_carea' id='block_1_9' title="bbox 765 4402 4307 4601">
    <p class='ocr_par' dir='ltr' id='par_1_10' title="bbox 765 4387 4307 4601">
     <span class='ocr_line' id='line_1_40' title="bbox 881 4402 4227 4486; baseline 0.004 -20"><span class='ocrx_word' id='word_1_453' title='bbox 881 4411 1294 4483; x_wconf 75' lang='lat' dir='ltr'><strong>Interroyatio</strong></span> <span class='ocrx_word' id='word_1_454' title='bbox 1322 4410 1396 4466; x_wconf 85' lang='lat' dir='ltr'><strong>de</strong></span> <span class='ocrx_word' id='word_1_455' title='bbox 1421 4409 1764 4466; x_wconf 77' lang='lat' dir='ltr'><strong>mobilitate</strong></span> <span class='ocrx_word' id='word_1_456' title='bbox 1792 4408 2037 4469; x_wconf 78' lang='lat' dir='ltr'><strong>mn‘moe,</strong></span> <span class='ocrx_word' id='word_1_457' title='bbox 2317 4402 2645 4464; x_wconf 83' lang='lat' dir='ltr'><strong>evidenter</strong></span> <span class='ocrx_word' id='word_1_458' title='bbox 2672 4403 3006 4484; x_wconf 86' lang='lat' dir='ltr'><strong>expressit,</strong></span> <span class='ocrx_word' id='word_1_459' title='bbox 3039 4404 3309 4466; x_wconf 88' lang='lat' dir='ltr'><strong>dicendo</strong></span> <span class='ocrx_word' id='word_1_460' title='bbox 3344 4420 3357 4466; x_wconf 85' lang='lat'>:</span> <span class='ocrx_word' id='word_1_461' title='bbox 3392 4403 3547 4477; x_wconf 83' lang='lat' dir='ltr'><strong>Quia</strong></span> <span class='ocrx_word' id='word_1_462' title='bbox 3580 4422 3706 4467; x_wconf 91' lang='lat' dir='ltr'><strong>non</strong></span> <span class='ocrx_word' id='word_1_463' title='bbox 3738 4404 3823 4467; x_wconf 82' lang='lat' dir='ltr'><strong>rit</strong></span> <span class='ocrx_word' id='word_1_464' title='bbox 3874 4429 4227 4486; x_wconf 55' lang='lat' dir='ltr'><strong>Rea-lesan.</strong></span> 
     </span>
     <span class='ocr_line' id='line_1_41' title="bbox 765 4489 4307 4601; baseline -0.002 -31"><span class='ocrx_word' id='word_1_465' title='bbox 765 4506 821 4558; x_wconf 72' lang='lat' dir='ltr'><strong>et</strong></span> <span class='ocrx_word' id='word_1_466' title='bbox 859 4501 1319 4573; x_wconf 68' lang='lat' dir='ltr'><strong>impuynalioue</strong></span> <span class='ocrx_word' id='word_1_467' title='bbox 1355 4499 1684 4556; x_wconf 62' lang='lat' dir='ltr'><strong>coeIOStium</strong></span> <span class='ocrx_word' id='word_1_468' title='bbox 1719 4498 2156 4570; x_wconf 68' lang='lat' dir='ltr'><strong>nequitiarum·</strong></span> <span class='ocrx_word' id='word_1_469' title='bbox 2320 4500 2734 4562; x_wconf 89' lang='lat' dir='ltr'><strong>contradictio</strong></span> <span class='ocrx_word' id='word_1_470' title='bbox 2768 4500 2849 4562; x_wconf 90' lang='lat' dir='ltr'><strong>ab</strong></span> <span class='ocrx_word' id='word_1_471' title='bbox 2883 4501 2983 4563; x_wconf 92' lang='lat' dir='ltr'><strong>his</strong></span> <span class='ocrx_word' id='word_1_472' title='bbox 3018 4502 3130 4584; x_wconf 90' lang='lat' dir='ltr'><strong>qui</strong></span> <span class='ocrx_word' id='word_1_473' title='bbox 3170 4501 3411 4564; x_wconf 83' lang='lat' dir='ltr'><strong>faciunt</strong></span> <span class='ocrx_word' id='word_1_474' title='bbox 3448 4501 3685 4565; x_wconf 85' lang='lat' dir='ltr'><strong>malum</strong></span> <span class='ocrx_word' id='word_1_475' title='bbox 3726 4504 3823 4566; x_wconf 88' lang='lat' dir='ltr'><strong>ci·</strong></span> <span class='ocrx_word' id='word_1_476' title='bbox 3854 4497 4141 4601; x_wconf 38' lang='lat' dir='ltr'><strong>:fif-‘¹¹¹⁸</strong></span> <span class='ocrx_word' id='word_1_477' title='bbox 4305 4489 4307 4500; x_wconf 55' lang='lat'>⁵</span> 
     </span>
    </p>
   </div>
   <div class='ocr_carea' id='block_1_10' title="bbox 661 4599 4237 5376">
    <p class='ocr_par' dir='ltr' id='par_1_11' title="bbox 2317 4599 3823 4681">
     <span class='ocr_line' id='line_1_42' title="bbox 2317 4599 3823 4681; baseline 0.003 -21"><span class='ocrx_word' id='word_1_478' title='bbox 2317 4606 2403 4673; x_wconf 91' lang='lat' dir='ltr'><strong>to,</strong></span> <span class='ocrx_word' id='word_1_479' title='bbox 2440 4599 2582 4661; x_wconf 92' lang='lat' dir='ltr'><strong>ideo</strong></span> <span class='ocrx_word' id='word_1_480' title='bbox 2627 4600 2943 4681; x_wconf 90' lang='lat' dir='ltr'><strong>repletum</strong></span> <span class='ocrx_word' id='word_1_481' title='bbox 2985 4609 3083 4664; x_wconf 90' lang='lat' dir='ltr'><strong>est</strong></span> <span class='ocrx_word' id='word_1_482' title='bbox 3123 4619 3230 4664; x_wconf 92' lang='lat' dir='ltr'><strong>cor</strong></span> <span class='ocrx_word' id='word_1_483' title='bbox 3277 4599 3565 4664; x_wconf 86' lang='lat' dir='ltr'><strong>filiorum</strong></span> <span class='ocrx_word' id='word_1_484' title='bbox 3613 4602 3823 4664; x_wconf 87' lang='lat' dir='ltr'><strong>homi-</strong></span> 
     </span>
    </p>

    <p class='ocr_par' dir='ltr' id='par_1_12' title="bbox 845 4694 3819 4780">
     <span class='ocr_line' id='line_1_43' title="bbox 845 4694 3819 4780; baseline 0.001 -20"><span class='ocrx_word' id='word_1_485' title='bbox 845 4697 1238 4760; x_wconf 85' lang='lat' dir='ltr'><strong>ERMANUS</strong></span> <span class='ocrx_word' id='word_1_486' title='bbox 1287 4717 1300 4760; x_wconf 93' lang='lat'>:</span> <span class='ocrx_word' id='word_1_487' title='bbox 1349 4695 1730 4759; x_wconf 87' lang='lat' dir='ltr'><strong>Instabilitas</strong></span> <span class='ocrx_word' id='word_1_488' title='bbox 1785 4694 1921 4758; x_wconf 81' lang='lat' dir='ltr'><strong>haec</strong></span> <span class='ocrx_word' id='word_1_489' title='bbox 1973 4694 2206 4756; x_wconf 90' lang='lat' dir='ltr'><strong>mentis</strong></span> <span class='ocrx_word' id='word_1_490' title='bbox 2317 4717 2472 4760; x_wconf 88' lang='lat' dir='ltr'><strong>num</strong></span> <span class='ocrx_word' id='word_1_491' title='bbox 2516 4698 2581 4759; x_wconf 93' lang='lat' dir='ltr'><strong>in</strong></span> <span class='ocrx_word' id='word_1_492' title='bbox 2622 4698 2777 4780; x_wconf 91' lang='lat' dir='ltr'><strong>ipsis</strong></span> <span class='ocrx_word' id='word_1_493' title='bbox 2818 4707 2889 4760; x_wconf 90' lang='lat' dir='ltr'><strong>ut</strong></span> <span class='ocrx_word' id='word_1_494' title='bbox 2920 4697 3157 4761; x_wconf 83' lang='lat' dir='ltr'><strong>saciant</strong></span> <span class='ocrx_word' id='word_1_495' title='bbox 3192 4699 3375 4762; x_wconf 88' lang='lat' dir='ltr'><strong>mala.</strong></span> <span class='ocrx_word' id='word_1_496' title='bbox 3408 4699 3819 4764; x_wconf 81' lang='lat' dir='ltr'><strong>Manifestum</strong></span> 
     </span>
    </p>

    <p class='ocr_par' dir='ltr' id='par_1_13' title="bbox 882 4793 3819 4881">
     <span class='ocr_line' id='line_1_44' title="bbox 882 4793 3819 4881; baseline 0.001 -21"><span class='ocrx_word' id='word_1_497' title='bbox 882 4803 1095 4878; x_wconf 89' lang='lat' dir='ltr'><strong>posset</strong></span> <span class='ocrx_word' id='word_1_498' title='bbox 1154 4794 1439 4858; x_wconf 80' lang='lat' dir='ltr'><strong>fortassis</strong></span> <span class='ocrx_word' id='word_1_499' title='bbox 1498 4793 1859 4875; x_wconf 86' lang='lat' dir='ltr'><strong>aliqualiter</strong></span> <span class='ocrx_word' id='word_1_500' title='bbox 1916 4793 2203 4874; x_wconf 88' lang='lat' dir='ltr'><strong>reprimi,</strong></span> <span class='ocrx_word' id='word_1_501' title='bbox 2317 4805 2413 4858; x_wconf 92' lang='lat' dir='ltr'><strong>est</strong></span> <span class='ocrx_word' id='word_1_502' title='bbox 2450 4815 2601 4877; x_wconf 91' lang='lat' dir='ltr'><strong>ergo</strong></span> <span class='ocrx_word' id='word_1_503' title='bbox 2642 4817 3164 4880; x_wconf 88' lang='lat' dir='ltr'><strong>unumquemque</strong></span> <span class='ocrx_word' id='word_1_504' title='bbox 3210 4799 3446 4861; x_wconf 89' lang='lat' dir='ltr'><strong>idcirco</strong></span> <span class='ocrx_word' id='word_1_505' title='bbox 3486 4799 3819 4881; x_wconf 90' lang='lat' dir='ltr'><strong>delinque-</strong></span> 
     </span>
    </p>

    <p class='ocr_par' dir='ltr' id='par_1_14' title="bbox 708 4892 3817 4979">
     <span class='ocr_line' id='line_1_45' title="bbox 708 4892 3817 4979; baseline 0.001 -21"><span class='ocrx_word' id='word_1_506' title='bbox 708 4897 835 4958; x_wconf 92' lang='lat' dir='ltr'><strong>nisi</strong></span> <span class='ocrx_word' id='word_1_507' title='bbox 875 4903 966 4958; x_wconf 90' lang='lat' dir='ltr'><strong>tot</strong></span> <span class='ocrx_word' id='word_1_508' title='bbox 999 4895 1344 4958; x_wconf 88' lang='lat' dir='ltr'><strong>adversarii</strong></span> <span class='ocrx_word' id='word_1_509' title='bbox 1385 4892 1938 4956; x_wconf 86' lang='lat' dir='ltr'><strong>circumvallantes</strong></span> <span class='ocrx_word' id='word_1_510' title='bbox 1981 4892 2209 4954; x_wconf 90' lang='lat' dir='ltr'><strong>indesi-</strong></span> <span class='ocrx_word' id='word_1_511' title='bbox 2318 4915 2406 4970; x_wconf 93' lang='lat' dir='ltr'><strong>re,</strong></span> <span class='ocrx_word' id='word_1_512' title='bbox 2459 4895 2760 4978; x_wconf 89' lang='lat' dir='ltr'><strong>quoniam</strong></span> <span class='ocrx_word' id='word_1_513' title='bbox 2815 4897 3261 4978; x_wconf 89' lang='lat' dir='ltr'><strong>ingruentibus</strong></span> <span class='ocrx_word' id='word_1_514' title='bbox 3322 4897 3817 4979; x_wconf 86' lang='lat' dir='ltr'><strong>cogitationibus</strong></span> 
     </span>
    </p>

    <p class='ocr_par' dir='ltr' id='par_1_15' title="bbox 709 4992 3817 5076">
     <span class='ocr_line' id='line_1_46' title="bbox 709 4992 3817 5076; baseline 0 -18"><span class='ocrx_word' id='word_1_515' title='bbox 709 5003 935 5058; x_wconf 87' lang='lat' dir='ltr'><strong>uenter</strong></span> <span class='ocrx_word' id='word_1_516' title='bbox 988 4994 1392 5076; x_wconf 91' lang='lat' dir='ltr'><strong>impellerent</strong></span> <span class='ocrx_word' id='word_1_517' title='bbox 1440 5012 1582 5056; x_wconf 90' lang='lat' dir='ltr'><strong>eam</strong></span> <span class='ocrx_word' id='word_1_518' title='bbox 1637 4992 1716 5054; x_wconf 93' lang='lat' dir='ltr'><strong>ad</strong></span> <span class='ocrx_word' id='word_1_519' title='bbox 1765 5010 1839 5053; x_wconf 90' lang='lat' dir='ltr'><strong>ea</strong></span> <span class='ocrx_word' id='word_1_520' title='bbox 1888 5011 2028 5073; x_wconf 82' lang='lat' dir='ltr'><strong>quae</strong></span> <span class='ocrx_word' id='word_1_521' title='bbox 2078 5009 2205 5054; x_wconf 91' lang='lat' dir='ltr'><strong>non</strong></span> <span class='ocrx_word' id='word_1_522' title='bbox 2318 4995 2554 5076; x_wconf 88' lang='lat' dir='ltr'><strong>pravis,</strong></span> <span class='ocrx_word' id='word_1_523' title='bbox 2608 5012 2736 5057; x_wconf 92' lang='lat' dir='ltr'><strong>non</strong></span> <span class='ocrx_word' id='word_1_524' title='bbox 2795 4996 3009 5058; x_wconf 90' lang='lat' dir='ltr'><strong>statim</strong></span> <span class='ocrx_word' id='word_1_525' title='bbox 3062 4995 3287 5076; x_wconf 85' lang='lat' dir='ltr'><strong>abjicit</strong></span> <span class='ocrx_word' id='word_1_526' title='bbox 3334 5015 3438 5059; x_wconf 88' lang='lat' dir='ltr'><strong>eas</strong></span> <span class='ocrx_word' id='word_1_527' title='bbox 3498 4998 3817 5059; x_wconf 91' lang='lat' dir='ltr'><strong>contradi-</strong></span> 
     </span>
    </p>

    <p class='ocr_par' dir='ltr' id='par_1_16' title="bbox 661 5091 4237 5376">
     <span class='ocr_line' id='line_1_47' title="bbox 706 5091 3814 5177; baseline 0 -20"><span class='ocrx_word' id='word_1_528' title='bbox 706 5095 846 5157; x_wconf 84' lang='lat' dir='ltr'><strong>vult</strong></span> <span class='ocrx_word' id='word_1_529' title='bbox 880 5112 894 5157; x_wconf 76' lang='lat' dir='ltr'><strong>t</strong></span> <span class='ocrx_word' id='word_1_530' title='bbox 929 5096 1060 5156; x_wconf 90' lang='lat' dir='ltr'><strong>imo</strong></span> <span class='ocrx_word' id='word_1_531' title='bbox 1099 5101 1163 5156; x_wconf 87' lang='lat' dir='ltr'><strong>et</strong></span> <span class='ocrx_word' id='word_1_532' title='bbox 1206 5092 1361 5155; x_wconf 89' lang='lat' dir='ltr'><strong>illuc</strong></span> <span class='ocrx_word' id='word_1_533' title='bbox 1403 5109 1530 5174; x_wconf 90' lang='lat' dir='ltr'><strong>quo</strong></span> <span class='ocrx_word' id='word_1_534' title='bbox 1575 5091 1740 5172; x_wconf 88' lang='lat' dir='ltr'><strong>rapit</strong></span> <span class='ocrx_word' id='word_1_535' title='bbox 1781 5109 1921 5152; x_wconf 89' lang='lat' dir='ltr'><strong>eam</strong></span> <span class='ocrx_word' id='word_1_536' title='bbox 1966 5098 2206 5154; x_wconf 82' lang='lat' dir='ltr'><strong>naturae</strong></span> <span class='ocrx_word' id='word_1_537' title='bbox 2318 5093 2519 5156; x_wconf 91' lang='lat' dir='ltr'><strong>cendo</strong></span> <span class='ocrx_word' id='word_1_538' title='bbox 2558 5100 2619 5155; x_wconf 91' lang='lat' dir='ltr'><strong>et</strong></span> <span class='ocrx_word' id='word_1_539' title='bbox 2647 5093 3081 5157; x_wconf 90' lang='lat' dir='ltr'><strong>dissentiendo</strong></span> <span class='ocrx_word' id='word_1_540' title='bbox 3116 5095 3383 5170; x_wconf 91' lang='lat' dir='ltr'><strong>eisdem,</strong></span> <span class='ocrx_word' id='word_1_541' title='bbox 3417 5114 3618 5177; x_wconf 84' lang='lat' dir='ltr'><strong>quum</strong></span> <span class='ocrx_word' id='word_1_542' title='bbox 3657 5097 3814 5158; x_wconf 89' lang='lat' dir='ltr'><strong>scri-</strong></span> 
     </span>
     <span class='ocr_line' id='line_1_48' title="bbox 708 5189 4205 5286; baseline 0.001 -30"><span class='ocrx_word' id='word_1_543' title='bbox 708 5213 839 5257; x_wconf 81' lang='lat' dir='ltr'><strong>suae</strong></span> <span class='ocrx_word' id='word_1_544' title='bbox 871 5193 1213 5258; x_wconf 65' lang='lat' dir='ltr'><strong>mobilitas</strong></span> <span class='ocrx_word' id='word_1_545' title='bbox 1249 5191 1327 5253; x_wconf 91' lang='lat' dir='ltr'><strong>Et</strong></span> <span class='ocrx_word' id='word_1_546' title='bbox 1355 5190 1506 5273; x_wconf 89' lang='lat' dir='ltr'><strong>quia</strong></span> <span class='ocrx_word' id='word_1_547' title='bbox 1535 5197 1663 5251; x_wconf 90' lang='lat' dir='ltr'><strong>tam</strong></span> <span class='ocrx_word' id='word_1_548' title='bbox 1706 5189 2205 5252; x_wconf 81' lang='lat' dir='ltr'><strong>innumerabiles</strong></span> <span class='ocrx_word' id='word_1_549' title='bbox 2317 5199 2501 5274; x_wconf 85' lang='lat' dir='ltr'><strong>ptum</strong></span> <span class='ocrx_word' id='word_1_550' title='bbox 2554 5192 2637 5253; x_wconf 92' lang='lat' dir='ltr'><strong>sit</strong></span> <span class='ocrx_word' id='word_1_551' title='bbox 2681 5211 2695 5256; x_wconf 91' lang='lat'><strong>:</strong></span> <span class='ocrx_word' id='word_1_552' title='bbox 2747 5193 3040 5255; x_wconf 85' lang='lat' dir='ltr'><strong>Resistite</strong></span> <span class='ocrx_word' id='word_1_553' title='bbox 3091 5193 3365 5268; x_wconf 88' lang='lat' dir='ltr'><strong>diabolo,</strong></span> <span class='ocrx_word' id='word_1_554' title='bbox 3412 5201 3476 5256; x_wconf 90' lang='lat' dir='ltr'><strong>et</strong></span> <span class='ocrx_word' id='word_1_555' title='bbox 3524 5194 3727 5275; x_wconf 81' lang='lat' dir='ltr'><strong>fugiet</strong></span> <span class='ocrx_word' id='word_1_556' title='bbox 3776 5215 4205 5286; x_wconf 39' lang='lat' dir='ltr'><strong>aleman-rs</strong></span> 
     </span>
     <span class='ocr_line' id='line_1_49' title="bbox 661 5275 4237 5376; baseline -0.002 -21"><span class='ocrx_word' id='word_1_557' title='bbox 661 5359 664 5362; x_wconf 62' lang='grc'>,</span> <span class='ocrx_word' id='word_1_558' title='bbox 707 5301 964 5376; x_wconf 86' lang='lat' dir='ltr'><strong>tamque</strong></span> <span class='ocrx_word' id='word_1_559' title='bbox 1014 5298 1304 5374; x_wconf 89' lang='lat' dir='ltr'><strong>potentes</strong></span> <span class='ocrx_word' id='word_1_560' title='bbox 1350 5297 1540 5373; x_wconf 88' lang='lat' dir='ltr'><strong>atque</strong></span> <span class='ocrx_word' id='word_1_561' title='bbox 1589 5288 1908 5351; x_wconf 90' lang='lat' dir='ltr'><strong>terribiles</strong></span> <span class='ocrx_word' id='word_1_562' title='bbox 1957 5289 2205 5352; x_wconf 90' lang='lat' dir='ltr'><strong>inimici</strong></span> <span class='ocrx_word' id='word_1_563' title='bbox 2317 5289 2520 5353; x_wconf 81' lang='lat' dir='ltr'><strong>vobiS.</strong></span> <span class='ocrx_word' id='word_1_564' title='bbox 4215 5275 4237 5284; x_wconf 73' lang='grc'><strong>’</strong></span> 
     </span>
    </p>
   </div>
   <div class='ocr_carea' id='block_1_11' title="bbox 4295 1479 4319 4176">
    <p class='ocr_par' dir='ltr' id='par_1_17' title="bbox 4295 1479 4319 4176">
     <span class='ocr_line' id='line_1_50' title="bbox 4295 1479 4319 4176; baseline 0 0"><span class='ocrx_word' id='word_1_565' title='bbox 4295 1479 4319 4176; x_wconf 95' lang='lat' dir='ltr'><strong> </strong></span> 
     </span>
    </p>
   </div>
   <div class='ocr_carea' id='block_1_12' title="bbox 4303 5563 4311 6249">
    <p class='ocr_par' dir='ltr' id='par_1_18' title="bbox 4303 5563 4311 6249">
     <span class='ocr_line' id='line_1_51' title="bbox 4303 5563 4311 6249; baseline 0 0"><span class='ocrx_word' id='word_1_566' title='bbox 4303 5563 4311 6249; x_wconf 95' lang='lat' dir='ltr'><strong> </strong></span> 
     </span>
    </p>
   </div>
  </div>
 </body>
</html>
