4359 6267
1063 494 1480 544 commonuit
1521 499 1606 544 ss.
1643 493 1884 543 runnu
1926 494 2098 542 maan
2141 494 2203 542 u.
2247 516 2328 526 -
2370 494 2655 545 contario
2696 495 2807 544 xm
3366 475 3487 546 299

393 666 564 729 nobis
605 666 787 749 ipsis,
823 670 930 731 sed
965 668 1358 731 sufficientia
1390 675 1603 731 nostra
1641 687 1718 730 ex
1751 669 1878 731 Deo
1908 668 1956 728 A
1993 674 2131 729 tura
2160 675 2277 742 est,
2310 668 2601 732 dubitare
2634 668 2727 732 fas
2759 687 2884 732 non
2916 677 3033 744 est,
3058 688 3332 751 eumque
3361 669 3485 732 tale

394 772 496 826 est.
543 767 715 828 Hanc
768 769 1054 849 regulam
1105 767 1319 830 firmat
1371 768 1558 841 Deus.
1605 768 1824 830 dicens
1861 785 1874 830 :
1987 767 2309 847 accepisse
2341 767 2613 829 liberum
2642 768 2992 840 arbitrium,
3015 775 3083 829 ut
3114 769 3164 830 si
3191 768 3490 830 auxilian-

178 882 367 925 Jmmi,
395 863 578 926 Nemo
617 874 820 946 potest
869 868 1086 929 venire
1127 867 1206 930 ad
1253 886 1374 940 me,
1413 867 1536 928 nisi
1583 865 1776 928 fuerit
1819 867 1875 928 ei
1990 873 2116 926 tem
2150 865 2273 927 sibi
2306 867 2647 928 Dominum
2690 885 2816 929 non
2856 867 3193 939 desereret,
3230 873 3487 948 possent

165 947 344 1048 “jhm-37·
393 961 597 1023 datum
646 982 682 1024 a
732 965 910 1026 Patre
961 983 1140 1044 meo;
1181 972 1266 1038 et,
1310 964 1508 1028 Omne
1556 966 1724 1047 quod
1773 965 1876 1026 dat
1992 964 2055 1024 in
2083 963 2274 1026 nobis
2305 983 2447 1046 quae
2482 965 2855 1028 naturaliter
2891 973 3241 1046 acceperat,
3279 983 3486 1047 perse-

167 1060 540 1126 ttu.1v,⁵.mihi
581 1062 782 1136 Pater,
822 1064 999 1126 venit
1035 1065 1113 1126 ad
1155 1082 1292 1142 me3
1329 1071 1413 1136 et,
1457 1064 1604 1126 Sine
1647 1082 1746 1125 me
1791 1063 1882 1125 ni-
1990 1081 2232 1134 verare,
2265 1063 2417 1144 quia
2446 1062 2677 1140 vellet3
2720 1071 2783 1126 et
2824 1064 3050 1125 merito
3086 1082 3488 1144 perseveran-

185 1176 270 1218 tad
293 1179 345 1217 ιε.
395 1158 476 1219 hil
525 1161 788 1241 potestis
837 1161 1087 1241 facere;
1127 1169 1212 1232 et,
1253 1162 1388 1224 Non
1441 1180 1552 1224 vos
1605 1180 1705 1224 me
1756 1161 1880 1223 ele·
1991 1161 2093 1222 tiae
2145 1160 2209 1221 in
2256 1161 2545 1222 eamdem
2590 1161 3049 1223 beatitudinem
3103 1162 3484 1243 perveniret,

177 1274 306 1316 uerri
319 1287 369 1324 xl,
393 1258 586 1338 gistis,
627 1260 738 1320 sed
783 1279 900 1341 ego
941 1260 1104 1342 elegi
1145 1278 1294 1339 vos3
1335 1268 1418 1333 et,
1461 1260 1658 1323 Nemo
1704 1260 1881 1323 novit
1992 1266 2060 1320 ut
2111 1278 2229 1321 nec
2281 1259 2471 1321 vellet
2519 1260 2811 1322 decidere
2870 1261 2935 1322 in
2985 1261 3317 1334 deteriora,
3369 1279 3487 1322 nec

168 1339 201 1375 ⁷
395 1356 614 1418 Filium
647 1357 773 1420 nisi
804 1359 996 1431 Pater,
1019 1377 1224 1441 neque
1252 1361 1494 1422 Patrem
1528 1359 1673 1441 quis
1705 1359 1880 1420 novit
1993 1366 2223 1440 posset.
2252 1360 2371 1422 Sed
2405 1361 2545 1442 ipso
2577 1360 2779 1422 libero
2808 1360 3090 1434 arbitrio,
3116 1379 3244 1443 quo
3273 1380 3489 1443 quam-

395 1453 510 1515 nisi
557 1455 776 1531 Filius,
829 1465 892 1519 et
940 1458 1044 1519 cui
1092 1457 1367 1520 voluerit
1415 1457 1741 1534 revelare3
1793 1466 1876 1530 et,
1993 1458 2102 1519 diu
2133 1457 2358 1527 voluit,
2392 1456 2597 1520 bonus
2639 1458 2891 1530 mansit,
2924 1478 2961 1520 a
3000 1458 3321 1541 proposita
3361 1459 3485 1521 sibi

189 1567 314 1610 lma.
333 1583 368 1618 v.
395 1552 558 1614 Sicut
587 1553 768 1616 Pater
799 1554 1088 1618 vivificat
1127 1565 1431 1628 mortuoS,
1469 1556 1552 1618 ita
1588 1564 1644 1618 et
1687 1556 1880 1618 Filius
1996 1554 2130 1636 lege
2171 1555 2506 1634 discessit3
2542 1575 2657 1617 nec
2700 1556 3058 1617 denuntiari
3080 1556 3220 1618 sibi
3264 1557 3486 1618 mortis

165 1635 294 1737 2¹14„st
298 1709 368 1744 m
393 1670 541 1733 quos
583 1653 720 1714 vult
760 1653 1086 1732 vivificat3
1127 1661 1212 1725 et,
1255 1653 1484 1716 Beatus
1528 1674 1616 1724 es,
1663 1654 1880 1716 Simon
1994 1652 2387 1735 supplicium
2428 1653 2817 1727 formidavit,
2852 1655 3147 1716 deserens
3185 1655 3385 1717 Deum
3426 1662 3489 1717 et

169 1760 210 1798 ¹³·
393 1750 667 1831 Barjona,
688 1753 991 1834 quoniam
1018 1771 1164 1815 caro
1188 1761 1250 1815 et
1275 1753 1532 1864 sanguis
1561 1770 1685 1814 non
1715 1771 1882 1815 reve·
1995 1771 2267 1833 sequens
2300 1751 2648 1826 diabolum,
2684 1752 2941 1814 rebellis
2974 1753 3241 1815 Domino
3282 1772 3487 1816 serva-

392 1849 533 1911 lavit
565 1851 706 1922 tibi,
731 1852 842 1914 sed
874 1853 1054 1914 Pater
1085 1871 1287 1924 meuS‚
1310 1852 1418 1934 qui
1454 1853 1518 1914 in
1551 1852 1728 1916 coelis
1761 1861 1874 1914 est.
1916 1850 1964 1913 B
1997 1851 2138 1924 tori,
2173 1858 2238 1912 et
2270 1851 2532 1913 inimico
2564 1851 2867 1913 obediens
2905 1852 3311 1933 peremptori.
3349 1853 3489 1914 Fuit

462 1948 584 2011 Hac
623 1949 842 2031 regula
880 1951 1038 2012 nulli
1082 1950 1416 2012 hominum
1457 1949 1744 2012 aufertur
1779 1969 1883 2013 vo·
1993 1968 2141 2030 ergo
2170 1951 2473 2024 Adam,et
2509 1951 2574 2012 in
2608 1951 2717 2013 illo
2748 1951 2988 2013 fuimus
3020 1970 3271 2029 omnes;
3301 1951 3489 2033 periit

391 2046 610 2120 luntas,
668 2050 820 2130 quia
885 2050 1086 2112 virtus
1149 2049 1364 2131 gratiae
1431 2068 1557 2112 non
1625 2049 1745 2112 hoc
1814 2051 1878 2111 in
1993 2049 2214 2123 Adam,
2258 2059 2320 2112 et
2369 2069 2445 2112 ex
2498 2050 2609 2113 illo
2654 2051 2979 2131 perierunt
3022 2069 3262 2114 omnes.
3312 2051 3487 2124 Quod

391 2146 817 2209 voluntatibus
853 2155 1152 2229 operatur
1183 2148 1268 2209 ita
1308 2156 1378 2210 ut
1417 2167 1541 2210 non
1587 2149 1734 2222 sint,
1770 2150 1878 2211 sed
1995 2147 2080 2209 ita
2111 2167 2237 2211 non
2271 2148 2430 2210 falso
2460 2149 2620 2210 dixit
2650 2149 2713 2210 B.
2740 2148 3134 2221 AmbrosiuS,
3164 2149 3327 2212 sicut
3360 2167 3486 2211 non

393 2251 457 2304 ut
496 2263 572 2306 ex
617 2245 804 2308 malis
855 2245 1058 2318 honre,
1105 2254 1164 2309 et
1208 2265 1286 2309 ex
1334 2247 1704 2309 infidelibus
1754 2247 1881 2309 sint
1994 2244 2154 2308 falso
2195 2247 2332 2328 ipsa
2370 2247 2613 2308 Veritas
2654 2247 2741 2308 ait
2776 2265 2789 2308 :
2824 2247 3006 2308 Venit
3049 2247 3244 2309 Filius
3284 2247 3486 2310 homi·
3514 2269 3779 2317 Luamsto.

165 2355 367 2411 aptans.
391 2339 606 2405 fideles
642 2362 658 2422 3
711 2351 771 2406 et
825 2345 936 2426 qui
996 2363 1073 2406 ex
1135 2345 1496 2427 semetipsis
1555 2353 1733 2408 erant
1792 2353 1880 2407 te·
1995 2344 2094 2406 nis
2136 2363 2419 2426 quaerere
2460 2352 2524 2406 et
2564 2345 2804 2408 salvare
2844 2346 3013 2427 quod
3046 2346 3334 2427 perierat.
3368 2347 3484 2408 Na-

394 2441 617 2516 nebrae‚
670 2442 779 2504 lux
831 2443 1201 2505 efficiantur
1252 2444 1315 2505 in
1368 2444 1673 2520 Domino;
1710 2445 1880 2526 quod
1994 2449 2151 2504 turae
2201 2444 2375 2505 enim
2433 2444 2749 2518 humanae,
2794 2444 2901 2505 illa
2949 2444 3483 2526 praevaricationis

395 2547 708 2602 mortuum
771 2548 905 2603 erat
959 2540 1348 2616 vivificetur,
1402 2543 1570 2624 quod
1627 2542 1872 2623 jacebat
1999 2540 2375 2603 universalis
2407 2541 2611 2613 ruina,
2646 2561 2763 2604 nec
2795 2542 3147 2604 substantia
3178 2549 3485 2624 praerepta

392 2638 682 2720 erigatur,
716 2640 888 2721 quod
922 2641 1193 2722 perierat
1227 2641 1606 2703 inveniatur.
1642 2642 1771 2704 Hoc
1811 2641 1875 2704 in
1995 2647 2111 2713 est,
2165 2659 2283 2702 nec
2333 2640 2665 2718 voluntas3
2718 2641 2825 2702 sed
2890 2641 3102 2702 lumen
3162 2642 3484 2723 decusque

195 2737 684 2800 colose.1.omnibus
733 2756 995 2821 prorsus
1042 2739 1436 2812 hominibuS‚
1484 2740 1593 2821 qui
1647 2759 1877 2802 eruun-
1994 2738 2329 2813 virtutum,
2373 2738 2607 2820 quibus
2650 2739 2869 2801 fraude
2911 2739 3255 2802 invidentis
3296 2748 3485 2802 exuta

394 2843 490 2897 tur
530 2837 605 2900 de
655 2844 966 2920 potestate
1021 2838 1450 2912 tenebrarum,
1502 2845 1562 2900 et
1616 2839 1879 2900 transfe-
1992 2845 2106 2899 est.
2156 2837 2424 2899 Perditis
2467 2844 2681 2898 autem
2726 2857 2839 2919 per
2882 2856 3021 2919 quae
3065 2837 3143 2899 ad
3182 2845 3482 2901 ae'ternam

393 2943 610 2997 runtur
648 2937 718 2997 in
756 2955 1026 3016 regnum
1060 2937 1422 3000 dilectionis
1459 2937 1595 2999 Filii
1636 2937 1768 3010 Dei,
1802 2936 1883 2998 si-
1992 2942 2180 3017 atque
2240 2935 2727 2997 inamissibilem
2788 2935 3068 3017 corporis
3128 2937 3483 3018 animaeque

394 3052 468 3094 ne
509 3035 892 3117 cujusquam
937 3036 1310 3117 exceptione
1361 3054 1648 3118 personae
1695 3055 1880 3117 agere
1913 3032 1956 3096 C
1993 3033 2538 3115 incorruptionem
2571 3041 2814 3117 poterat
2847 3035 3201 3115 pervenire,
3236 3035 3389 3117 quid
3422 3036 3481 3098 ei

395 3132 705 3196 credimus
761 3133 1029 3215 gratiam
1089 3133 1446 3196 Salvatoris.
1503 3133 1660 3208 Quia
1718 3134 1883 3195 sicut
1991 3132 2317 3206 remansit,
2360 3132 2484 3195 nisi
2535 3133 2704 3215 quod
2752 3132 2828 3194 ad
2878 3132 3294 3213 temporalem
3346 3153 3483 3216 per-

167 3228 492 3295 enimenin
541 3231 709 3294 idem
764 3230 1182 3314 probabiliter
1233 3232 1552 3306 definivit,
1604 3232 1880 3294 dicimus
1993 3230 2152 3292 tinet
2199 3231 2417 3305 vitam,
2470 3251 2611 3313 quae
2660 3238 2789 3293 tota
2848 3238 2946 3292 est
2993 3231 3372 3294 damnabilis
3423 3240 3487 3294 et

391 3335 574 3410 atque
611 3329 1017 3392 defendimus
1053 3349 1176 3394 non
1220 3332 1428 3393 solum
1468 3339 1749 3403 actuum,
1785 3351 1883 3393 ve·
1992 3333 2241 3410 poenaet
2284 3331 2545 3411 Propter
2591 3331 2760 3411 quod
2803 3338 2983 3392 natos
3028 3330 3095 3391 in
3143 3331 3340 3393 Adam
3392 3351 3484 3394 re·

395 3446 530 3489 rum
569 3429 762 3491 etiam
794 3429 1248 3511 cogitationum
1279 3429 1614 3504 bonarum,
1647 3448 1724 3493 ex
1755 3432 1883 3493 Deo
1993 3427 2164 3488 nasci
2216 3435 2462 3509 oportet
2509 3429 2573 3489 in
2626 3427 2895 3500 Christ0‚
2940 3446 3020 3490 ne
3067 3427 3131 3490 in
3186 3429 3293 3491 illa
3342 3429 3486 3511 quis

394 3545 524 3588 esse
566 3528 980 3610 principium,
1015 3529 1124 3610 qui
1156 3528 1341 3590 nobis
1381 3536 1445 3591 et
1485 3529 1741 3591 initium
1773 3528 1883 3592 bo·
1993 3525 2358 3588 inveniatur
2389 3526 2793 3607 generatione
2826 3546 2967 3608 quae
3000 3527 3207 3608 periit.
3242 3528 3399 3590 Nam
3431 3529 3481 3591 si

396 3645 486 3688 nae
525 3626 869 3689 voluntatis
911 3626 1200 3709 inspirat,
1242 3633 1304 3688 et
1345 3627 1648 3690 virtutem
1692 3635 1881 3709 atque
1991 3624 2226 3706 posteri
2263 3624 2411 3687 Adae
2453 3623 2517 3686 in
2564 3624 2691 3686 illis
2728 3625 3075 3688 virtutibus
3115 3627 3485 3689 naturaliter

395 3727 928 3807 opportunitatem
989 3744 1208 3788 eorum
1269 3746 1409 3808 quae
1469 3733 1636 3788 recte
1705 3727 1882 3808 cupi·
1989 3729 2251 3803 agerent
2293 3722 2355 3783 in
2400 3722 2637 3805 quibus
2676 3723 2874 3785 Adam
2917 3722 3040 3785 fuit
3086 3732 3230 3787 ante
3269 3743 3487 3807 pecca-

163 3836 369 3892 ΙιωῡἫιιτ
397 3841 554 3898 muS,
606 3824 832 3886 tribuit
880 3824 1270 3906 peragendi:
1305 3825 1504 3887 Omne
1553 3824 1725 3886 enim
1776 3825 1880 3886 da·
1989 3829 2149 3894 tum,
2193 3839 2321 3883 non
2362 3829 2573 3883 essent
2618 3830 2843 3885 natura
2884 3822 3002 3885 filii
3048 3824 3175 3898 irae,
3220 3842 3345 3886 non
3390 3843 3485 3886 es·
3512 3841 3775 3898 aptamus.

393 3929 524 3985 tum
552 3924 894 4006 optimum,
919 3932 983 3985 et
1011 3941 1201 3986 omne
1230 3923 1467 3986 donum
1499 3923 1877 4005 perfectum,
1989 3927 2132 3981 sent
2179 3919 2457 3983 tenebrae
2506 3940 2625 3983 nec
2674 3921 2793 3983 sub
2838 3928 3146 4003 potestate
3195 3922 3484 3985 tenebra-

392 4021 718 4084 desursum
768 4029 886 4095 est,
936 4022 1327 4084 descendens
1380 4041 1417 4084 a
1464 4023 1642 4084 Patre
1693 4022 1878 4084 lumi·
1990 4037 2154 4092 rum,
2177 4018 2517 4082 Salvatoris
2547 4020 2748 4101 gratia
2778 4038 2905 4083 non
2937 4021 3315 4102 indigerent,
3336 4021 3486 4103 quia

389 4139 540 4182 num
578 4137 596 4200 ;
647 4121 755 4204 qui
806 4128 870 4183 et
919 4120 1148 4203 incipit
1194 4140 1336 4203 quae
1384 4120 1550 4184 bona
1597 4129 1765 4194 sunt,
1816 4127 1879 4183 et
1990 4135 2116 4178 non
2159 4116 2394 4179 frustra
2434 4118 2585 4180 boni
2625 4125 2857 4192 essent,
2892 4137 3009 4180 nec
3034 4119 3300 4200 justitiae
3330 4139 3486 4202 prae-

388 4219 771 4301 exsequitur,
805 4227 867 4282 et
897 4228 1300 4283 consummat
1333 4220 1397 4281 in
1431 4219 1634 4282 nobis.
1673 4220 1877 4293 Quum
1909 4220 1958 4281 D
1993 4215 2119 4276 mio
2158 4214 2627 4290 fraudarentur,
2665 4216 2971 4279 habentes
3012 4235 3086 4278 ea
3125 4216 3290 4284 bona
3333 4236 3487 4299 quo-

386 4316 551 4379 enim
585 4319 752 4381 Deus
784 4337 898 4380 nos
927 4319 1211 4400 tepuisse
1243 4318 1667 4400 conspexerit,
1704 4319 1878 4400 inge·
1991 4333 2132 4375 rum
2181 4315 2527 4378 amissione
2579 4315 2769 4398 primi
2821 4323 3030 4397 patres
3076 4316 3153 4377 de
3199 4317 3489 4398 paradiso

389 4413 466 4474 rit
505 4417 809 4479 cordibus
857 4417 1090 4480 nostris
1135 4417 1450 4479 orationes
1495 4415 1874 4492 salutiferas,
1986 4413 2277 4476 exsulare
2326 4423 2714 4478 meruerunt.
2765 4416 2947 4479 Nunc
3004 4423 3216 4476 autem
3276 4435 3483 4498 quum

387 4513 620 4592 quibus
651 4514 816 4578 bona
839 4515 1131 4579 voluntas
1162 4514 1543 4578 reformatur
1569 4514 1635 4577 in
1667 4515 1872 4578 nobis,
1988 4512 2126 4574 sine
2175 4521 2570 4577 sacramento
2628 4514 3124 4595 regenerationis
3177 4521 3484 4577 aeternam

1991 4617 2262 4674 mortem
2310 4631 2501 4675 nemo
2551 4612 2751 4693 possit
2802 4613 3090 4688 evadere,
3143 4629 3361 4676 nonne
3409 4631 3487 4675 ex

768 4743 1272 4808 CAPITULUM
1335 4744 1467 4808 XII
1989 4709 2172 4772 istius
2204 4710 2466 4772 remedii
2498 4710 2931 4791 singularitate
2960 4711 3362 4791 apertissime
3389 4731 3491 4794 pa·

1473 4792 1488 4807 ’
1990 4815 2099 4882 tet,
2138 4809 2201 4871 in
2233 4828 2427 4891 quam
2460 4808 2849 4890 profundum
2882 4809 3122 4871 malum
3159 4809 3351 4872 totius
3381 4829 3487 4892 ge-

1992 4908 2164 4970 neris
2223 4906 2485 4969 humani
2545 4914 2770 4968 natura
2827 4907 3117 4970 demersa
3172 4909 3253 4970 sit
3310 4908 3484 4971 illius

1993 5005 2509 5086 praevaricatione
2541 5004 2607 5066 in
2633 5023 2757 5088 quo
2785 5024 3007 5069 omnes
3038 5015 3479 5088 peccaverunt,
3510 5027 3694 5078 noma.
3709 5031 3775 5072 12.

531 5102 788 5165 ECTUM
836 5103 1096 5184 quidem
1144 5111 1208 5166 et
1251 5102 1427 5166 omni
1471 5103 1626 5167 vitio
1671 5124 1885 5169 caren-
1991 5112 2054 5168 et
2085 5104 2398 5186 quidquid
2428 5103 2536 5165 ille
2568 5105 2867 5187 perdidit,
2886 5103 3489 5186 perdideruntiper·

561 5209 686 5264 tem
721 5209 1004 5264 creatum
1041 5221 1180 5266 esse
1216 5203 1542 5266 hominem
1574 5204 1878 5286 primum,
1991 5203 2150 5266 didit
2190 5211 2402 5264 autem
2443 5203 2691 5284 primus
2726 5203 2945 5278 fidem,
2980 5202 3257 5285 perdidit
3286 5205 3486 5267 conti-

394 5299 458 5361 in
504 5318 633 5383 quo
679 5301 971 5364 omnium
1014 5302 1350 5366 hominum
1401 5310 1733 5367 concreata
1779 5323 1885 5366 na-
1991 5302 2297 5377 nentiam,
2331 5302 2607 5385 perdidit
2647 5302 2998 5377 caritatem,
3042 5302 3349 5385 spoliatus
3388 5312 3487 5367 est

432 4860 778 4934 Indiyernus
807 4863 1020 4918 divino
1047 4863 1292 4919 amilio
1325 4864 1408 4920 ad
1439 4866 1839 4922 exercendum

909 4967 1059 5023 opus
1087 4951 1326 5008 salutis.
