4359 6267
855 458 933 521 44
1745 482 1824 527 nn
1867 482 2196 528 msrrru'ris
2240 483 2325 528 ss.
2361 484 2621 529 runnu.
2668 502 2749 513 —
2788 486 2964 532 uana
3006 487 3066 532 1v

852 665 1236 731 versumque
1267 649 1599 723 orientem,
1625 650 1868 712 Fratres
1899 650 2168 731 singulis
2200 650 2349 712 heb·
2379 651 2431 712 A
2461 652 2718 725 fervori,
2753 671 2881 736 quo
2929 654 3163 735 cupitis
3211 652 3393 716 vobis
3442 654 3665 716 ite-rato
3712 654 3961 716 narrari

851 745 1228 829 domadibus
1297 748 1647 811 succedunt
1720 749 1998 810 invicem
2065 749 2144 810 ad
2214 750 2347 811 haec

849 844 1154 926 obsequia
1201 854 1422 909 mutuo
1465 847 1589 909 sibi
1640 847 1978 919 reddenda,
2016 848 2102 909 ita
2144 855 2211 907 ut
2258 868 2349 909 se-

847 943 1131 1006 cundum
1181 945 1659 1007 multitudinem
1706 944 1983 1008 coenobii
2030 944 2348 1007 ministro-

845 1060 989 1103 rum
1020 1062 1326 1104 numerus
1357 1044 1716 1125 deputetur.
1752 1044 1872 1117 Qui
1903 1043 2193 1124 injuncta
2222 1042 2345 1104 sibi

843 1137 1150 1221 obsequia
1193 1159 1343 1202 cum
1385 1149 1558 1202 tanta
1601 1141 1936 1204 devotione
1979 1147 2042 1201 et
2082 1140 2345 1202 humili-

847 1244 971 1299 tate
1003 1238 1268 1319 implere
1300 1239 1624 1312 festinant,
1659 1240 1830 1321 quod
1871 1238 2087 1301 nullus
2123 1257 2344 1301 servus

841 1334 1101 1397 domino
1132 1354 1267 1411 suo,
1303 1337 1596 1419 quamvis
1625 1336 1971 1398 durissimo
2000 1355 2073 1398 ac
2107 1353 2347 1418 praepo-

841 1434 1022 1505 tenti,
1058 1442 1186 1495 tam
1216 1444 1586 1516 promptum
1617 1433 1875 1496 exhibet
1910 1434 2291 1495 famulatum
2323 1452 2337 1495 ε

845 1530 930 1592 ita
970 1533 1141 1613 quod
1188 1541 1491 1595 consueta
1538 1533 1847 1614 obsequia
1892 1533 2162 1614 implere
2214 1550 2340 1595 non

842 1638 1291 1692 contentantur
1313 1651 1455 1714 quae
1487 1631 1761 1711 regulari
1793 1631 2194 1693 institutione
2226 1630 2346 1693 sol-

842 1734 1102 1803 vuntur,
1155 1729 1266 1790 sed
1319 1729 1396 1790 de
1455 1735 1639 1792 nocte
1699 1745 1954 1811 quoque
2013 1736 2343 1809 surgentes

844 1844 1010 1888 unus
1049 1843 1210 1907 opus
1249 1827 1510 1889 alterius
1553 1827 1834 1909 impleat,
1868 1833 1930 1889 et
1970 1834 2209 1888 secrete
2253 1827 2343 1888 in·
2381 1820 2427 1882 B

840 1924 1049 1986 vicem
1100 1944 1168 1987 se
1217 1926 1608 2006 praeveniant
1655 1926 1734 1987 ad
1786 1925 2151 1987 faciendum
2202 1944 2343 2006 quae

838 2022 980 2083 aliis
1033 2022 1508 2097 incumbebant,
1543 2031 1606 2085 et
1649 2044 1815 2085 unus
1858 2024 2057 2085 alium
2104 2024 2341 2085 relevet

835 2138 873 2181 a
922 2120 1154 2183 labore.
1189 2122 1494 2184 Praeterea
1544 2121 1987 2202 unusquisque
2038 2121 2340 2202 septima-

837 2236 986 2279 nam
1017 2236 1196 2281 suam
1239 2218 1619 2300 suscipiens,
1656 2218 1975 2280 ministrat
2017 2236 2219 2300 usque
2260 2217 2336 2278 ad

836 2333 1086 2378 coenam
1123 2317 1449 2397 sequentis
1489 2316 1846 2379 dominicae.
1883 2317 2017 2390 Qua
2057 2324 2335 2397 peracta,

837 2413 924 2474 ita
967 2413 1194 2476 finitur
1233 2413 1616 2495 obsequium
1662 2414 1855 2476 totius
1896 2414 2335 2487 hebdomadae,

839 2518 909 2571 ut
937 2511 1236 2575 omnibus
1265 2512 1588 2574 Fratribus
1622 2513 1685 2574 in
1721 2532 1920 2574 unum
1953 2513 2339 2574 convenien-

836 2608 1010 2671 tibus
1067 2611 1146 2672 ad
1205 2610 1590 2672 cantandum
1651 2609 1928 2692 psalmos
1977 2628 2137 2691 quos
2193 2617 2337 2672 ante

837 2708 1042 2769 noctis
1073 2708 1356 2790 quietem
1397 2727 1476 2770 ex
1513 2726 1688 2770 more
1726 2708 2084 2781 decantant,
2119 2708 2185 2769 hi
2226 2707 2337 2789 qui

837 2805 1362 2868 ministraverunt
1411 2806 1700 2868 omnium
1759 2806 1952 2887 pedes
2011 2825 2124 2887 per
2171 2805 2337 2867 ordi-

835 2922 985 2966 nem
1035 2904 1245 2967 lavent
1277 2922 1292 2965 ε
1327 2906 1490 2966 hanc
1541 2905 1900 2966 mercedem
1951 2922 2067 2985 pro
2121 2903 2338 2965 labore

2461 751 2579 813 hoc
2632 751 2847 815 libello
2895 751 3087 813 etiam
3141 770 3213 813 ea
3262 771 3403 833 quae
3454 752 3695 834 optime
3750 752 3957 825 scitiS‚

2462 850 2891 911 desiderantes
2952 850 3205 931 plenam
3257 851 3695 912 universorum
3746 850 3963 931 cogni-

2461 948 2701 1009 tionem
2736 965 2750 1009 :
2783 947 2869 1009 ita
2897 967 3189 1010 veremur
3221 966 3583 1011 mensuram
3624 947 3959 1010 brevitatis

2463 1046 2787 1107 excedere.

2843 1290 3350 1354 CAPITULUM
3410 1291 3565 1353 XX.

2504 1441 2589 1495 De
2617 1439 2815 1494 tribus
2840 1440 3059 1509 ymnis
3089 1439 3394 1495 lenticula?
3422 1455 3461 1494 a
3488 1440 3917 1511 dispensator-e

3068 1530 3346 1601 repertis,

2533 1726 2586 1788 N
2630 1727 2986 1808 septimana
3029 1726 3362 1806 cujusdam
3413 1725 3645 1787 Fratris
3700 1732 3963 1807 praeter-

2566 1826 2701 1888 iens
2752 1825 3171 1907 dispensator,
3224 1824 3574 1905 vidensque
3622 1822 3830 1903 jacere
3888 1824 3959 1884 in

2459 1932 2626 1985 terra
2675 1924 2795 1985 tria
2845 1923 3161 1985 lenticulae
3205 1941 3397 2003 grana
3439 1941 3581 2003 quae
3630 1921 3708 1982 de
3758 1939 3959 1981 manu

2453 2021 2930 2084 hebdomadarii
2992 2020 3353 2083 festinantis
3417 2027 3480 2081 et
3542 2038 3617 2081 ea
3675 2018 3953 2081 coctioni

2454 2120 2731 2201 parantis
2770 2120 2984 2201 elapsa
3024 2126 3172 2181 sunt
3212 2136 3360 2180 cum
3399 2137 3565 2200 aqua
3602 2136 3729 2199 qua
3768 2136 3955 2177 mun-

2450 2218 2781 2292 dabantur,
2834 2216 3128 2279 abbatem
3188 2235 3379 2298 super
3427 2216 3547 2278 hoc
3607 2214 3951 2277 confestim

2450 2316 2789 2377 consuluit.
2824 2316 2876 2377 A
2915 2332 3041 2397 quo
3081 2315 3293 2377 Frater
3334 2314 3440 2376 ille
3479 2313 3801 2393 judicatus
3844 2320 3947 2375 est

2452 2420 2753 2495 tanquam
2793 2421 3236 2494 transgressor,
3272 2420 3335 2474 et
3365 2411 3599 2493 peculii
3638 2411 3799 2474 sacri
3835 2430 3947 2473 ne-

2448 2512 2688 2592 glector
2721 2530 2734 2574 :
2772 2513 2937 2573 unde
2984 2511 3064 2573 ab
3104 2512 3389 2574 oratione
3438 2529 3783 2592 suspensus
3825 2518 3943 2572 est.

2450 2610 2645 2690 Cujus
2686 2610 3087 2691 negligentiae
3128 2610 3317 2691 culpa
3357 2626 3486 2671 non
3525 2609 3711 2670 aliter
3749 2609 3805 2670 ei
3852 2608 3950 2670 di-

2454 2709 2647 2770 missa
2690 2717 2804 2781 cst,
2841 2708 2965 2769 nisi
3010 2727 3209 2790 quum
3254 2726 3394 2768 earn
3438 2705 3697 2788 publica
3745 2706 3951 2787 poeni-

2448 2807 2647 2868 tentia
2708 2806 3042 2888 expiasset.
3104 2805 3344 2886 Nempe
3414 2822 3540 2867 non
3604 2804 3810 2867 solum
3874 2822 3946 2865 se

2450 2904 2620 2985 ipsos
2672 2904 2939 2967 credunt
2996 2921 3122 2966 non
3174 2922 3311 2965 esse
3370 2921 3539 2976 suOS,
3592 2903 3701 2965 sed
3750 2902 3947 2964 etiam

835 3001 1029 3064 totius
1069 3002 1441 3083 septimanae
1478 3001 1558 3063 ab
1592 3002 1684 3064 eis
1723 3001 2002 3064 fideliter
2039 3008 2337 3083 expeten-
2375 3000 2417 3064 C
2446 3002 2663 3064 omnia
2714 3021 2829 3063 sua
2876 3002 3141 3063 credunt
3189 3001 3459 3063 Domino
3508 3008 3871 3063 consecrata
3926 3018 3943 3061 z

837 3107 952 3171 teS,
988 3107 1058 3161 ut
1087 3116 1306 3161 omnes
1347 3100 1728 3180 generaliter
1765 3107 1947 3161 orent
1987 3099 2180 3161 simul
2222 3116 2337 3180 pro

835 3196 928 3257 eis
988 3196 1100 3277 qui
1159 3197 1341 3276 juxta
1399 3197 1633 3259 Christi
1700 3198 2071 3259 mandatum
2140 3196 2334 3278 pedes

837 3295 1122 3376 ipsorum
1165 3294 1474 3367 laverunt,
1509 3302 1821 3377 quatenus
1863 3295 2177 3377 quidquid
2222 3312 2336 3376 per

837 3392 1258 3472 ignorantiam
1289 3400 1398 3454 aut
1435 3392 1844 3474 fragilitatem
1885 3399 2331 3474 peccaverunt,

835 3490 928 3552 eis
977 3490 1399 3571 indulgeatur,
1434 3500 1497 3553 et
1546 3498 1984 3553 consummata
2026 3490 2335 3572 obsequia

837 3588 1192 3649 devotionis
1249 3606 1472 3651 eorum
1533 3589 1660 3650 sint
1713 3590 1842 3651 Deo
1893 3595 2154 3670 accepta
2206 3596 2336 3648 tan-

837 3707 1032 3769 quam
1062 3688 1453 3750 sacrificium
1493 3687 1746 3768 pingue.
1783 3687 2013 3768 Sicque
2050 3686 2213 3749 feria
2240 3706 2335 3747 se-

841 3786 1050 3848 cunda
1097 3794 1240 3867 post
1287 3786 1566 3867 psalmos
1617 3786 1961 3848 matutinos
2011 3786 2335 3866 assignant

839 3902 990 3947 vasa
1045 3892 1108 3946 et
1167 3884 1463 3946 utensilia
1521 3884 1587 3945 in
1645 3882 1880 3965 quibus
1938 3884 2336 3945 ministrav&

840 3990 1009 4057 runt,
1026 3982 1346 4045 Fratribus
1377 3982 1488 4065 qui
1519 3982 1587 4043 in
1619 3982 1972 4045 ministerio
2003 3982 2094 4044 eis
2125 4000 2337 4043 succe-

839 4080 1016 4142 dunt.
1053 4080 1169 4155 Qui
1201 4080 1498 4143 utensilia
1537 4080 1646 4142 illa
1685 4100 1832 4143 cum
1871 4088 2044 4143 tanta
2074 4098 2228 4141 cura
2271 4087 2333 4141 et

2450 3109 2707 3182 propter
2750 3101 2920 3182 quod
2964 3098 3277 3182 quidquid
3320 3098 3514 3161 fuerit
3561 3098 3949 3161 monaste-rio

2448 3199 2645 3261 semel
2676 3199 3000 3272 collatum,
3032 3205 3326 3260 asserunt
3366 3216 3515 3260 cum
3551 3197 3725 3260 omni
3769 3215 3945 3260 reve-

2449 3297 2654 3358 rentia
2682 3315 2819 3359 esse
2852 3296 3268 3357 tractandum.
3303 3295 3623 3377 Tantaque
3655 3295 3783 3357 side
3814 3312 3948 3357 om-

2447 3394 2553 3456 nia
2584 3394 2693 3456 illa
2723 3402 3013 3469 tractant,
3049 3394 3415 3455 custodiunt
3444 3401 3507 3454 et
3546 3393 3941 3475 dispensant,

2446 3500 2517 3553 ut
2548 3499 2676 3555 tota
2707 3492 3078 3555 credulitate
3118 3491 3443 3554 confidant
3474 3510 3541 3553 se
3582 3491 3942 3553 mercedem

2446 3598 2896 3653 consecuturos
2940 3609 2977 3651 a
3021 3590 3169 3663 Dec,
3204 3589 3258 3650 si
3300 3589 3493 3650 etiam
3538 3606 3611 3650 ea
3653 3608 3794 3670 quae
3834 3588 3941 3651 ha-

2446 3689 2678 3751 bentur
2724 3688 3052 3770 despectui
3095 3695 3159 3749 et
3202 3706 3395 3769 parva
3436 3706 3509 3749 ac
3552 3686 3705 3749 vilia
3750 3705 3939 3768 repu-

2444 3794 2678 3861 tantur,
2713 3788 2789 3848 de
2824 3786 2963 3849 loco
2989 3786 3208 3868 aliquo
3236 3784 3551 3848 moverint
3588 3792 3699 3847 aut
3726 3785 3941 3866 aptius

2444 3884 2901 3955 collocaverint,
2917 3885 2971 3946 si
3000 3885 3295 3965 gillonem
3331 3882 3733 3964 impleverint
3760 3901 3939 3964 aqua,

2443 3984 2545 4046 vel
2592 4003 2671 4046 ex
2720 4002 2796 4047 eo
2842 3984 3032 4046 alicui
3079 3983 3367 4045 dederint
3415 3989 3661 4063 potum,
3696 3980 3753 4043 si
3801 4000 3943 4062 par-

2444 4101 2589 4144 vam
2620 4081 2929 4144 festucam
2970 4082 3048 4143 de
3078 4082 3351 4144 oratorio
3388 4088 3497 4142 aut
3537 4079 3697 4142 cella
3734 4097 3940 4141 remo-

835 4178 1267 4240 sollicitudine
1304 4178 1664 4260 suscipiunt
1705 4186 1895 4260 atque
1941 4177 2330 4251 custodiunt,
2364 4186 2413 4249 D
2444 4181 2671 4243 verint.

837 4296 916 4339 ne
962 4278 1117 4359 quid
1159 4296 1237 4340 ex
1288 4277 1416 4339 illis
1460 4278 1787 4339 minuatur
1835 4284 1946 4339 aut
1993 4284 2230 4359 pereat,
2265 4283 2336 4338 ut

838 4376 1097 4438 credant
1126 4394 1194 4438 se
1225 4393 1339 4457 pro
1379 4375 1666 4438 minimis
1705 4374 2101 4457 quibuslibet
2140 4374 2330 4448 vasiS‚

839 4480 1140 4555 tanquam
1170 4475 1298 4535 Deo
1337 4473 1743 4547 consecratis,
1777 4473 2085 4535 rationem
2126 4473 2332 4535 reddi-

837 4579 1012 4635 turos
1070 4589 1197 4634 non
1257 4570 1464 4633 solum
1524 4571 1821 4653 praesenti
1885 4570 2328 4651 dispensatori,

836 4670 947 4732 sed
977 4670 1170 4732 etiam
1203 4668 1500 4743 Creatori,
1535 4669 1591 4731 si
1620 4669 1784 4731 forte
1816 4669 2058 4751 aliquid
2093 4688 2171 4731 ex
2205 4668 2331 4731 illis

836 4788 953 4850 per
1017 4770 1302 4850 ipsorum
1369 4767 1818 4847 negligentiam
1887 4767 2081 4829 suerit
2148 4767 2335 4829 dimi-

834 4874 1086 4929 nutum.

915 4964 1110 5045 Cujus
1141 4963 1497 5045 disciplinae
1530 4965 1813 5037 modum,
1836 4972 1899 5026 et
1928 4971 2166 5046 quanta
2200 4963 2331 5027 fide

833 5081 907 5124 ac
950 5064 1244 5125 cautione
1285 5070 1591 5137 servetur,
1627 5062 1914 5144 poteritis
1955 5063 2118 5124 scire
2163 5063 2333 5125 testi-

834 5160 1051 5224 monio
1101 5178 1229 5223 uno
1277 5161 1447 5242 quod
1495 5160 1773 5242 exempli
1825 5160 2025 5241 gratia
2072 5178 2325 5242 ponam.

832 5260 1008 5323 Sicut
1068 5260 1242 5321 enim
1305 5259 1633 5321 studemus
1696 5258 2058 5320 satisfacere
2117 5266 2329 5321 vestro

2808 4424 3311 4489 CAPITULUM
3374 4424 3560 4487 XXI.

2440 4574 2525 4629 De
2550 4578 2877 4645 spontaneo
2908 4573 3301 4646 quorumdam
3318 4573 3603 4628 Fratrum
3628 4573 3935 4647 obsequio.

2581 4768 2901 4831 OVIMUS
2942 4770 3250 4850 quosdam
3281 4769 3525 4831 Fratres
3566 4768 3631 4831 in
3662 4787 3941 4852 quorum

2598 4869 2952 4949 septimana
2989 4876 3200 4931 tantus
3240 4867 3363 4929 fuit
3409 4867 3695 4931 defectus
3736 4868 3941 4950 ligno·

2442 4984 2605 5039 rum,
2640 4966 2809 5047 quod
2843 4965 3029 5028 solita
3067 4965 3305 5027 cibaria
3339 4965 3659 5028 Fratribus
3699 4986 3941 5048 praepa-

2440 5064 2563 5125 rari
2614 5081 2740 5126 non
2792 5069 3099 5144 poterant.
3144 5064 3221 5125 Et
3266 5082 3468 5146 quum
3518 5064 3641 5146 ipsi
3691 5066 3939 5127 Fratres

2442 5161 2823 5243 xerophagia
2862 5162 3143 5224 contenti
3180 5169 3394 5225 essent
3430 5180 3763 5245 quousque
3792 5180 3937 5244 pos-

2441 5266 2581 5321 sent
2612 5260 2782 5340 ligna
2808 5258 3047 5333 afferri,
3081 5267 3145 5321 et
3173 5261 3374 5323 donec
3405 5260 3524 5323 hoc
3553 5269 3725 5323 esset
3750 5260 3943 5323 abba-
