4359 6267
883 500 1005 565 350

1537 516 1952 565 COLLATloNUM
1993 518 2080 564 SS.
2113 517 2358 562 PATRUM
2399 516 2575 562 LIBER
2616 517 2678 562 11.
2724 535 2805 546 --
2846 516 3131 564 COLLArlo
3171 518 3323 564 xvm

888 691 1016 752 tius
1047 690 1404 768 roboratur;
1437 698 1497 752 et
1531 690 1596 750 in
1628 707 1756 772 quo
1784 690 2133 751 aestimatur
2161 687 2384 750 obtun-
2411 686 2464 749 A
2495 686 2950 768 praevalebunt,
2984 687 3136 768 quia
3170 705 3288 768 ego
3317 695 3530 750 tecum
3568 706 3714 750 sum
3745 694 3817 749 ut
3842 705 3980 748 eru-

887 789 974 862 di,
1009 789 1074 851 in
1109 789 1217 852 illo
1249 789 1447 870 magis
1477 788 1747 851 acuitur.
1773 787 2078 850 Patientia
2107 805 2381 866 namque

887 907 924 950 a
971 887 1270 970 patiendo
1327 905 1558 949 nomen
1617 885 1881 968 accepit.
1934 885 2081 947 Ideo
2137 892 2385 947 constat

887 986 1212 1048 neminem
1244 1005 1429 1068 posse
1462 985 1804 1067 patientem
1835 984 2203 1056 vocari‚nisi
2233 1002 2381 1045 eum

889 1085 1000 1166 qui
1031 1084 1271 1164 absque
1305 1083 1735 1164 indignatione
1767 1082 2102 1164 pertulerit
2130 1081 2385 1143 univer-

887 1203 956 1246 sa
985 1183 1110 1246 sibi
1153 1183 1344 1244 illata.
1380 1183 1621 1244 Idcirco
1651 1181 1957 1264 patientia
1992 1199 2120 1242 non
2162 1181 2384 1242 imme-

620 1291 858 1365 Prop-xw,
892 1283 1016 1345 rito
1065 1281 1151 1344 ita
1201 1282 1491 1343 laudatur
1534 1300 1570 1343 a
1615 1280 1946 1343 Salomone
1983 1299 1996 1343 ;
2029 1279 2249 1340 Melior
2290 1285 2387 1340 est

597 1357 831 1460 &ix-'⁰¹²⁸
891 1380 1137 1463 patiens
1186 1380 1324 1442 viro
1381 1379 1552 1454 forti,
1602 1387 1666 1442 et
1714 1379 1824 1462 qui
1884 1378 2166 1441 continet
2226 1377 2385 1439 iram

633 1488 745 1562 Ibg'd-
776 1501 859 1539 m,
891 1478 1182 1560 capiente
1240 1477 1503 1557 urbem;
1553 1485 1616 1539 et
1674 1478 1928 1550 iterum,
1979 1475 2387 1556 Longanimis

591 1552 808 1656 {gfff-‘¹¹¹⁸
889 1577 988 1638 vir
1031 1577 1268 1638 nimius
1313 1595 1425 1638 seu
1465 1576 1647 1638 valde
1685 1594 1952 1656 magnus
1995 1581 2091 1636 est
2131 1575 2197 1635 in
2239 1593 2385 1656 pru-

887 1675 1122 1749 dentia,
1178 1675 1607 1757 pusillanimis
1657 1681 1870 1737 autem
1924 1674 2106 1736 valde
2159 1673 2383 1754 insipi-

882 1791 996 1834 ens
1037 1780 1152 1834 est.

2491 803 2594 846 arn
2640 793 2722 859 te,
2754 785 2843 847 ait
2885 785 3193 848 Dominus
3234 785 3657 868 omnipotens.

2862 1039 3368 1104 CAPITULUM
3429 1041 3611 1105 XIV.

2688 1178 3053 1251 Exemplum
3070 1180 3340 1251 primum
3368 1180 3441 1236 de
3461 1182 3797 1253 patientia.

2630 1376 2776 1439 OLO
2814 1377 2997 1440 vobis
3042 1394 3397 1459 proponere
3442 1377 3667 1440 saltem
3712 1378 3841 1441 duo
3888 1398 3989 1440 ex-

2649 1477 2859 1557 empla
2907 1476 3229 1558 patientiae
3271 1475 3486 1558 hujus.
3529 1477 3737 1539 Unum
3780 1477 3989 1557 cujus-

2494 1574 2637 1636 dam
2692 1575 3001 1656 religiosae
3050 1581 3373 1648 matronae,
3422 1593 3565 1656 quae
3612 1583 3851 1638 sectata
3898 1583 3991 1638 est

2494 1673 2797 1735 virtutem
2838 1673 3161 1755 patientiae
3200 1680 3374 1735 tanta
3407 1673 3731 1748 aviditate,
3766 1683 3837 1736 ut
3867 1692 3989 1738 non

2496 1770 2702 1833 solum
2750 1789 2879 1834 non
2926 1771 3155 1834 vitaret
3201 1773 3496 1835 incursus
3544 1774 3990 1847 tentationum,

965 1870 1172 1943 Quum
1213 1889 1362 1952 ergo
1401 1871 1547 1953 quis
1583 1871 1791 1933 victus
1833 1869 2089 1951 injuria,
2128 1869 2383 1932 inflam-
2419 1873 2466 1936 B
2496 1870 2605 1932 sed
2650 1870 2842 1933 etiam
2886 1877 3249 1952 procuraret
3290 1870 3414 1933 sibi
3455 1872 3822 1934 occasiones
3866 1891 3996 1936 mo-

888 1976 1096 2032 matur
1127 1969 1470 2032 iracundiae
1511 1969 1677 2051 igne,
1709 1969 2020 2031 acerbitas
2059 1969 2250 2032 illatae
2290 1970 2382 2031 in-

882 2068 1068 2151 juriae
1114 2086 1242 2131 non
1291 2076 1386 2130 est
1432 2068 1746 2130 credenda
1787 2067 1986 2130 fuisse
2036 2086 2227 2131 causa
2275 2067 2383 2130 irae

887 2175 1140 2241 exortae‚
1191 2167 1303 2230 sed
1360 2167 1572 2248 potius
1632 2166 2059 2229 manifestatio
2113 2167 2385 2229 infirmi-

589 2276 853 2329 Manava,
885 2266 1032 2327 tatis
1075 2265 1362 2338 occultae,
1402 2265 1582 2346 juxta
1633 2264 1996 2347 parabolam
2043 2265 2383 2329 Salvatoris

589 2341 736 2384 ²⁴'²⁷‘
887 2383 1078 2446 quam
1111 2363 1458 2425 introducit
1489 2363 1567 2424 de
1598 2363 1845 2426 duabus
1876 2363 2196 2438 domibus,
2232 2383 2381 2446 qua-

884 2482 1027 2525 rum
1073 2482 1200 2524 una
1243 2461 1367 2524 fuit
1411 2462 1674 2524 fundata
1724 2482 1917 2544 supra
1959 2470 2227 2544 petram,
2260 2463 2384 2526 alia

883 2580 1076 2644 supra
1133 2579 1413 2633 arenam,
1468 2560 1703 2643 quibus
1761 2561 2034 2623 asseruit
2092 2561 2381 2623 turbines

882 2660 1245 2742 pluviarum
1299 2678 1373 2721 ac
1421 2659 1770 2721 fluminum
1817 2667 1881 2720 et
1929 2666 2380 2741 tempestatum

880 2759 1208 2841 aequaliter
1247 2758 1510 2821 irruisse
1545 2775 1558 2819 :
1592 2758 1703 2821 sed
1741 2777 1881 2820 eam
1923 2777 2064 2840 quae
2106 2765 2241 2820 erat
2279 2779 2381 2821 su·

883 2877 996 2940 pra
1041 2865 1284 2940 petram
1330 2857 1612 2930 fundata,
1649 2874 1776 2919 non
1819 2857 2093 2919 sensisse
2135 2857 2379 2939 aliquid

879 2956 1246 3020 detrimenti
1306 2975 1382 3018 ex
1442 2963 1572 3018 tam
1631 2955 1911 3018 violenta
1969 2955 2375 3038 impulsione,

2497 1967 2846 2043 lestiarum,
2907 1968 3144 2050 quibus
3200 1968 3721 2050 frequentissime
3781 1969 3993 2052 impu-

2493 2075 2681 2148 gnata
2728 2085 2855 2130 non
2906 2068 3176 2130 cederet.
3220 2067 3364 2131 Haec
3412 2068 3626 2151 itaque
3674 2088 3876 2150 quum
3927 2071 3993 2132 in

2495 2166 2873 2229 Alexandria
2921 2165 3236 2229 habitaret
3285 2175 3347 2229 et
3394 2166 3630 2230 nobilis
3677 2176 3869 2242 esset,
3920 2187 3995 2231 ac

2495 2264 2623 2327 Deo
2660 2264 2954 2345 religiose
2998 2264 3265 2327 serviret
3303 2265 3369 2327 in
3407 2265 3596 2328 domo
3634 2264 3761 2327 sibi
3790 2286 3831 2328 a
3858 2267 3995 2330 suis

2494 2363 2868 2445 parentibus
2926 2362 3249 2436 derelicta,
3302 2363 3571 2426 accessit
3619 2364 3817 2428 beatae
3868 2385 3999 2428 me-

2495 2462 2713 2524 moriae.
2755 2462 3169 2524 Athanasium
3213 2463 3611 2545 episcopum,
3644 2463 3997 2546 deprecans

2493 2581 2641 2624 eum
2674 2569 2743 2622 ut
2774 2561 2950 2624 daret
2979 2560 3103 2623 sibi
3142 2561 3422 2643 aliquam
3454 2561 3711 2624 viduam
3746 2570 3996 2626 susten-

2493 2659 2771 2733 tandam,
2807 2679 2948 2741 quae
2978 2659 3429 2722 ecclesiasticis
3460 2659 3825 2742 sumptibus
3858 2679 3995 2721 sus-

2494 2759 2871 2820 tentabatur.
2909 2759 2984 2820 Et
3028 2766 3098 2821 ut
3141 2759 3574 2841 exprimamus
3616 2759 3990 2841 petitionem

2494 2856 2665 2918 illius
2714 2864 3017 2920 matronae
3064 2857 3341 2939 propriis
3389 2856 3603 2919 verbis
3652 2857 3843 2938 ejus:
3880 2858 3989 2931 Da,

2495 2955 2724 3038 inquit,
2769 2955 2926 3017 mihi
2977 2956 3257 3037 aliquam
3303 2957 3381 3018 de
3424 2956 3749 3019 sororibus
3795 2976 3991 3038 quam

881 3055 1184 3136 illamque
1229 3054 1443 3116 statim
1493 3053 1695 3116 ruisse
1746 3073 1887 3135 quae
1936 3060 2069 3116 erat
2119 3054 2381 3116 fundata
2419 3057 2462 3121 C
2494 3073 2846 3136 repausem.
2883 3054 3072 3117 Porro
3113 3055 3453 3137 episcopus
3500 3074 3701 3137 quum
3745 3055 3993 3118 laudas·

881 3153 948 3216 in
990 3153 1267 3235 pendula
1318 3153 1672 3216 mobilitate
1721 3171 1963 3232 arenae3
2006 3172 2198 3235 quam
2250 3170 2382 3215 cor-

881 3253 1084 3314 ruisse
1114 3260 1399 3334 apparet,
1431 3269 1560 3314 non
1597 3251 1748 3334 quia
1787 3251 2036 3334 pulsata
2068 3259 2164 3313 est
2196 3251 2381 3312 inun-

882 3350 1135 3412 datione
1164 3349 1566 3423 torrentium‚
1600 3349 1710 3411 sed
1751 3349 1903 3431 quia
1941 3349 2383 3431 imprudenter

881 3447 1004 3510 fuit
1033 3454 1396 3510 constructa
1424 3467 1617 3529 super
1646 3467 1922 3510 arenam.
1957 3448 2172 3510 Justus
2205 3447 2385 3530 quip-

882 3565 962 3628 pe
1006 3563 1133 3608 non
1176 3544 1398 3608 differt
1435 3565 1472 3607 a
1513 3554 1843 3628 peccatore
1890 3565 2004 3628 per
2047 3547 2168 3609 hoc
2212 3545 2382 3626 quod

881 3662 1007 3707 non
1066 3651 1344 3707 tentatur
1399 3644 1565 3706 sicut
1622 3652 1685 3705 et
1745 3643 1873 3718 ille,
1927 3644 2035 3706 sed
2097 3644 2247 3727 quia
2304 3663 2381 3706 ex

883 3761 1110 3824 magna
1139 3742 1331 3804 etiam
1365 3742 1709 3805 tentatione
1741 3760 1869 3805 non
1900 3743 2213 3822 vincitur3
2242 3761 2384 3825 pec-

883 3850 1056 3904 cator
1093 3859 1246 3904 vero
1284 3841 1629 3904 tentatione
1669 3841 1862 3904 etiam
1909 3842 2156 3904 modica
2202 3861 2385 3922 supe·

883 3948 1075 4002 ratur.
1109 3939 1327 4021 Neque
1365 3940 1562 4008 enim,
1596 3948 1668 4002 ut
1706 3939 2008 4014 diximus,
2044 3939 2382 4002 laudabilis

883 4045 1051 4101 esset
1098 4037 1402 4102 fortitudo
1452 4039 1572 4101 viri
1621 4039 1802 4119 justi,
1853 4038 1908 4100 si
1957 4039 2242 4101 vinceret
2290 4039 2385 4100 in-

885 4145 1184 4211 tentatus,
1227 4157 1426 4219 quum
1476 4137 1717 4219 absque
1765 4138 2143 4200 adversitate
2188 4146 2386 4200 certa-

2492 3161 2588 3215 set
2630 3154 3027 3235 propositum
3074 3153 3351 3227 feminae,
3392 3171 3469 3216 eo
3516 3155 3687 3234 quod
3728 3153 3994 3217 vidisset

2492 3271 2632 3313 eam
2654 3252 2733 3313 ad
2756 3269 2916 3333 opus
2949 3251 3201 3334 pietatis
3233 3251 3792 3334 promptissimam,
3802 3251 3995 3334 jussit

2492 3369 2569 3412 ex
2610 3350 2909 3413 omnibus
2950 3350 3099 3431 eligi
3139 3351 3399 3413 viduam
3439 3351 3667 3413 ceteris
3705 3351 3991 3433 praeemi-

2494 3456 2752 3510 nentem
2786 3466 3035 3511 morum
3074 3449 3426 3522 honestate,
3458 3449 3766 3530 gravitate
3796 3467 3871 3511 ac
3898 3450 3991 3512 di-

2494 3547 2785 3629 sciplina,
2829 3567 2910 3609 ne
2958 3547 3123 3610 forte
3172 3547 3282 3610 illa
3330 3555 3615 3610 matrona
3661 3547 3992 3612 desisteret

2493 3665 2529 3708 a
2560 3663 2675 3708 suo
2704 3646 2813 3727 pio
2844 3646 3170 3728 proposito
3200 3666 3276 3709 ex
3317 3647 3729 3728 perversitate
3758 3647 3993 3710 sororis

2495 3744 2598 3805 cui
2643 3753 2776 3806 erat
2818 3745 3168 3824 servitura3
3199 3763 3279 3806 ne
3322 3746 3514 3807 etiam
3555 3763 3633 3806 ex
3676 3745 3992 3827 perversis

2495 3843 2781 3906 moribus
2824 3844 2964 3924 ejus
3010 3844 3364 3905 incurreret
3406 3844 3709 3906 damnum
3752 3844 3990 3925 gratiae,

2496 3941 2559 4002 in
2602 3941 2788 4024 cujus
2832 3942 3142 4024 obsequio
3187 3941 3556 4004 intendebat
3599 3961 3729 4006 suae
3764 3943 3995 4006 animae

2496 4041 2765 4102 lucrum.
2802 4040 3135 4122 Quumque
3168 4040 3254 4102 ita
3283 4041 3630 4103 deserviret
3662 4041 3865 4104 viduae
3894 4041 3993 4103 illi

2495 4138 2775 4202 honestae
2824 4139 2889 4200 in
2933 4139 3189 4221 propria
3240 4140 3428 4201 domo
3474 4157 3623 4201 cum
3666 4139 3997 4221 diligentia

889 4237 1137 4299 minum
1167 4236 1434 4298 victoria
1473 4235 1682 4298 locum
1720 4253 1847 4298 non
1880 4244 2070 4317 queat
2099 4235 2332 4298 hahere
2366 4255 2379 4300 :
2415 4245 2464 4306 D
2496 4257 2744 4319 magna,
2787 4245 2849 4300 et
2892 4238 3266 4300 modestiam
3312 4239 3995 4320 mansuetudinemque

593 4345 858 4397 Jacob-mz-
886 4334 1112 4397 Beatus
1157 4334 1330 4396 enim
1370 4334 1471 4397 vir
1511 4335 1623 4416 qui
1674 4333 1902 4396 suffert
1945 4334 2381 4409 tentationem,

887 4435 1190 4516 quoniam
1238 4452 1439 4515 quum
1487 4433 1789 4516 probatus
1846 4433 2060 4506 fuerit,
2113 4433 2384 4516 accipiet

890 4551 1188 4597 coronam
1240 4532 1406 4607 vitae,
1458 4539 1617 4611 etc.;
1667 4539 1827 4594 teste
1883 4550 2137 4614 quoque
2196 4533 2387 4596 Paulo

888 4631 1197 4714 apostolo,
1237 4631 1451 4693 Virtus
1499 4648 1626 4693 non
1677 4631 1741 4692 in
1785 4631 1915 4694 otio
1961 4638 2069 4692 aut
2112 4631 2383 4706 deliciis,

615 4730 1001 4798 11c0r.111.sed
1040 4729 1107 4791 in
1152 4727 1526 4790 infirmitate
1571 4728 1924 4810 perficitur.
1962 4729 2135 4791 Unde
2178 4730 2387 4791 Domi-

595 4813 728 4918 ⁹'Jer.
747 4888 775 4926 Ι.
795 4876 858 4925 13,
890 4848 1010 4890 nus
1047 4827 1136 4890 ait
1176 4828 1256 4889 ad
1294 4827 1631 4889 Jeremiam
1665 4845 1678 4888 :
1713 4827 1876 4889 Ecce
1915 4827 2060 4889 dedi
2098 4835 2160 4890 te
2198 4828 2386 4890 hodie

597 4939 664 4980 ¹9.
890 4925 954 4987 in
1015 4925 1338 4988 civitatem
1404 4925 1716 4987 munitam
1775 4931 1838 4986 et
1896 4925 1962 4987 in
2022 4925 2387 4988 columnam

888 5023 1184 5098 ferream,
1218 5030 1281 5085 et
1325 5022 1392 5085 in
1436 5042 1691 5085 murum
1737 5043 1971 5088 aereum
2023 5045 2217 5106 super
2256 5044 2388 5088 om-

887 5141 1036 5185 nem
1100 5129 1356 5195 terram,
1422 5122 1677 5203 regibus
1737 5123 1917 5198 Juda,
1983 5123 2384 5205 principibus

887 5221 1027 5302 ejus
1067 5229 1128 5283 et
1159 5220 1592 5284 sacerdotibus
1631 5221 1793 5300 ejuS‚
1827 5228 1889 5282 et
1927 5220 2100 5283 omni
2146 5221 2385 5303 populo

889 5327 1104 5400 terrae3
1145 5328 1208 5382 et
1259 5318 1588 5382 bellabunt
1633 5319 1971 5382 adversum
2023 5327 2103 5393 te,
2146 5329 2210 5381 et
2253 5337 2381 5382 non

2496 4337 2669 4398 illius
2699 4337 3097 4418 experiretur
3124 4336 3430 4418 quotidie,
3455 4337 3632 4399 omni
3660 4337 3851 4399 etiam
3879 4337 3995 4399 ho·

2496 4455 2566 4497 ra
2612 4436 3030 4498 honoraretur
3086 4454 3159 4497 ac
3217 4435 3705 4498 benediceretur
3754 4435 3833 4498 ab
3882 4436 3996 4498 illa

2499 4552 2613 4616 pro
2674 4535 2979 4596 servitute
3042 4543 3105 4597 et
3166 4534 3623 4596 sustentatione
3686 4533 3991 4608 exhibita,

2498 4639 2639 4714 post
2688 4650 2921 4714 paucos
2970 4633 3105 4695 dies
3155 4633 3235 4694 ad
3282 4631 3659 4714 episcopum
3717 4632 3992 4708 redienS,

2496 4731 2656 4794 dixit
2713 4748 2727 4793 ε
2782 4731 3015 4812 Rogavi
3076 4739 3161 4792 ut»
3203 4731 3580 4813 praeciperes
3640 4730 3798 4793 mihi
3856 4730 3995 4793 dari

2497 4849 2689 4893 unam
2739 4849 2930 4911 quam
2978 4847 3095 4910 ego
3144 4830 3499 4904 reficerem,
3542 4836 3607 4891 et
3648 4829 3753 4891 cui
3802 4830 3995 4891 mori-

2495 4928 2661 5010 geris
2694 4927 3018 5009 obsequiis
3052 4927 3499 4990 ministrarem.
3524 4927 3859 5008 Quumque
3886 4947 3999 4989 an-

2495 5027 2675 5088 tistes
2714 5026 2995 5088 nondum
3042 5025 3404 5106 intelligens
3448 5025 3847 5107 propositum
3884 5026 3995 5088 de-

2494 5124 2931 5205 sideriumque
2963 5131 3285 5196 matronae,
3306 5131 3590 5206 putasset
3618 5123 3993 5205 petitionem

2494 5222 2635 5304 ejus
2685 5221 3037 5302 neglectam
3086 5239 3164 5282 ex
3207 5221 3714 5284 dissimulatione
3764 5239 3997 5303 propo-

2492 5320 2620 5393 siti,
2674 5338 2930 5382 causam
2990 5337 3243 5402 quoque
3293 5318 3613 5382 dilationis
3674 5318 3848 5381 illius
3896 5318 3995 5382 in-
