4359 6267
101 2656 402 2707 Lex-amn.

131 2753 262 2797 Ibid-
293 2756 370 2797 18.

1307 514 1386 558 nn
1429 513 1758 559 ms‘rlrnrls
1801 516 1884 561 ss.
1921 516 2182 561 runnu.
2228 534 2310 545 —-
2350 516 2525 563 mann
2564 518 2675 562 vm
3462 497 3541 561 93

443 676 556 739 irae
593 686 702 739 aut
747 678 1021 743 laesionis
1064 682 1366 745 adversus
1409 700 1554 763 eos;
1596 684 1702 745 sed
1748 684 1936 745 etiam
1971 683 2022 745 A

440 774 496 836 si
545 777 912 840 noverimus
959 780 1104 841 illos
1153 780 1386 843 habere
1433 782 1674 863 aliquid
1725 790 1942 844 contra

439 890 560 935 nos
601 875 734 936 sive
771 874 942 955 juste
983 877 1116 940 sive
1157 878 1414 959 injuste,
1449 880 1745 943 similiter
1783 900 1940 962 pra*-

438 971 604 1053 cipit
651 972 938 1036 Christus
992 984 1061 1037 ut
1109 996 1342 1039 munus
1401 986 1689 1041 nostrum
1749 980 1937 1042 relin-

437 1077 732 1150 quenteS,
767 1072 831 1133 id
875 1080 992 1147 est,
1026 1075 1340 1138 orationes
1385 1084 1630 1145 nostras
1674 1096 1938 1161 suspen-

437 1168 662 1231 dentes
691 1178 802 1231 aut
831 1182 1328 1254 compescenteS‚
1354 1174 1730 1239 festinemus
1761 1179 1938 1260 prius

435 1267 741 1329 accedere
798 1269 878 1331 ad
936 1270 1456 1335 satisfaciendum
1517 1274 1667 1349 illis,
1719 1276 1938 1357 sicque

435 1362 634 1427 fratre
684 1374 924 1441 curato,
974 1367 1210 1431 offerre
1260 1370 1389 1433 Deo
1439 1372 1756 1435 sacrificia
1800 1391 1937 1436 ora-

437 1460 686 1525 tionum
732 1471 1091 1527 nostrarum
1139 1466 1562 1531 immaculata.

836 1752 1339 1820 CAPITULUM
1401 1758 1550 1821 XV.

436 1937 612 2005 Quod
642 1943 700 1992 et
731 1943 900 1993 vetus
933 1938 1038 1994 lex
1075 1940 1232 1995 iram
1264 1941 1657 2012 prohibuerit
1688 1959 1809 1999 non
1845 1960 1940 2001 so·

537 2026 662 2083 tum
691 2026 771 2084 ab
801 2042 1002 2099 opere,
1033 2028 1140 2084 sed
1165 2030 1350 2087 etiam
1376 2045 1417 2086 a
1447 2032 1834 2104 cogitatione.

561 2248 661 2311 ΕΙ)
692 2268 811 2311 cur
840 2249 1258 2314 immoramur
1287 2253 1526 2315 diutius
1557 2256 1940 2336 evangelicis

577 2348 1074 2431 apostolicisque
1116 2352 1472 2433 praeceptiS,
1506 2371 1705 2433 quum
1747 2354 1938 2417 etiam

433 2452 622 2507 vetus
673 2445 794 2520 lex,
841 2466 984 2529 quae
1031 2448 1284 2511 videtur
1330 2450 1795 2531 quodammodo
1844 2472 1940 2515 re-

437 2542 696 2607 missior
753 2564 916 2619 esse,
970 2546 1302 2628 prohibeat
1359 2548 1493 2610 haec
1551 2550 1793 2624 eadem,
1845 2550 1939 2612 di-

435 2659 611 2717 cens»,
664 2642 755 2705 Ne
801 2643 1013 2706 oderis
1072 2643 1329 2707 fratrem
1389 2652 1571 2708 tuum
1634 2647 1700 2708 in
1751 2649 1937 2710 corde

435 2747 584 2817 tuo;
625 2749 689 2802 et
735 2740 991 2816 iterum,
1032 2742 1170 2805 Non
1219 2744 1345 2806 eris
1395 2763 1640 2807 memor
1686 2745 1938 2826 injuriae

433 2838 680 2901 civium
730 2844 1035 2903 tuorum?
1075 2842 1238 2905 Ecce
1288 2842 1381 2905 ira
1425 2842 1670 2907 abscidi
1722 2845 1938 2926 praeci-

432 2937 611 3017 pitur
661 2956 788 3000 non
831 2938 911 3000 ab
955 2957 1148 3021 opere
1196 2948 1464 3014 tantum,
1507 2942 1616 3003 sed
1665 2942 1856 3004 etiam
1900 2963 1937 3005 a

432 3034 930 3115 cogitationibus
979 3037 1235 3111 abditis,
1288 3058 1489 3119 quum
1547 3057 1674 3103 non
1728 3041 1934 3102 solum
1969 3045 2013 3106 C

429 3131 654 3194 odium
697 3140 890 3216 atque
935 3135 1187 3215 injuriae
1232 3136 1410 3209 ultio,
1446 3138 1555 3199 sed
1600 3137 1740 3217 ejus
1784 3155 1936 3219 quo-

431 3249 561 3311 que
611 3233 920 3297 memoria
965 3232 1228 3313 jubetur
1276 3234 1578 3297 radicitus
1626 3237 1704 3298 de
1748 3237 1934 3300 corde

428 3330 642 3391 eveHL

809 3610 1317 3675 CAPITULUM
1377 3612 1560 3676 XVI.

433 3796 522 3851 De
560 3794 874 3867 superflua
911 3796 1242 3851 recessione
1285 3795 1470 3852 locali
1505 3812 1709 3853 eorum
1745 3798 1856 3870 qui
1892 3814 1932 3854 a

679 3884 902 3955 pravis
931 3884 1202 3939 moribus
1230 3900 1350 3940 non
1380 3886 1682 3941 recedunt.

515 4116 886 4178 NTERDUM
925 4124 1138 4177 autem
1177 4118 1456 4198 superati
1488 4116 1788 4199 superbia
1824 4124 1933 4178 aut

2408 742 2717 805 CAPITU
2726 743 2911 807 LUM
2973 743 3188 806 XVII.

2052 892 2225 958 Quod
2270 891 2699 963 tranquillitas
2744 892 2948 948 cordis
2984 894 3183 947 nostri
3218 892 3544 947 consistere

2123 981 2335 1036 debeat
2364 998 2485 1036 non
2514 982 2582 1035 in
2611 982 2877 1037 aliorum
2904 981 3196 1045 arbitrio,
3218 982 3323 1037 sed
3349 982 3417 1037 in
3447 998 3546 1037 no·

2122 1075 2255 1125 stra
2276 1076 2592 1143 potestate.

2172 1275 2392 1337 UMMA
2434 1292 2585 1356 ergo
2629 1293 2740 1337 seu
2786 1274 3117 1357 plenitudo
3159 1276 3545 1339 emendatio-

2198 1374 2298 1434 nis
2342 1372 2945 1454 tranquillitatisque
2994 1380 3224 1436 nostrae
3270 1382 3367 1436 est
3415 1374 3543 1438 col-

2049 1470 2314 1533 locanda
2371 1488 2499 1532 non
2564 1470 2629 1532 in
2692 1470 2963 1532 aliorum
3025 1471 3309 1547 arbitrio,
3370 1474 3541 1554 quod

2047 1576 2277 1631 nostrae
2318 1569 2611 1650 potestati
2656 1568 3017 1631 nullatenus
3058 1569 3385 1649 subjacet;
3430 1570 3541 1633 sed

2049 1667 2112 1728 in
2164 1675 2376 1729 nostra
2435 1668 2797 1731 conditione
2853 1685 2925 1728 ac
2985 1674 3292 1748 potestate
3341 1668 3541 1748 magis

2047 1764 2394 1827 consistere
2434 1765 2639 1826 debet.
2676 1766 2850 1827 Unde
2894 1772 2960 1826 ut
3000 1783 3127 1827 non
3170 1766 3537 1839 irascamur,

1973 1867 2020 1929 B
2049 1881 2175 1925 non
2228 1862 2415 1925 debet
2472 1882 2547 1925 ex
2609 1862 2999 1945 perfectione
3056 1871 3165 1925 aut
3215 1863 3539 1926 voluntate

2049 1961 2311 2023 alterius
2354 1961 2733 2042 dependere,
2778 1961 2887 2023 sed
2932 1980 3008 2022 ex
3052 1968 3266 2023 nostra
3304 1962 3539 2025 virtute

2047 2077 2122 2122 ac
2181 2058 2452 2120 mititate
2512 2059 2893 2120 descendere
2946 2076 2961 2120 τ
3018 2078 3161 2140 quae
3217 2058 3540 2122 obtinetur

2047 2174 2174 2220 non
2208 2158 2511 2238 patientia
2550 2157 2777 2231 aliena,
2811 2157 2920 2219 sed
2963 2157 3439 2237 longanimitate
3478 2165 3543 2221 et

2048 2254 2381 2318 tolerantia
2422 2254 2697 2336 propria.

2386 2508 2889 2572 CAPITULUM
2950 2508 3199 2573 XVIII.

2104 2654 2253 2723 'Quo
2290 2656 2494 2711 studio
2532 2655 2849 2712 debeamus
2884 2673 3143 2713 eremum
3180 2658 3464 2725 introire,

2357 2749 2415 2800 et
2441 2745 2647 2817 qualis
2671 2747 2753 2800 sit
2785 2746 2877 2801 ibi
2900 2746 3229 2818 profectus.

2171 2942 2371 3006 ORRO
2403 2961 2690 3004 eremum
2723 2941 2959 3022 ingredi
2992 2941 3266 3023 pertinet
3295 2943 3374 3005 ad
3405 2962 3541 3026 per-

2200 3040 2398 3103 fectos
2446 3049 2509 3102 et
2557 3039 2638 3101 ab
2696 3040 2869 3101 omni
2920 3039 3075 3102 vitio
3134 3047 3533 3121 expurgat03‚

2041 3145 2231 3220 atque
2259 3139 2323 3200 in
2351 3136 2829 3218 congregatione
2854 3138 3139 3199 Fratrum
3172 3156 3209 3198 a
3239 3138 3540 3220 passioni-

2043 3234 2162 3297 bus
2199 3236 2277 3296 ad
2322 3254 2553 3317 purum
2585 3243 2877 3297 excoctos
2912 3252 2925 3295 :
2960 3252 3085 3297 non
3119 3234 3539 3317 pusillanimi-

2044 3333 2189 3394 tatis
2233 3332 2500 3413 refugiO,
2549 3333 2658 3394 sed
2706 3332 2937 3395 divinae
2982 3332 3537 3413 contemplationis

2041 3448 2280 3504 amore,
2333 3429 2774 3511 desiderioque
2823 3429 3216 3492 sublimioris
3268 3430 3537 3493 intuitus

2043 3528 2544 3611 contemplativi,
2588 3528 2698 3609 qui
2744 3544 2871 3590 non
2915 3527 3041 3589 nisi
3084 3528 3150 3589 in
3195 3528 3537 3591 solitudine

2040 3646 2077 3689 a
2109 3626 2409 3709 perfectis
2440 3625 2839 3687 solummodo
2864 3626 3096 3707 poterit
3119 3626 3531 3708 apprehendi.

2043 3726 2469 3806 Quaecumque
2519 3724 2691 3786 enim
2742 3723 2898 3786 vitia
2951 3724 3413 3806 portaverimus
3468 3725 3535 3787 in

2040 3842 2329 3885 eremum
2362 3822 2662 3888 incurata.
2680 3820 3027 3883 manebunt
3052 3820 3117 3882 in
3148 3821 3332 3883 nobis
3361 3839 3538 3904 oper-

2041 3928 2124 3994 ta,
2149 3940 2267 3983 nec
2297 3927 2484 3982 erunt
2512 3920 2766 3982 abolita.
2787 3919 3329 3992 Quemadmodum
3360 3920 3533 3982 enim

2042 4019 2317 4081 solitudo
2356 4019 2514 4080 solet
2546 4017 2719 4079 vitiis
2758 4017 3108 4080 emendatis
3148 4017 3534 4099 contempla-

2041 4116 2281 4178 tionem
2323 4115 2730 4199 purissimam
2773 4134 3071 4189 reserare,
3104 4114 3534 4197 spiritualium

521 4214 924 4296 impatientia
956 4214 1234 4295 propria,
1269 4215 1422 4277 dum
1453 4216 1791 4277 emendare
1823 4233 1931 4277 no·
1962 4216 2011 4276 D
2043 4232 2296 4295 quoque
2354 4222 2891 4276 sacramentorum
2951 4213 3283 4276 scientiam
3332 4213 3534 4275 since-

439 4312 654 4374 lumus
704 4312 1189 4374 incircumcisos
1240 4312 1757 4395 inordinatosque
1802 4332 1932 4375 mo-

437 4430 540 4474 res
570 4418 842 4484 nostrOS,
877 4410 1329 4491 conquerimur
1367 4418 1555 4492 atque
1589 4412 1931 4475 asserimus

435 4528 554 4573 nos
601 4526 892 4571 eremum
941 4508 1318 4581 desiderare,
1364 4509 1545 4590 quasi
1595 4509 1686 4571 ibi
1735 4510 1932 4572 virtu-

437 4616 570 4671 tem
615 4606 936 4688 patientiae
976 4607 1309 4687 reperturi,
1344 4608 1521 4671 nullo
1565 4626 1679 4670 nos
1723 4609 1932 4671 conci-

435 4713 613 4769 tante
662 4705 739 4767 ad
792 4704 952 4767 iram
995 4724 1010 4767 :
1057 4713 1432 4767 excusantes
1481 4706 1933 4787 negligentiam

439 4811 748 4875 nostram,
810 4810 874 4864 et
930 4801 1326 4865 affirmantes
1391 4822 1610 4865 causas
1679 4804 1930 4866 iracun-

436 4902 563 4963 diae
611 4900 900 4981 generari
948 4918 1074 4962 non
1123 4919 1200 4962 ex
1249 4901 1649 4982 impatientia
1695 4910 1928 4975 nostra,

437 4999 554 5062 sed
603 4998 760 5060 vitio
807 4996 1098 5069 fratrum.
1147 4998 1438 5080 Dumque
1486 4999 1553 5060 in
1597 4999 1754 5062 alios
1799 5018 1934 5061 ver-

439 5098 640 5159 timus
697 5116 918 5159 causas
976 5096 1229 5171 erroris,
1281 5116 1609 5179 nunquam
1669 5098 1747 5160 ad
1807 5097 1936 5159 cul-

441 5214 592 5258 men
646 5196 968 5277 patientiae
1025 5214 1096 5257 ac
1147 5195 1554 5278 perfectionis
1601 5196 1934 5287 pervenire

437 5292 748 5356 valemus.

2043 4312 2297 4374 rissimo
2324 4313 2600 4374 revelare
2629 4312 2893 4390 intuitu3
2920 4310 3003 4373 ita
3027 4312 3359 4373 consuevit
3382 4312 3537 4374 vitia

2043 4428 2265 4472 eorum
2298 4410 2408 4492 qui
2441 4410 2653 4471 minus
2684 4410 3000 4472 emendati
3034 4417 3203 4484 sunt,
3238 4428 3364 4472 non
3399 4418 3533 4473 tan-

2043 4508 2373 4570 tummodo
2398 4526 2735 4582 reservare,
2750 4509 2857 4570 sed
2883 4508 3073 4570 etiam
3100 4515 3527 4589 augmentare.

2411 4732 2911 4831 CAPITULUM
2973 4734 3158 4797 XIX.

2041 4856 2261 4924 Quales
2289 4856 2415 4910 sint
2439 4854 2809 4918 oestimndz’,
2831 4856 2939 4926 qui
2966 4860 3107 4911 tunc
3134 4861 3367 4913 tantum
3394 4864 3535 4913 sunt

2101 4946 2411 5018 patientes
2438 4944 2682 5017 quando
2711 4960 2750 5000 a
2777 4945 3013 5000 nemine
3035 4954 3468 5018 provocantur.

2184 5097 2465 5170 ENIQUE
2506 5096 2745 5158 tamdiu
2786 5096 2908 5158 sibi
2950 5097 3092 5179 quis
3133 5098 3379 5178 patiens
3418 5100 3535 5162 hu-

2214 5195 2512 5277 milisque
2556 5196 2827 5269 videtur,
2874 5196 3177 5277 quamdiu
3220 5196 3362 5259 aliis
3406 5216 3533 5262 non

2046 5294 2395 5373 miscetur3
2450 5293 2559 5355 sed
2613 5293 2692 5355 ad
2744 5291 3077 5375 pristinam
3130 5312 3275 5357 mox
3328 5315 3532 5358 rever-
