4359 6267
1161 984 1704 1105 INDEX
1814 981 2798 1104 GENERALIS

520 1588 996 1653 TRANSLATIO
1038 1588 1422 1652 LIBRORUM
1463 1588 1775 1652 JOANNIS

957 1686 1323 1750 CASSIANI.

397 1840 469 1901 D.
505 1839 788 1921 Dionysii
825 1837 1111 1920 prael'atio
1117 1885 1782 1903 ........

613 1999 1090 2063 TRANSLATIO
1133 2001 1237 2063 XII
1281 1999 1668 2062 LIBRORUM

501 2098 613 2160 DE
676 2097 1173 2161 INSTITUTIS
1234 2098 1346 2161 SS.
1405 2096 1780 2159 PATRUM.

397 2250 696 2331 Prologus

786 2299 1747 2314 nnnnnnnnnnn

395 2410 585 2473 Lim-:a
627 2426 872 2473 ramus.
921 2410 1008 2471 De
1057 2408 1280 2471 habitu
1316 2408 1753 2490 AEgyptiorum

479 2498 934 2561 monachorum
991 2546 1748 2561 .........

395 2658 725 2732 Capitulum
758 2660 800 2714 l.
833 2657 1187 2715 Prooemium
1260 2698 1745 2713 ......

394 2748 726 2821 Capitulum
759 2748 825 2802 ll.
861 2750 937 2804 De
968 2746 1204 2819 cingulo
1234 2746 1504 2803 monachi
1548 2788 1560 2800 .
1641 2788 1653 2801 .

393 2837 726 2909 Capitulum
759 2838 852 2891 ΙΙΙ.
883 2838 960 2893 De
987 2838 1142 2891 veste
1175 2834 1464 2890 monachi.
1547 2878 1559 2891 .
1638 2876 1652 2889 .

392 2925 726 2998 Capitulum
769 2926 856 2980 lV.
897 2926 974 2981 De
1016 2922 1262 2979 cucullis
1301 2924 1748 2980 monachorum.

393 3014 724 3087 Capitulum
757 3014 819 3067 V.
855 3015 933 3070 De
963 3012 1206 3069 colobiis
1241 3028 1464 3069 eorum.
1545 3056 1558 3067 .

393 3102 724 3177 Capitulum
763 3103 854 3157 Vl.
897 3102 975 3158 De
1013 3101 1482 3157 rebrachiatoriis
1523 3118 1747 3159 eorum.

393 3192 726 3264 Capitulum
757 3192 873 3247 VII.
909 3192 984 3247 De
1017 3189 1364 3247 mafortibus
1391 3208 1595 3247 eorum
1639 3234 1650 3245 .
1732 3234 1744 3246 .

395 3281 724 3353 Capitulum
756 3281 896 3336 Vlll.
918 3280 995 3337 De
1019 3279 1226 3336 melote
1247 3282 1304 3336 et
1324 3280 1470 3352 pelle
1491 3279 1747 3352 caprina.

393 3370 726 3441 Capitulum
760 3370 848 3424 IX.
884 3370 957 3425 De
989 3368 1195 3424 baculo
1264 3410 1746 3424 ......

393 3458 722 3531 Capitulum
755 3459 818 3513 X.
851 3458 928 3515 De
961 3456 1371 3513 calceamentis
1399 3473 1602 3513 eorum
1639 3502 1650 3515 .
1733 3502 1744 3514 .

394 3546 724 3619 Capitulum
773 3548 864 3603 xl.
914 3548 992 3602 De
1041 3548 1504 3617 temperamento
1557 3547 1750 3603 obser-

463 3636 677 3693 vantiae
715 3638 1039 3693 secundum
1082 3635 1233 3691 aeris
1275 3635 1615 3707 qualitatem
1660 3636 1746 3693 vel

466 3724 780 3798 provinciae
818 3741 990 3781 usum

391 3814 725 3886 Capitulum
774 3814 891 3869 xn.
937 3815 1012 3869 De
1063 3813 1298 3885 cingulo
1345 3812 1653 3886 spirituali,
1693 3818 1751 3872 et

463 3900 888 3973 significatione
927 3900 1112 3973 ipsius
1173 3944 1744 3957 .......

389 4066 579 4129 Llasa
609 4084 937 4133 sacuNnus.
965 4069 1049 4130 De
1084 4069 1388 4132 canonico
1417 4078 1752 4133 noct-urna—

472 4176 615 4219 rum
645 4158 1003 4219 orationum
1029 4166 1090 4219 et
1120 4159 1510 4239 psalmorum
1537 4160 1743 4222 modo.

387 4337 720 4410 Capitulum
756 4338 795 4392 l.
829 4337 1185 4395 Prooemium
1258 4379 1271 4393 .
1351 4380 1362 4393 .
1411 4332 1416 4337 ’
1445 4381 1456 4394 .
1538 4380 1552 4394 .
1632 4381 1644 4394 .
1726 4383 1739 4395 .

388 4427 721 4499 Capitulum
761 4426 828 4482 ll.
873 4428 948 4483 De
997 4427 1327 4484 diversitate
1375 4427 1606 4484 numeri
1647 4428 1746 4501 qui

461 4516 536 4570 ad
567 4515 824 4587 psalmos
854 4514 1134 4571 dicendos
1161 4531 1262 4585 per
1290 4515 1591 4572 universas
1621 4532 1748 4587 pro-

459 4602 680 4659 vincias
707 4603 783 4659 sit
809 4606 1060 4660 statutus
1069 4646 1741 4661 ........

387 4690 720 4763 Capitulum
753 4692 845 4747 Ill.
888 4692 965 4748 De
1005 4690 1270 4747 custodia
1307 4691 1620 4748 uniformis
1657 4708 1746 4749 re-

462 4780 615 4853 gulae
642 4797 744 4852 per
780 4782 960 4836 totam
1003 4782 1334 4852 AEgyptum,
1367 4783 1424 4837 et
1452 4784 1522 4837 de
1552 4781 1743 4837 electi-

461 4886 570 4927 one
599 4886 803 4927 corum
840 4869 941 4941 qui
971 4870 1270 4926 Fratribus
1298 4874 1741 4943 praeponuntur.

386 4959 720 5032 Capitulum
752 4960 840 5015 lV.
875 4960 1040 5025 Quod
1070 4976 1173 5032 per
1191 4960 1499 5032 AEgyptum
1530 4963 1587 5017 et
1604 4960 1744 5016 The-

459 5050 690 5106 baidem
727 5049 1124 5106 duodenarius
1161 5065 1446 5106 numerus
1483 5050 1744 5121 psalmo-

459 5155 593 5196 rum
625 5138 962 5194 observetur
984 5179 1738 5193 .........

386 5228 716 5301 Capitulum
751 5227 813 5281 V.
847 5228 924 5283 De
945 5226 1306 5283 duodenario
1329 5243 1576 5284 numero
1597 5228 1744 5299 psal·

460 5333 713 5382 morum,
745 5315 938 5389 angeli
967 5315 1278 5373 traditione
1308 5318 1573 5388 suscepto
1628 5358 1643 5371 .

1828 1847 1895 1901 13

1827 2506 1894 2560 19

1828 2658 1895 2713 19

1736 2748 1894 2801 ,19

1737 2835 1896 2891 ,20

1822 2926 1890 2980 21

1734 3015 1890 3069 ,21

1823 3104 1890 3157 21

1824 3192 1888 3246 21

1823 3282 1896 3336 22

1822 3370 1893 3424 22

1822 3458 1893 3512 22

1822 3727 1894 3780 22

1821 3905 1892 3959 23

1819 4169 1892 4223 24

1817 4341 1888 4395 24

1819 4606 1891 4661 24

1819 4872 1936 4928 2-1·

1817 5140 1889 5194 25

1725 5317 1885 5373 ‚25

2003 1589 2335 1661 Capitulum
2366 1592 2456 1646 vl.
2484 1593 2563 1649 De
2592 1592 3012 1650 consuetudine
3044 1591 3351 1650 duodecim

2074 1680 2406 1737 orationum
2488 1724 3349 1740 ..........
3426 1682 3497 1737 26

2003 1767 2334 1839 Capitulum
2367 1770 2485 1825 Vll.
2517 1772 2593 1827 De
2624 1770 2932 1843 disciplina
2962 1772 3166 1828 orandi
3242 1816 3254 1828 .
3336 1816 3347 1827 .
3426 1772 3498 1826 26

2003 1857 2333 1929 Capitulum
2364 1860 2505 1915 VIII.
2529 1861 2606 1917 De
2637 1860 2895 1917 oratione
2924 1864 3198 1934 sequente
3230 1863 3358 1934 post.

2073 1947 2367 2019 psalmum
2389 1990 3349 2007 ...........
3424 1949 3497 2003 27

2001 2036 2327 2108 Capitulum
2362 2039 2447 2093 lx.
2479 2038 2553 2095 De
2586 2040 2759 2095 modo
2788 2043 2844 2095 et
2872 2042 3027 2096 statu
3055 2037 3351 2101 orationis,

2075 2127 2144 2182 de
2176 2143 2293 2199 quo
2327 2127 2385 2182 in
2418 2126 2831 2184 collationibus
2861 2128 3095 2185 Patrum
3129 2128 3355 2199 plenior

2073 2219 2402 2273 reservatur
2434 2216 2741 2273 instructio
2773 2259 3348 2274 .......
3426 2216 3496 2270 27

2003 2304 2335 2377 Capitulum
2366 2306 2430 2360 X.
2463 2306 2605 2361 Cum
2638 2310 2858 2379 quanto
2882 2306 3113 2363 silentio
3142 2309 3199 2362 et
3227 2305 3354 2362 bre-

2071 2393 2247 2451 vitate
2290 2394 2581 2451 orationes
2622 2396 2779 2467 apud
2816 2395 3109 2468 AEgyptios
3146 2394 3354 2451 finian-

2072 2485 2170 2539 tur
2200 2525 3348 2544 .............

2001 2570 2331 2643 Capitulum
2374 2573 2462 2627 xl.
2505 2573 2630 2637 Qua
2667 2572 2978 2645 disciplina
3014 2572 3223 2644 psalmi
3268 2571 3354 2627 di-

2075 2665 2285 2717 cantur
2312 2662 2466 2733 apud
2496 2661 2790 2734 AEgyptios

2001 2749 2335 2821 Capitulum
2375 2751 2491 2805 XII.
2522 2752 2635 2807 Cur
2677 2767 2794 2807 uno
2840 2751 3139 2823 psallente,
3179 2749 3352 2808 ceteri

2074 2838 2134 2895 in
2173 2840 2377 2913 synaxi
2418 2841 2693 2907 sedeant;
2724 2844 2781 2897 et
2813 2840 2971 2913 quali
3002 2840 3195 2897 studio
3225 2840 3355 2911 post

2075 2945 2257 3001 usque
2297 2930 2369 2985 ad
2407 2928 2597 2985 lucem
2636 2932 2865 2986 servent
2896 2928 3123 3002 vigilias
3150 2928 3211 2984 in
3240 2928 3351 2985 cel-

2072 3018 2211 3075 lulis
2246 3018 2367 3074 suis
2381 3062 3343 3076 ...........

2001 3108 2333 3180 Capitulum
2372 3108 2512 3164 xm.
2555 3108 2744 3171 Quare
2790 3112 2919 3180 post
2962 3107 3203 3163 missam
3247 3123 3351 3163 no-

2073 3202 2343 3255 cturnam
2375 3197 2788 3254 dormiendum
2822 3214 2937 3253 non
2968 3197 3066 3253 sit.
3143 3241 3155 3253 .
3236 3242 3249 3253 .
3331 3242 3343 3253 .

2001 3288 2331 3359 Capitulum
2362 3287 2499 3343 xlv.
2531 3288 3041 3353 Quemadmodum
3084 3286 3144 3342 in
3183 3286 3355 3343 cellu-

2072 3377 2145 3433 lis
2192 3377 2313 3434 suis
2352 3394 2496 3449 opus
2536 3392 2817 3433 manuum
2858 3380 2913 3433 et
2950 3376 3241 3433 orationes
3276 3375 3353 3431 si-

3425 2484 3496 2538 28

3421 3018 3493 3073 29

3423 3198 3495 3251 29

2074 3467 2197 3524 mul
2238 3469 2547 3524 exerceant
2575 3506 3346 3523 .........
3424 3467 3496 3522 30

2000 3556 2334 3629 Capitulum
2382 3558 2493 3612 XV.
2536 3557 2661 3621 Qua
2707 3556 2832 3628 lege
2880 3554 3180 3611 modestiae
3227 3560 3357 3628 post
3453 3588 3467 3595 -

2071 3646 2408 3703 orationum
2440 3646 2680 3702 missam
2712 3644 3115 3718 unusquisque
3148 3647 3221 3702 ad
3258 3664 3354 3702 su-

2071 3750 2165 3790 am
2197 3736 2395 3791 redeat
2422 3736 2630 3792 cellam
2670 3776 3347 3793 ........

1999 3823 2329 3897 Capitulum
2380 3824 2517 3880 XVI.
2568 3825 2732 3889 Quod
2784 3824 2930 3880 nulli
2979 3824 3153 3881 liceat
3188 3840 3353 3879 orare

2070 3930 2206 3971 cum
2240 3914 2339 3970 illo
2370 3912 2469 3986 qui
2500 3912 2674 3970 fuerit
2708 3914 2782 3969 ab
2819 3912 3082 3969 oratione
3113 3928 3351 3985 suspen-

2070 4019 2172 4059 sus
2197 4044 3345 4060 .............

1999 4091 2331 4163 Capitulum
2370 4091 2533 4146 xvll.
2572 4091 2736 4156 Quod
2774 4090 2826 4145 is
2871 4089 2969 4162 qui
3010 4089 3236 4145 Fratres
3277 4090 3352 4144 ad

2071 4180 2364 4237 orationes
2400 4178 2657 4245 suscitat,
2690 4180 2895 4237 debeat
2933 4179 3045 4234 hoc
3083 4178 3227 4233 hora
3261 4193 3350 4232 so-

2069 4270 2172 4326 lita
2200 4269 2384 4327 facere
2393 4310 3347 4326 ...........
3422 4266 3489 4322 31

1997 4360 2331 4433 Capitulum
2362 4358 2550 4414 XVIII.
2583 4360 2749 4424 Quod
2788 4376 2823 4413 a
2858 4373 3097 4429 vespera
3128 4355 3352 4413 sabbati

2069 4466 2253 4521 usque
2300 4449 2374 4505 ad
2410 4464 2710 4521 vesperam
2760 4446 2874 4504 diei
2922 4447 3236 4503 dominicae
3271 4463 3354 4502 se-

2070 4536 2303 4609 quentis
2342 4552 2534 4609 genua
2568 4552 2685 4592 non
2724 4536 3049 4601 flectantur.
3082 4552 3188 4592 nec
3215 4536 3352 4592 totis

2071 4626 2277 4684 diebus
2316 4625 2829 4699 Quinquagesimae
2862 4668 3345 4683 ......
3424 4626 3489 4681 31

3424 3735 3496 3790 30

3423 4000 3495 4056 30

1997 4797 2187 4859 Lissa
2224 4814 2492 4859 Tannus.
2530 4798 2616 4859 De
2648 4798 2951 4860 canonico
2982 4798 3354 4860 diurnarum

2077 4886 2436 4949 orationum
2468 4895 2529 4947 et
2562 4888 2952 4967 psalmorum
2984 4888 3174 4950 modo
3239 4941 3252 4953 .
3334 4942 3346 4953 .
3423 4898 3494 4953 32

1997 5046 2327 5119 Capitulum
2363 5048 2402 5102 l.
2434 5046 2790 5104 Prooemium
2858 5091 3344 5103 ......
3421 5048 3492 5103 32

1996 5133 2326 5206 Capitulum
2368 5136 2437 5191 ll.
2476 5136 2641 5201 Quod
2689 5136 2843 5207 apud
2882 5135 3174 5209 AEgyptios
3220 5136 3349 5190 abs-

2068 5243 2180 5299 que
2231 5226 2517 5282 Horarum
2566 5224 2957 5290 distinctione,
3006 5241 3109 5297 per
3156 5228 3345 5281 totum

2067 5315 2224 5373 diem
2256 5315 2617 5371 orationibus
2653 5318 2710 5370 et
2748 5312 2988 5385 psalmis
3008 5312 3231 5386 jugiter
3259 5312 3350 5368 in—
