4359 6267
1337 521 1416 566 DE
1457 520 1786 567 INSTITUTIS
1830 522 1914 567 SS.
1947 521 2209 567 PATREM.
2255 539 2335 548 —
2376 521 2551 566 LIBER
2593 522 2612 565 l
3438 499 3517 563 19

411 690 574 751 dum
619 690 956 751 arbitrium
1002 689 1508 772 uniuscujusque
1554 690 1852 763 coenobii,
1897 691 1958 752 id
2005 690 2184 752 fideli
2230 707 2543 763 sermone,
2582 690 2682 752 vel
2726 691 2974 761 addam,
3017 690 3119 752 vel
3162 696 3512 771 amputem,

411 798 774 858 secundum
823 798 1106 877 regulam
1152 798 1682 861 monasteriorum
1731 798 1795 860 in
1841 800 2107 881 AEgypto
2145 806 2255 859 aut
2303 797 2631 861 Palaestina
2678 798 3031 879 antiquitus
3082 798 3509 859 fundatorum.

407 904 791 966 Nullatenus
822 904 995 966 enim
1029 906 1217 967 credo
1256 905 1573 968 novellam
1616 906 2168 987 congregationem
2211 905 2275 967 in
2308 904 2809 967 occidentalibus
2842 905 3187 968 Galliarum
3230 904 3515 986 partibus

410 1012 700 1093 potuisse
741 1012 982 1095 aliquid
1030 1012 1470 1075 rationabilius
1515 1022 1622 1076 aut
1669 1014 2015 1095 perfectius
2058 1014 2359 1095 reperire,
2394 1031 2583 1095 quam
2633 1020 2781 1074 sunt
2827 1013 3115 1074 instituta
3160 1014 3393 1095 quibus
3436 1012 3516 1075 ab
3575 1071 3584 1079 .

412 1118 679 1181 exordio
724 1120 1088 1201 apostolicae
1147 1120 1615 1201 praedicationis
1677 1122 1922 1183 imbuta
1969 1129 2031 1182 et
2079 1121 2341 1183 fundata
2400 1127 2548 1181 sunt
2597 1139 2633 1181 a
2683 1120 2917 1182 sanctis
2965 1128 3027 1181 et
3076 1119 3518 1201 spiritualibus

413 1229 706 1291 Patribus
757 1227 1068 1301 coenobia,
1110 1248 1252 1309 quae
1296 1229 1626 1310 hucusque
1677 1230 2040 1309 perdurant.
2086 1228 2297 1291 Nihilo
2349 1228 2560 1290 minus
2613 1227 3110 1290 moderationem
3157 1228 3321 1290 hanc
3368 1226 3519 1289 huic

410 1338 730 1417 opusculo
762 1337 993 1408 inser0,
1030 1344 1098 1397 ut
1129 1355 1202 1397 ea
1231 1356 1374 1417 quae
1414 1339 1765 1400 secundum
1807 1338 2244 1420 AEgyptiorum
2287 1338 2569 1418 regulam
2613 1336 3057 1418 impossibilia,
3092 1335 3195 1398 vel
3226 1338 3383 1399 dura
3412 1344 3521 1399 aut

413 1445 616 1507 ardua
650 1445 714 1506 in
748 1444 1115 1525 regionibus
1148 1444 1286 1505 istis
1320 1445 1671 1526 probavero
1701 1454 1960 1527 propter
1989 1446 2152 1507 aeris
2184 1446 2613 1526 asperitatem,
2648 1453 2757 1506 aut
2788 1463 3038 1506 morum
3070 1443 3517 1507 difficultatem

415 1572 495 1615 ac
527 1553 982 1625 diversitatem,
1018 1572 1130 1633 per
1165 1553 1456 1614 instituta
1496 1554 2022 1615 monasteriorum
2054 1552 2397 1615 Pala-stinae
2438 1572 2549 1614 seu
2581 1552 3046 1633 Mesopotamiae
3084 1552 3298 1634 aliquo
3334 1553 3520 1615 modo

417 1668 795 1743 temperem.
851 1660 1007 1734 Quia
1065 1660 1117 1721 si
1178 1659 1572 1721 rationabilis
1631 1678 1704 1721 ac
1761 1660 2034 1722 discreta
2089 1659 2529 1741 possibilitatis
2586 1678 2884 1722 mensura
2941 1668 3247 1732 servetur,
3298 1658 3519 1721 eadem

417 1768 845 1831 observantiae
889 1767 1195 1851 perfectio
1238 1768 1561 1831 invenitur
1603 1767 1792 1830 etiarn
1841 1767 1906 1829 in
1953 1766 2181 1850 impari
2228 1765 2525 1830 facultate
2571 1786 2681 1831 seu
2727 1766 3167 1851 possibilitate.

1434 2179 1866 2289 LIBER
1946 2179 2507 2293 PRIMUS

1095 2472 1198 2523 DE
1269 2470 1566 2527 HABITU
1638 2468 2185 2523 AEGYPTIORUM
2258 2469 2860 2522 MONACHORUM.

641 2795 1222 2860 CAPITULUM
1284 2794 1697 2858 PRIMUM·
1947 2752 1998 2814 A
2030 2771 2170 2814 mus
2222 2753 2465 2816 cinctos
2518 2753 2735 2817 fuisse.
2790 2755 3065 2828 Quorum
3121 2755 3316 2836 prior,
3370 2764 3525 2837 puta

2027 2851 2196 2914 Elias
2252 2852 2391 2934 (qui
2457 2852 2522 2914 in
2588 2854 2785 2915 veteri
2845 2853 3245 2916 Testamento
3308 2855 3521 2936 praefi-

977 2953 1355 3008 Prooemium.
2025 2952 2277 3030 guravit
2330 2970 2403 3013 ac
2457 2951 2735 3033 praetulit
2783 2952 3165 3033 virginitatis
3221 2952 3413 3015 flores
3460 2962 3523 3015 et

2027 3050 2433 3113 continentiae
2473 3070 2547 3113 ac
2589 3051 2893 3113 castitatis
2936 3052 3275 3134 exempla),
3319 3071 3519 3134 quum

559 3153 608 3214 E
651 3151 963 3213 institutis
1003 3171 1076 3213 ac
1113 3150 1346 3232 regulis
1389 3150 1914 3212 monasteriorum
2027 3148 2262 3211 missus
2311 3148 2535 3212 fuisset
2578 3171 2614 3212 a
2656 3151 2924 3213 Domino
2972 3150 3051 3213 ad
3101 3152 3519 3233 increpandos
3584 3168 3810 3223 ινηερη,

587 3251 845 3324 dicturi,
888 3249 968 3313 ab
1013 3250 1151 3331 ipso
1193 3249 1415 3312 habitu
1460 3250 1914 3312 monachorum
2027 3248 2285 3310 nuntios
2325 3248 2607 3312 Ochoziae
2650 3250 2941 3331 sacrilegi
2984 3250 3149 3330 regis
3189 3251 3402 3324 Israel,
3444 3269 3521 3312 eo
3550 3234 3636 3275 Μ·

415 3348 926 3423 convenientius,
960 3350 1087 3411 Deo
1116 3357 1472 3430 praestante,
1507 3348 1910 3429 incipiemus.
2026 3347 2195 3428 quod
2260 3346 2633 3409 infirmitate
2691 3348 2983 3410 detentus
3046 3349 3384 3412 destinavit
3442 3350 3519 3410 ad

413 3448 790 3511 Interiorem
827 3466 1103 3529 namque
1135 3448 1592 3510 monachorum
1622 3455 1915 3510 ornatum
2027 3445 2490 3508 consulendum
2526 3446 2878 3509 Beelzebub
2909 3448 3099 3509 deum
3130 3448 3411 3509 Accaron
3441 3448 3519 3509 de

412 3554 479 3609 et
528 3547 775 3608 cultum
833 3556 988 3608 tunc
1047 3546 1398 3627 poterimus
1456 3553 1918 3627 consequenter
2027 3550 2193 3604 statu
2230 3562 2365 3616 suo,
2400 3552 2660 3626 propter
2688 3545 2856 3626 quod
2890 3546 3055 3607 Elias
3087 3546 3374 3628 praedixit
3409 3545 3521 3607 im-

415 3662 760 3726 exponere,
803 3663 1004 3726 quum
1046 3644 1425 3706 exteriorem
1467 3661 1688 3706 eorum
1736 3662 1916 3706 orna·
2029 3642 2208 3723 pium
2269 3661 2479 3723 regem
2541 3642 2726 3704 illum
2777 3644 2853 3704 de
2910 3643 3071 3706 lecto
3127 3643 3522 3725 aegritudinis

415 3752 549 3805 tum
579 3762 654 3805 ac
681 3742 966 3805 habitum
996 3742 1513 3823 descripserimus
1543 3743 1621 3804 ad
1644 3743 1911 3805 oculum.
2030 3760 2158 3803 suae
2191 3759 2318 3802 non
2358 3741 2847 3820 descensurum3
2877 3742 2958 3803 ab
2989 3743 3211 3804 eodem
3252 3761 3396 3823 rege
3428 3751 3523 3805 est

2030 3839 2321 3919 cognitus
2359 3857 2437 3900 ex
2482 3840 2907 3921 descriptione
2950 3840 3049 3901 sui
3090 3841 3376 3903 vestitus.
3412 3842 3524 3903 Re-
3605 3887 3610 3893 -

1067 3988 1085 4012 ,
1951 3935 1998 3997 Β
2028 3955 2245 4000 versos
2283 3937 2522 3999 etenim
2560 3938 2639 4000 ad
2680 3956 2746 3999 se
2778 3938 3033 4001 nuntios
3074 3958 3242 4013 suOS,
3276 3946 3341 4001 et
3370 3940 3521 4001 Eliae

777 3986 1380 4050 CAPHULUM
1455 3987 1554 4049 II.
2286 4036 2298 4048 .
2487 4036 2499 4047 .
2558 4036 2569 4048 .
2861 4036 2872 4048 .
3117 4036 3129 4049 .
3478 4038 3489 4049 .

2027 4043 2409 4098 sententiam
2450 4036 2573 4097 s1b1
2613 4036 3079 4109 denuntiantes,
3114 4044 3523 4118 interrogavit

829 4136 914 4191 De
941 4135 1184 4206 cingulo
1213 4135 1504 4191 monachi.
2031 4133 2330 4216 praefatus
2375 4154 2506 4209 rex,
2540 4134 2725 4215 cujus
2769 4142 2935 4196 esset
2977 4134 3201 4215 figurae
3243 4143 3307 4197 et
3347 4136 3523 4198 habi-

2030 4240 2130 4295 tus
2174 4233 2274 4294 vir
2319 4233 2428 4315 qui
2474 4234 2565 4295 eis
2609 4233 2886 4295 occurrit
2925 4241 2986 4295 et
3030 4252 3097 4295 se
3142 4234 3521 4297 moriturum

119 4343 391 4395 [Μωμεε.
499 4332 788 4405 TAQUE
862 4333 1242 4395 monachum
1312 4333 1616 4396 accinctis
1683 4333 1918 4395 lumbis
2030 4331 2342 4413 praedixit.
2388 4332 2503 4405 Qui
2555 4331 3065 4413 responderunt:
3104 4332 3213 4393 Vir
3254 4333 3519 4414 pilosuS,

527 4438 780 4513 oportet
822 4449 1074 4513 semper
1112 4431 1427 4505 incedere,
1463 4440 1765 4514 tanquam
1807 4433 1920 4494 mi·
2029 4438 2092 4492 et
2134 4448 2291 4492 zona
2335 4429 2602 4511 pellicea
2644 4431 2967 4492 accinctus
3018 4450 3219 4493 reneS.
3266 4432 3353 4493 Ex
3396 4449 3523 4513 quo

427 4530 603 4593 litem
635 4530 869 4593 Christi
908 4529 1146 4611 jugiter
1176 4531 1455 4613 positum
1490 4531 1555 4592 in
1587 4531 1918 4613 procinctu
2030 4527 2252 4590 habitu
2302 4547 2412 4589 rex
2472 4528 2684 4590 statim
2736 4529 3141 4592 considerans
3198 4529 3522 4592 hominem

425 4630 778 4711 spiritualis
828 4647 1056 4711 pugnae
1105 4629 1464 4691 christianae
1515 4630 1778 4693 militiae.
1817 4630 1919 4693 Sic
2029 4628 2162 4701 Dei,
2198 4628 2306 4700 ait,
2341 4626 2509 4688 Elias
2545 4627 2873 4689 Thesbites
2902 4636 3033 4705 est3
3076 4646 3247 4691 zonae
3288 4629 3525 4691 indicio

425 4729 596 4790 enim
623 4736 850 4809 quarto
875 4728 1114 4807 Regum
1146 4727 1417 4808 legimus
1446 4728 1782 4790 incessisse
1813 4746 1919 4790 eos
2029 4734 2092 4788 et
2131 4725 2317 4806 pilosi
2364 4724 2716 4807 incultique
2760 4726 3043 4807 corporis
3084 4726 3520 4809 dispositione,

423 4827 531 4908 qui
579 4827 646 4888 in
685 4825 889 4887 veteri
928 4825 1329 4887 Testamento
1375 4826 1738 4889 monastica}
1783 4845 1922 4908 pro-
2030 4824 2239 4886 virum
2286 4824 2395 4886 Dei
2440 4823 2873 4886 indubitanter
2920 4842 3267 4905 agnoscens
3311 4843 3325 4887 τ
3369 4844 3522 4908 quo-

427 4924 723 4987 fessionis
782 4923 1213 4985 fundaverunt
1273 4924 1641 5005 primordia,
1703 4932 1920 5008 utpote
2032 4922 2202 4984 niam
2254 4930 2540 5004 tempore
2596 4922 2705 4985 illo
2752 4922 2920 4984 Elias
2972 4922 3137 4986 inter
3184 4930 3276 4987 tot
3323 4925 3525 4987 millia

429 5021 632 5085 Eliam
688 5041 762 5084 ac
819 5021 1143 5099 Eliseum3
1194 5022 1422 5084 deinde
1481 5023 1802 5106 principes
1859 5031 1922 5085 et
2033 5021 2362 5083 israelitici
2407 5022 2630 5102 populi
2671 5021 2985 5095 habitans,
3029 5022 3137 5083 tali
3182 5024 3412 5084 vestitu
3450 5042 3523 5085 ac

426 5129 716 5183 auctores
765 5120 916 5182 novi
961 5120 1365 5195 Testamenti,
1409 5121 1706 5183 videlicet
1746 5122 1924 5184 Joan-
1958 5123 2000 5185 C
2033 5119 2315 5201 corporis
2346 5120 2782 5201 dispositione,
2819 5127 3119 5203 tanquam
3150 5121 3409 5204 speciali
3442 5122 3523 5184 si-

427 5238 574 5281 nem
616 5218 988 5300 Baptistam,
1020 5226 1083 5280 et
1112 5218 1364 5281 Petrum
1399 5238 1472 5281 ac
1502 5219 1788 5291 Paulum,
1823 5239 1920 5280 ce·
2030 5237 2154 5300 gno
2196 5219 2449 5281 assidue
2493 5238 2645 5280 usus
2688 5227 2802 5280 est.

428 5326 722 5399 terosque
769 5316 1060 5397 ejusdem
1103 5318 1485 5380 Testamenti
1536 5318 1726 5392 vir08,
1770 5317 1919 5398 legi·
2111 5317 2419 5398 Denique,
2462 5316 2539 5379 de
2586 5318 2821 5380 Joanne
2870 5318 3169 5401 Baptista,
3212 5319 3323 5401 qui
3374 5321 3520 5383 novi
