4359 6267
125 3932 320 3977 Κακὴ.
341 3948 386 3983 v,

101 4000 172 4039 Η.

1306 513 1387 558 DE
1429 511 1759 557 INSTITUTIS
1802 510 1886 557 SS.
1921 511 2182 557 PA‘rmm.
2230 530 2310 539 —
2352 511 2528 556 LIBER
2566 512 2629 556 lv

3439 488 3521 553 49

415 701 536 763 per
582 682 659 743 de
711 682 954 745 mundo
1000 701 1310 763 egressus.
1366 681 1486 744 Sed
1537 681 1728 763 paulo
1778 688 1919 762 post
1946 679 2000 743 A
2029 680 2289 742 buimus
2323 680 2387 742 in
2419 681 2680 761 praefato
2711 680 3091 743 monasterio
3131 686 3367 751 nostro,
3400 678 3520 739 uti-

421 781 649 861 majori
698 789 848 843 sunt
895 781 1312 844 admiratione
1365 780 1674 861 percussi,
1719 799 1920 861 quum

417 879 636 940 Frater
677 878 784 941 ille
824 880 1206 961 prodidisset
1241 895 1473 941 nomen
1515 878 1707 952 seniS,
1750 878 1918 959 quod

417 975 593 1057 apud
621 994 728 1038 eos
761 994 1014 1058 quoque
1046 976 1169 1038 fuit
1198 976 1536 1038 famosum.
1574 976 1748 1037 Tunc
1781 974 1921 1036 uni-

419 1073 590 1134 versi
631 1074 874 1135 Fratres
914 1074 1165 1136 veniam
1206 1073 1688 1155 postulaverunt
1726 1072 1806 1134 ab
1845 1090 1921 1134 eo

419 1172 500 1233 de
530 1171 652 1233 hoe
692 1172 858 1252 quod
901 1179 1074 1233 tanto
1109 1179 1394 1253 ternpore
1434 1190 1581 1233 eum
1625 1171 1790 1233 inter
1824 1171 1922 1252 ju-

419 1270 634 1331 niores
666 1288 739 1330 ac
767 1270 1064 1351 parvulos
1095 1270 1588 1351 deputaverant3
1621 1278 1812 1353 atque
1843 1270 1918 1331 ad

423 1366 758 1449 proprium
801 1367 1163 1430 eoenobium
1205 1368 1593 1429 reduxerunt
1635 1387 1785 1430 eum
1828 1368 1920 1430 in-

419 1466 629 1527 vitum
669 1484 742 1527 ac
772 1465 1058 1539 flentem,
1091 1483 1167 1527 eo
1197 1465 1368 1547 quod
1399 1484 1476 1527 ex
1518 1466 1760 1527 invidia
1797 1466 1922 1528 dia—

421 1564 553 1627 boli
596 1566 882 1646 privatus
912 1573 1078 1627 esset
1109 1566 1584 1627 conversatione
1617 1564 1740 1626 sibi
1776 1582 1922 1627 con-

419 1664 634 1744 digna,
650 1670 712 1725 et
743 1662 1101 1725 humilitate
1131 1663 1242 1724 diu
1273 1663 1531 1743 quaesita
1559 1681 1634 1723 ac
1665 1662 1919 1724 tandem

421 1762 702 1835 inventa,
735 1779 854 1823 nec
896 1762 1228 1823 meruisset
1258 1762 1454 1823 vitam
1495 1780 1675 1822 suam
1718 1760 1783 1822 in
1823 1779 1950 1821 ar·-

417 1867 602 1941 repta
649 1859 1045 1940 subjectione
1093 1860 1301 1921 finire.
1348 1859 1632 1940 Denique
1673 1859 1918 1920 Fratres
1953 1859 2002 1923 B

417 1976 571 2021 eum
621 1958 1109 2039 diligentissime
1159 1956 1622 2032 custodiebant,
1663 1976 1744 2019 ne
1786 1976 1921 2018 rur-

417 2076 528 2119 sus
572 2057 844 2120 latenter
883 2055 963 2117 ab
1006 2056 1162 2137 ipsis
1203 2055 1552 2135 aufugeret.

763 2312 1266 2377 CAPITULUM
1327 2312 1582 2378 XXXI.

419 2461 704 2530 Qualiter
743 2461 902 2517 idem
946 2460 1136 2516 abbas
1177 2462 1462 2517 reductus
1509 2461 1591 2516 ad
1627 2464 1918 2515 monaste-

469 2552 634 2607 rium
651 2566 838 2615 suum,
849 2552 1071 2606 iterum
1087 2552 1325 2623 fuqerit
1343 2552 1412 2606 in
1429 2550 1631 2622 Syrioe
1643 2554 1872 2620 partes.

559 2746 640 2809 BI
688 2747 844 2809 dum
900 2746 1152 2809 modico
1204 2754 1488 2828 tempore
1551 2746 1916 2819 habitasset,

580 2846 804 2908 eodem
855 2843 1235 2906 humilitatis
1286 2844 1601 2907 desiderio
1649 2863 1721 2906 ac
1771 2844 1920 2905 sub-

414 2944 714 3025 jectionis
774 2942 1020 3005 fervore
1079 2943 1314 3005 iterum
1373 2941 1533 3023 fugit
1583 2942 1651 3004 in
1709 2949 1915 3015 nocte,

2029 779 2086 840 le
2117 778 2501 840 arbitramur
2542 780 2607 841 in
2646 778 2956 861 opusculo
2996 778 3117 840 isto
3160 776 3518 839 describere

2027 876 2529 938 exhortationem
2570 878 2763 957 qulam
2804 875 2955 938 fecit
2984 875 3181 937 Fratri
3220 894 3409 957 quem
3453 875 3519 936 in

2028 982 2243 1035 nostra
2283 974 2616 1055 praesentia
2656 974 2720 1035 in
2762 990 2878 1035 suo
2912 973 3194 1054 suscepit
3222 972 3514 1035 claustro.

2027 1072 2185 1135 Nam
2227 1072 2386 1134 dixit
2416 1072 2492 1133 ad
2525 1090 2673 1133 eum
2708 1091 2722 1134 :
2758 1072 2893 1133 Scis
2929 1079 3084 1153 quot
3112 1070 3337 1133 diebus
3374 1079 3519 1133 ante

2030 1169 2198 1232 fores
2244 1169 2542 1250 jacueriS,
2586 1178 2925 1250 antequam
2980 1168 3166 1231 hodie
3215 1168 3302 1229 sis
3349 1187 3520 1231 rece-

2031 1276 2197 1350 ptus.
2234 1268 2429 1348 Cujus
2459 1267 2862 1330 difficultatis
2894 1285 3147 1330 causam
3179 1266 3372 1329 debes
3402 1266 3526 1347 pri-

2032 1384 2136 1429 mo
2187 1384 2582 1446 cognoscere.
2627 1366 2858 1428 Poterit
2908 1365 3147 1447 quippe
3199 1363 3314 1426 tibi
3364 1364 3525 1426 mul-

2033 1474 2168 1543 tum
2224 1464 2537 1546 'prodesse
2600 1464 2666 1526 in
2728 1464 2833 1525 via
2903 1463 3022 1525 ista
3083 1482 3273 1545 quam
3338 1463 3521 1544 cupis

2031 1563 2288 1636 intrare,
2332 1562 2384 1623 si
2435 1562 2685 1641 cognita
2731 1562 2871 1641 eJus
2922 1579 3129 1635 causa,
3180 1560 3521 1622 accesseris

2029 1662 2108 1724 ad
2162 1660 2395 1723 Christi
2453 1659 2832 1741 obsequium
2891 1660 3187 1722 decenter
3242 1666 3305 1721 et
3357 1658 3523 1720 sicut

2030 1766 2295 1842 oportet.

2332 2050 2763 2114 CAPITULU
2766 2048 2833 2111 M
2896 2048 3214 2111 XXXIII.

2032 2235 2203 2303 Quod
2240 2236 2397 2290 sicut
2430 2249 2711 2304 magnum
2746 2238 2833 2288 est
2872 2232 3195 2304 praemium
3238 2233 3520 2289 monacho

2101 2326 2285 2395 dique
2321 2324 2725 2387 conversanti,
2764 2324 2853 2377 sic
2888 2338 3108 2394 mayna
3144 2323 3330 2377 instet
3359 2322 3522 2378 dam-

2103 2415 2276 2469 natio
2317 2413 2651 2483 neyliqenti
2682 2428 2699 2465 :
2742 2411 2877 2467 ideo
2916 2428 3037 2468 non
3078 2411 3289 2467 debere
3326 2427 3523 2485 quem-

2101 2519 2283 2576 quam
2310 2504 2377 2557 in
2406 2501 2768 2557 monasterio
2801 2500 3079 2572 faciliter
3105 2501 3319 2573 recipi.

2037 2741 2713 2942 OUEMADMODUM
2754 2744 2925 2806 enim
2973 2744 3283 2806 immensa
3324 2745 3523 2825 gloria

2195 2844 2261 2905 in
2294 2843 2455 2906 coelo
2495 2842 2889 2925 promittitur
2926 2842 3203 2904 fideliter
3246 2843 3521 2904 servien-

2029 2942 2202 3003 tibus
2232 2942 2380 3015 Deo,
2413 2950 2475 3003 et
2503 2941 2683 3022 juxta
2713 2940 3075 3003 monasticae
3107 2940 3523 3003 institutionis

420 3059 547 3103 non
591 3040 656 3102 in
689 3040 967 3103 vicinam
1011 3040 1429 3122 provinciam,
1465 3040 1575 3101 sed
1617 3040 1682 3100 in
1723 3058 1923 3101 remo·
1957 3039 1999 3102 C
2030 3040 2314 3121 regulam
2358 3039 2827 3117 adhaerentibus
2868 3038 2967 3115 ei;
3010 3038 3102 3099 sic
3142 3056 3345 3119 poenae
3386 3058 3522 3119 gra-

419 3146 515 3202 tas
571 3147 762 3221 atque
812 3138 1058 3219 ignotas
1118 3139 1427 3219 regiones
1481 3138 1638 3200 Nam
1694 3156 1921 3199 navem

421 3238 748 3319 ingressus
793 3238 858 3297 in
898 3237 1294 3299 Palaestinam
1334 3236 1613 3310 devenit,
1657 3236 1920 3297 credens

419 3355 492 3398 se
530 3335 619 3397 ibi
668 3335 866 3397 tutius
910 3334 1452 3409 abscondendum,
1496 3333 1605 3395 ubi
1653 3352 1772 3396 nec
1815 3352 1922 3395 no-

419 3452 571 3495 men
617 3432 821 3514 ipsius
871 3431 996 3493 fuit
1045 3432 1356 3494 auditum.
1400 3432 1534 3505 Quo
1575 3451 1776 3513 quum
1821 3449 1922 3493 ve-

417 3532 640 3605 nisset,
677 3530 1134 3593 monasterium
1177 3538 1464 3593 nostrum
1507 3530 1797 3611 protinus
1828 3537 1922 3591 est

419 3630 767 3710 ingressuS,
806 3629 974 3710 quod
1018 3628 1200 3710 longe
1233 3646 1359 3691 non
1391 3636 1524 3691 erat
1552 3647 1589 3690 a
1619 3628 1923 3710 spelunca

419 3727 536 3789 ubi
575 3726 884 3790 Dominus
923 3734 1138 3788 noster
1167 3727 1348 3788 Jesus
1387 3726 1670 3789 Christus
1709 3725 1924 3805 digna-

417 3835 522 3887 tus
569 3832 668 3887 est
717 3824 893 3886 nasci
943 3842 1021 3886 ex
1069 3824 1345 3903 Virgine.
1400 3823 1622 3906 Ibique
1672 3822 1922 3885 modico

416 3930 708 4003 tempore
754 3921 980 3995 latenS,
1014 3920 1125 3982 diu
1169 3920 1474 3982 abscondi
1518 3938 1643 3981 non
1688 3920 1918 4001 potuit,

415 4028 724 4101 tanquam
756 4018 982 4081 civitas
1014 4037 1208 4100 supra
1237 4025 1520 4080 montem
1551 4018 1924 4099 posita‚pro-

417 4125 489 4180 ut
547 4117 838 4181 Christus
897 4116 1209 4198 prae-dixit.
1274 4115 1587 4178 Continuo
1644 4134 1920 4197 namque

2029 3138 2307 3200 vissimae
2355 3136 2693 3198 imminent
2732 3136 2824 3198 eis
2866 3136 2977 3218 qui
3018 3155 3157 3198 eam
3202 3136 3523 3217 negligen-

2030 3243 2123 3297 ter
2161 3254 2235 3297 ac
2270 3235 2482 3316 tepide
2523 3234 2762 3295 fuerint
2801 3234 3105 3309 exsecuti,
3139 3253 3257 3295 nec
3301 3235 3524 3314 dignos

2029 3333 2342 3396 virtutum
2384 3334 2629 3395 fructus
2669 3331 3075 3394 exhibuerint
3106 3332 3395 3408 Domine,
3430 3354 3523 3399 se-

2030 3433 2313 3494 cundum
2357 3431 2525 3512 quod
2573 3430 2845 3512 professi
2890 3437 3059 3506 sunt,
3092 3438 3156 3493 et
3198 3431 3278 3492 ab
3322 3431 3521 3494 homi-

2029 3529 2220 3591 nibus
2272 3528 2479 3590 facere
2530 3535 2923 3610 reputantur.
2976 3528 3198 3591 Melius
3248 3549 3523 3612 namque
3548 3546 3813 3597 Rectam.

2029 3628 2381 3689 secundum
2447 3626 2839 3708 scripturam
2902 3635 3018 3699 est,
3078 3646 3205 3690 non
3268 3646 3519 3703 vovere,

2019 3720 2223 3807 'quam
2268 3743 2498 3787 vovere
2540 3743 2658 3786 nec
2703 3725 2983 3788 reddere.
3019 3726 3384 3788 Maledictus
3428 3735 3521 3789 est
3552 3742 3813 3849 ker-aum,

2029 3842 2285 3907 quoque
2316 3823 2427 3905 qui
2458 3823 2612 3885 facit
2639 3841 2793 3905 opus
2826 3824 3077 3886 Domini
3108 3825 3517 3906 negligenter.

2027 3923 2174 3985 Ideo
2227 3922 2439 4003 itaque
2483 3940 2520 3983 a
2567 3920 2752 3983 nobis
2801 3921 3163 3984 diutissime
3212 3921 3524 3984 refutatus

2029 4039 2118 4094 eS,
2161 4038 2290 4083 non
2339 4020 2520 4101 quasi
2566 4027 2741 4082 tuam
2791 4020 3206 4101 omniumque
3255 4021 3525 4084 salutem

2031 4136 2156 4181 non
2209 4118 2645 4180 desideremus
2694 4126 2827 4181 toto
2875 4117 3136 4193 affectu,
3189 4127 3297 4180 aut
3344 4120 3527 4201 quasi

414 4216 681 4297 quidam
714 4216 957 4276 Fratres
999 4214 1076 4276 de
1111 4215 1378 4297 AEgypto
1415 4214 1492 4276 ad
1533 4214 1668 4275 loca
1706 4220 1922 4275 sancta
1950 4212 2001 4275 D
2030 4233 2155 4278 non
2220 4215 2598 4278 affectemus
2657 4216 2850 4278 etiarn
2915 4216 3138 4297 procul
3196 4234 3528 4280 occurrere

413 4312 722 4377 orationis
773 4331 964 4375 causa
1010 4311 1442 4384 advenienteS,
1491 4330 1767 4392 eumque
1817 4329 1916 4374 co-

412 4418 820 4493 gnoscenteS,
873 4429 1020 4472 cum
1080 4409 1561 4472 instantissimis
1622 4408 1918 4491 precibus

413 4510 812 4572 reduxerunt
853 4527 1003 4570 eum
1045 4509 1122 4571 ad
1167 4528 1355 4570 suum
1401 4507 1784 4571 coenobium.

744 4733 1248 4799 CAPITULUM
1314 4732 1600 4796 XXXII.

451 4860 538 4916 De
559 4858 890 4931 praeceptis
920 4873 1058 4930 quoe
1087 4857 1244 4911 idem
1271 4855 1459 4911 abbas
1487 4855 1654 4910 dedit
1681 4856 1896 4911 Fratri

597 4964 772 5021 quem
799 4948 868 5002 in
896 4951 1111 5003 nostra
1139 4945 1366 5016 recepit
1385 4946 1742 5017 praesentia.

571 5097 743 5161 UNG
794 5097 988 5178 igitur
1045 5114 1265 5158 senem
1317 5115 1518 5178 quum
1579 5103 1796 5178 postea
1853 5097 1918 5159 in

589 5197 856 5278 AEgypto
899 5193 1389 5275 diligentissime
1432 5194 1920 5277 inquisissemus

417 5300 682 5378 propter
738 5291 1236 5355 familiaritatem
1286 5311 1478 5375 quam
1537 5310 1755 5355 secum
1814 5294 1919 5355 ha-

2031 4310 2441 4393 cupientibus
2482 4312 2560 4373 ad
2592 4311 2912 4374 Christum
2946 4312 3265 4393 converti3
3298 4314 3407 4376 sed
3448 4333 3528 4376 ne

2030 4417 2269 4472 temere
2320 4418 2383 4472 et
2432 4410 2685 4472 incaute
2737 4410 3128 4492 recipiendo,
3176 4410 3531 4475 faceremus

2033 4526 2148 4571 nos
2193 4510 2365 4590 ipsos
2413 4527 2553 4571 reos
2598 4507 2871 4573 levitatis
2911 4509 3080 4592 apud
3121 4510 3344 4583 Deum,
3376 4518 3440 4572 et
3468 4518 3530 4573 te

2028 4608 2306 4689 graviori
2346 4608 2665 4691 supplicio
2708 4608 2995 4690 dignum,
3031 4616 3250 4691 utpote
3290 4610 3342 4671 si
3378 4608 3528 4671 faci·
3588 4618 3593 4623 ’

2032 4706 2177 4769 liter
2208 4726 2381 4767 nunc
2412 4714 2727 4787 receptuS‚
2761 4725 2879 4768 nec
2910 4724 3072 4768 onus
3112 4706 3525 4788 professionis

2030 4805 2225 4885 hujus
2279 4805 2661 4885 intelligen5‚
2704 4804 2823 4865 fias
2874 4811 3016 4884 post
3059 4804 3194 4867 haec
3237 4805 3524 4881 violator,

2031 4921 2144 4965 seu
2208 4902 2541 4984 fugitivuS,
2601 4908 2711 4963 aut
2768 4902 3041 4983 tepiduS.
3107 4902 3528 4975 Quamobrem

2031 5020 2287 5063 causam
2328 4999 2817 5063 renuntiationis
2848 4998 3040 5061 debes
3075 5000 3136 5061 in
3171 5000 3397 5081 primis
3428 5019 3528 5064 co-

2029 5118 2355 5180 gnoscere,
2400 5107 2712 5181 quatenus
2762 5097 3014 5177 cognita
3056 5116 3149 5171 ea,
3194 5097 3527 5161 instruaris

2031 5195 2379 5277 perfectius
2410 5214 2487 5258 ex
2519 5196 2659 5276 ejus
2694 5194 2935 5256 ratione
2967 5193 3119 5275 quid
3153 5203 3212 5256 te
3244 5203 3527 5276 oporteat

2031 5314 2235 5377 agere.
