4359 6267
851 456 973 521 500

928 646 1022 703 nis
1049 646 1274 704 abbatis
1303 645 1362 703 in
1392 645 1800 704 anachoretica
1838 645 2212 719 professione.
2252 648 2360 703 357

851 735 1184 808 Capitulum
1214 737 1280 791 V.
1313 738 1390 793 De
1422 735 1750 793 commodis
1788 736 1969 794 eremi
2012 779 2024 791 .
2198 781 2209 791 .
2252 736 2359 792 358

853 824 1183 897 Capitulum
1223 825 1314 880 VI.
1349 826 1427 882 De
1466 824 1714 881 utilitate
1756 824 2022 883 coenobii.
2102 870 2113 882 .
2196 869 2209 881 .
2250 825 2357 881 358

849 913 1180 986 Capitulum
1211 915 1329 970 VII.
1363 914 1747 987 Interrogatio
1786 916 1856 971 de
1897 914 2088 972 fructu
2125 932 2215 971 so-

919 1002 1187 1059 litudinis
1220 1006 1393 1075 atque
1433 1002 1679 1061 coenobii
1721 1046 2205 1061 ......
2248 1005 2355 1060 359

848 1091 1180 1162 Capitulum
1226 1093 1368 1148 VIII.
1401 1090 1719 1164 Responsio
1765 1093 1838 1148 ad
1888 1092 2210 1165 interroga-

917 1180 1138 1237 tionem
1167 1182 1506 1253 praedictam
1545 1224 2205 1239 ........
2248 1184 2354 1239 359

847 1269 1178 1341 Capitulum
1212 1271 1301 1326 IX.
1335 1271 1412 1326 De
1440 1286 1575 1326 vera
1603 1270 2110 1328 consummatione
2139 1288 2208 1327 ac

920 1358 1271 1432 perfectione
1347 1403 2201 1417 ..........
2246 1362 2353 1418 360

847 1447 1178 1521 Capitulum
1219 1450 1282 1505 X.
1317 1449 1395 1507 De
1433 1448 1523 1506 his
1563 1449 1661 1522 qui
1713 1449 2036 1522 imperfecti
2083 1467 2207 1508 ere-

921 1554 1086 1595 mum
1127 1540 1332 1610 petunt
1349 1580 2204 1597 ..........
2245 1541 2353 1597 360

848 1626 1178 1700 Capitulum
1235 1628 1325 1683 xl.
1385 1628 1765 1701 Interrogatio
1823 1631 1892 1687 de
1949 1630 2209 1687 remedio

918 1732 1124 1774 eorum
1153 1716 1252 1789 qui
1282 1717 1396 1773 cito
1437 1716 1829 1775 discesserunt
1866 1719 1936 1774 de
1968 1734 2208 1791 congre·

919 1806 1149 1879 gatione
1189 1804 1434 1864 coenobii
1444 1850 2202 1865 .........
2245 1810 2346 1866 361

845 1895 1176 1968 Capitulum
1225 1897 1341 1950 XII.
1386 1896 1724 1969 ResponsiO,
1775 1897 2025 1969 qualiter
2069 1897 2206 1953 soli—

917 1984 1102 2041 tarius
1140 1984 1320 2057 possit
1355 1984 1496 2041 vitia
1535 2002 1641 2041 sua
1683 2003 2014 2059 agnoscere.
2096 2032 2107 2043 .
2190 2032 2202 2043 .
2244 1989 2345 2046 361

844 2073 1176 2145 Capitulum
1208 2075 1350 2130 XIII.
1385 2075 1783 2147 lutei-rogatio,
1807 2075 2058 2149 qualiter
2081 2093 2208 2148 pos-

916 2164 992 2219 sit
1020 2162 1212 2221 curari
1243 2162 1342 2236 qui
1375 2162 1674 2236 ingressus
1711 2169 1798 2221 est
1825 2163 2204 2223 solitudinem

915 2270 1031 2310 non
1068 2256 1304 2311 curatus
1343 2296 2199 2313 ..........
2242 2258 2349 2314 362

845 2342 1178 2416 Capitulum
1236 2343 1376 2398 XIV.
1427 2343 1746 2416 Responsio
1790 2345 1860 2401 de
1914 2344 2209 2403 medicina

921 2432 1332 2504 praedictorum
1350 2475 2199 2493 ..........
2242 2438 2349 2493 362

845 2520 1176 2593 Capitulum
1216 2522 1327 2577 XV.
1361 2521 1630 2588 Quoestio,
1663 2538 1736 2578 an
1779 2522 2084 2580 fornicatio
2122 2524 2203 2581 ita

921 2611 1126 2668 debeat
1171 2610 1460 2683 explorari
1509 2613 2008 2683 quemadmodum
2059 2616 2207 2672 cete-

919 2716 1001 2756 rae
1043 2699 1340 2771 passiones
1346 2743 2197 2760 ..........
2241 2704 2347 2760 363

847 2788 1178 2861 Capitulum
1210 2791 1346 2845 XVI.
1377 2791 1694 2863 Responsio
1723 2792 1796 2847 ad
1831 2791 2110 2863 proedicta
2188 2836 2200 2849 .
2241 2794 2347 2849 363

851 2968 1148 3033 ΟοιιΑτιο
1192 2984 1475 3032 vicssmA
1517 2968 1809 3050 (Abbatis
1855 2970 2205 3052 Pinuphii).

927 3058 1016 3121 De
1046 3058 1180 3120 fine
1220 3058 1610 3139 poenitentiae
1650 3067 1712 3121 et
1754 3059 2209 3122 satisfactionis

929 3147 1166 3211 indicio
1243 3200 2191 3213 ...........
2242 3160 2351 3215 365

849 3318 1179 3391 Capitulum
1221 3319 1260 3372 Ι.
1294 3317 1372 3375 De
1413 3316 1744 3374 humilitate
1789 3316 2061 3390 Pinuphii
2105 3320 2201 3375 ab·

919 3406 1068 3462 batis
1075 3449 2199 3463 .............
2244 3408 2351 3463 365

849 3495 1178 3568 Capitulum
1212 3497 1279 3551 11.
1311 3496 1390 3552 De
1420 3496 1671 3551 adventu
1703 3496 1898 3551 nostro
1929 3495 2002 3550 ad
2033 3492 2209 3551 Pinu-

921 3585 1129 3658 phium
1159 3585 1428 3641 abbatem
1435 3624 2198 3641 .........
2241 3585 2348 3639 366

848 3673 1177 3747 Capitulum
1220 3674 1311 3728 111.
1344 3670 1725 3744 Interrogatio
1768 3672 1838 3728 de
1877 3670 1989 3728 tine
2029 3671 2208 3742 poeni-

917 3764 1118 3821 tentia}
1145 3766 1201 3821 et
1238 3761 1646 3819 satisfactionis
1687 3760 1922 3817 indicio.
2003 3805 2015 3817 .
2095 3806 2106 3817 .
2188 3806 2199 3818 .
2242 3763 2350 3818 366

849 3853 1178 3927 Capitulum
1237 3853 1325 3907 IV.
1375 3850 1691 3922 Responsio
1747 3851 1818 3907 de
1871 3849 2203 3907 humilitate

919 3940 1392 4015 interrogationis
1430 3944 1643 3996 nostra}
1719 3984 2197 3996 ......
2242 3941 2348 3996 366

847 4032 1177 4105 Capitulum
1209 4032 1270 4087 V.
1303 4031 1381 4088 De
1421 4030 1596 4085 modo
1627 4028 1997 4101 poenitentiae,
2031 4032 2086 4086 ct
2115 4028 2203 4084 in·-

919 4121 1238 4195 dulgentiae
1266 4122 1618 4177 documento
1625 4163 2198 4175 .......
2242 4119 2347 4175 367

846 4212 1178 4285 Capitulum
1235 4211 1326 4266 VI.
1381 4208 1780 4281 Interrogatio,
1839 4225 1914 4265 an
1971 4212 2207 4281 peccata

919 4302 1039 4358 sint
1078 4298 1512 4358 reminiscenda
1549 4314 1653 4370 pro
1693 4296 1883 4354 cordis
1925 4314 2207 4369 compun-

918 4390 1107 4447 ctione
1162 4431 2198 4446 ............
2242 4388 2348 4443 367

847 4480 1178 4553 Capitulum
1223 4480 1340 4534 Vll.
1385 4476 1720 4549 Responsio,
1754 4494 2056 4550 quousque
2105 4477 2205 4532 ha-

919 4571 1110 4627 benda
1145 4568 1220 4625 sit
1257 4564 1580 4623 recordatio
1617 4565 2070 4637 praecedentium
2112 4566 2207 4621 de-

918 4658 1190 4714 lictorum
1253 4696 2198 4710 ...........
2242 4654 2349 4709 367

849 4746 1181 4820 Capitulum
1229 4746 1372 4800 VIII.
1423 4744 1501 4799 De
1553 4741 1794 4799 diversis
1848 4742 2207 4816 poenitentioe

919 4836 1206 4895 fructibus
1248 4875 2195 4891 ...........
2241 4833 2349 4888 368

848 4926 1178 5001 Capitulum
1227 4925 1316 4979 IX.
1367 4924 1531 4988 Quod
1579 4924 1948 4993 peccatorum
1993 4922 2206 4978 oblivio

917 5017 1080 5075 utilis
1113 5016 1190 5071 sit
1226 5012 1495 5086 perfectis
1535 5054 2197 5069 ........
2244 5011 2351 5068 370

850 5107 1179 5182 Capitulum
1211 5106 1274 5161 X.
1300 5103 1464 5169 Quod
1495 5101 1848 5175 flagitiorum
1881 5102 2207 5159 recordatio

922 5196 997 5253 sit
1019 5194 1270 5252 vitanda.
1351 5233 2202 5248 ..........
2246 5190 2353 5247 370

851 5285 1182 5361 Capitulum
1215 5284 1303 5339 XI.
1331 5282 1409 5339 De
1439 5278 1850 5337 satisfactionis
1885 5278 2119 5347 indici0,
2152 5284 2209 5337 et

2129 476 2316 525 mnnx
2358 476 2692 525 ominus

2541 647 2791 721 qualiter
2830 650 2903 705 ad
2946 647 3295 705 oblivionem
3336 646 3651 707 criminum
3694 667 3823 723 per-

2537 737 2805 795 veniatur
2870 781 3814 798 ...........
3857 742 3959 799 371

2466 826 2797 899 Capitulum
2826 828 2941 884 XII.
2976 830 3039 883 In
3080 845 3195 900 quo
3234 828 3575 901 poenitentia
3600 834 3821 903 tempo-

2534 915 2737 973 raliter
2772 916 2849 971 sit
2885 918 3130 989 agenda,
3161 920 3220 974 et
3256 918 3316 973 in
3356 934 3471 989 quo
3513 918 3687 976 tinem
3719 919 3819 976 ba-

2536 1006 2668 1063 bere
2698 1022 2815 1063 non
2855 1006 3035 1077 possit
3056 1050 3814 1065 .........
3854 1011 3956 1067 371

2461 1186 2760 1249 Commio
2796 1202 3081 1250 vicssnu
3119 1203 3312 1249 rnmA
3338 1187 3631 1268 (Abbatis
3669 1189 3824 1252 The-

2542 1293 2680 1339 onae
2702 1276 2956 1357 prima).
2983 1277 3071 1339 De
3102 1275 3477 1339 remissione
3507 1278 3824 1360 Quinqua-

2541 1364 2821 1445 gesimae‚
2854 1372 2917 1427 et
2944 1364 3178 1446 jejunii
3205 1366 3497 1431 utilitate.
3613 1420 3625 1431 .
3706 1420 3717 1433 .
3797 1377 3961 1433 .372

2458 1533 2787 1606 Capitulum
2831 1534 2875 1589 1.
2907 1533 3167 1600 Qualiter
3191 1532 3453 1591 Theonas
3488 1535 3711 1593 venerit
3740 1538 3815 1592 ad

2532 1624 2799 1679 abbatem
2830 1625 3113 1681 Joannem
3147 1667 3814 1681 ........
3855 1627 3961 1683 372

2459 1712 2792 1785 Capitulum
2834 1714 2899 1769 II.
2930 1712 3268 1771 Exhortatio
3306 1712 3532 1769 abbatis
3576 1713 3818 1771 Joannis

2532 1804 2604 1858 ad
2641 1802 2933 1859 Theonam
2978 1818 3047 1858 ac
3094 1802 3239 1859 alios
3285 1802 3385 1876 qui
3435 1819 3571 1859 cum
3618 1819 3685 1860 eo
3720 1820 3815 1861 ve-

2530 1894 2739 1948 nerant
2768 1933 3811 1950 ............
3854 1895 3960 1952 372

2458 1979 2789 2053 Capitulum
2840 1979 2935 2036 III.
2986 1981 3065 2038 De
3111 1980 3402 2038 oblatione
3449 1980 3815 2039 decimarum

2527 2072 2585 2126 et
2614 2068 3012 2140 primitiarum
3055 2112 3811 2129 .........
3854 2073 3961 2129 372

2458 2158 2788 2231 Capitulum
2823 2160 2913 2215 IV.
2957 2161 3120 2226 Quod
3153 2160 3468 2226 Abraham,
3502 2160 3703 2227 David,
3747 2178 3818 2219 ac

2529 2246 2703 2305 ceteri
2735 2247 2930 2305 Sancti
2954 2248 3311 2321 supergressi
3338 2248 3459 2305 sint
3482 2248 3627 2322 legis
3656 2266 3819 2307 man-

2528 2339 2681 2394 data.
2770 2383 3811 2396 ............
3854 2341 3959 2397 373

2457 2426 2787 2498 Capitulum
2819 2428 2883 2482 V.
2912 2429 3077 2495 Quod
3115 2426 3458 2485 exsistentes
3494 2429 3603 2485 sub
3632 2428 3815 2484 Evan-

2530 2516 2664 2589 gelii
2704 2516 2891 2588 gratia
2928 2517 3179 2575 debeant
3218 2518 3629 2574 transcendere
3672 2515 3819 2590 legis

2528 2606 2809 2662 mandata
2859 2647 3807 2664 ...........
3851 2607 3957 2663 373

2454 2692 2785 2765 Capitulum
2829 2694 2915 2751 vl.
2958 2696 3124 2761 Quod
3163 2694 3315 2752 sicut
3350 2694 3644 2767 Evangelii
3685 2711 3816 2768 gra-

2524 2783 2607 2839 tia
2652 2784 2923 2841 tribuerit
2969 2783 3237 2857 perfectis
3286 2802 3467 2858 regna
3512 2785 3816 2853 coelorum,

2528 2871 2611 2928 sic
2640 2872 2887 2945 gratiose
2917 2877 3201 2932 sustentet
3227 2872 3625 2931 infirmos..

2456 2960 2785 3033 Capitulum
2827 2964 2943 3019 VII.
2984 2964 3149 3029 Quod
3189 2962 3248 3018 in
3288 2965 3489 3019 nostra
3536 2965 3816 3036 potestate

2527 3047 2618 3113 sit,
2650 3066 2725 3105 an
2756 3049 3003 3107 velimus
3040 3067 3162 3107 esse
3203 3051 3310 3108 sub
3348 3051 3537 3123 gratia
3566 3051 3818 3123 Evange-

2528 3136 2610 3204 lii,
2642 3155 2717 3194 an
2756 3139 2863 3195 sub
2904 3139 3049 3212 legis
3088 3142 3306 3197 terrore
3332 3182 3812 3197 ......
3855 3140 3961 3197 374

2457 3227 2787 3299 Capitulum
2819 3229 2962 3283 VIII.
2996 3230 3300 3294 Quomodo
3327 3228 3588 3287 Theonas
3617 3230 3819 3303 conju·

2530 3332 2661 3388 gem
2707 3334 2874 3374 suam
2924 3317 3187 3374 hortatus
3228 3317 3304 3374 sit
3349 3320 3416 3375 ut
3456 3318 3819 3376 renuntiaret

2529 3407 2753 3461 mundo
2770 3449 3811 3465 ............
3855 3409 3959 3465 375

2458 3493 2789 3567 Capitulum
2822 3496 2908 3551 IX.
2935 3498 3239 3562 Quomodo
3270 3514 3385 3553 non
3414 3497 3819 3569 acquiescente

2532 3599 2730 3648 uxore,
2762 3586 2837 3640 ad
2878 3584 3302 3641 monasterium
3334 3584 3722 3642 convolaverit
3801 3629 3813 3641 .
3854 3586 3961 3641 375

2457 3671 2788 3744 Capitulum
2820 3674 2883 3728 X.
2917 3671 3261 3737 Satisfactio,
3294 3675 3451 3747 quod
3480 3690 3599 3729 non
3634 3672 3821 3731 inten-

2529 3761 2630 3815 dat
2653 3762 2898 3819 suadere
2930 3766 3031 3818 aut
3051 3763 3373 3834 approbare
3402 3762 3816 3821 discessionem

2527 3866 2561 3905 a
2590 3850 2836 3922 conjuge
2863 3892 3812 3909 ...........
3854 3854 3960 3909 376

2456 3936 2785 4008 Capitulum
2818 3938 2907 3992 XI.
2941 3938 3210 4004 Quaestio,
3243 3955 3349 3996 cur
3374 3955 3494 3995 non
3516 3940 3821 4012 jejunetur

2527 4042 2634 4081 nec
2665 4042 2855 4098 genua
2885 4026 2944 4082 in
2976 4026 3235 4085 oratione
3274 4028 3581 4086 flectantur
3609 4028 3819 4085 diebus

2530 4114 3043 4188 Quinquagesimae
3068 4116 3129 4172 in
3160 4117 3401 4190 AEgypto
3424 4160 3812 4174 .....
3855 4117 3961 4174 377

2455 4207 2788 4279 Capitulum
2810 4210 2925 4265 XII.
2951 4210 3029 4267 De
3060 4213 3273 4268 natura
3294 4226 3499 4269 eorum
3522 4227 3653 4284 quae
3680 4216 3821 4269 sunt

2528 4297 2681 4353 bona
2716 4301 2819 4354 aut
2866 4298 3041 4365 mala,
3088 4299 3173 4357 vel
3222 4300 3419 4356 media
3423 4344 3812 4357 .....
3856 4303 3963 4358 377

2456 4384 2786 4457 Capitulum
2838 4388 2981 4443 XIII.
3041 4388 3219 4454 Quale
3279 4389 3499 4445 bonum
3558 4389 3635 4446 sit
3668 4389 3822 4463 jeju—

2529 4474 2689 4531 nium
2768 4520 3812 4535 ............
3855 4479 3963 4534 377

2457 4564 2789 4636 Capitulum
2838 4567 2974 4622 XIV.
3026 4568 3192 4633 Quod
3228 4554 3526 4641 jejunium
3576 4584 3692 4625 non
3742 4568 3819 4625 sit

2528 4654 2847 4728 principale
2892 4657 3111 4714 bonum
3146 4701 3815 4715 ........
3856 4659 3963 4715 378

2457 4742 2787 4815 Capitulum
2842 4747 2953 4802 XV.
3004 4747 3169 4812 Quod
3226 4747 3545 4820 principale
3594 4748 3816 4804 bonum

2528 4849 2645 4889 non
2684 4834 2892 4891 debeat
2928 4833 3111 4892 teneri
3150 4839 3251 4893 aut
3289 4836 3413 4893 fieri
3454 4838 3689 4909 propter
3722 4836 3820 4892 bo-

2528 4940 2671 4979 num
2705 4922 2965 4990 inferius,
2997 4924 3097 4981 sed
3132 4928 3369 4981 econtra
3428 4968 3811 4982 .....
3854 4927 3961 4983 379

2456 5011 2787 5085 Capitulum
2827 5014 2963 5069 ΧΠ
2994 5015 3297 5079 Quomodo
3336 5014 3559 5071 bonurn
3600 5014 3818 5087 princi·

2508 5102 2657 5179 ‘pale
2684 5102 3053 5159 discernatur
3080 5118 3116 5159 a
3145 5102 3348 5159 ceteris
3384 5103 3555 5160 bonis
3614 5148 3625 5158 .
3707 5147 3719 5160 .

2456 5172 2785 5263 Capitulum
2834 5192 2997 5247 XVII.
3049 5193 3128 5248 De
3179 5191 3403 5249 ratione
3457 5196 3515 5249 et
3570 5150 3819 5251 utilitate

2520 5279 2735 5352 jejunii
2781 5323 3812 5338 ............
3856 5284 3959 5341 380

3801 2874 3961 2931 ,374

3800 5106 3961 5161 .3·19
