4359 6267
871 484 952 549 60
1781 500 1860 546 nr:
1903 498 2233 546 msrlru‘rls
2278 499 2363 544 ss‚
2396 498 2657 543 Parnon.
2704 515 2785 525 —
2824 498 2999 543 mnan
3040 498 3079 543 v

872 672 1202 753 gilitatem.
1242 672 1576 753 Quumque
1619 670 1697 732 ad
1740 670 1903 732 hanc
1946 668 2367 730 necessariam
2398 665 2451 727 A
2481 665 2826 746 praemissis
2858 664 3163 739 victoriiS,
3198 664 3410 727 idonei
3448 664 3689 725 erimus
3731 671 3979 725 certare

875 790 1094 833 curam
1128 770 1596 843 descendimuS,
1632 768 2010 830 famulantes
2047 765 2187 827 usui
2223 766 2368 827 vitae

877 870 1077 951 magis
1121 888 1312 951 quam
1357 867 1670 930 desiderio
1715 866 1943 939 cordiS,
1992 864 2368 927 festinemus

875 968 1254 1049 quantocius
1297 966 1614 1029 retrahere
1653 983 1768 1027 nos
1810 964 1890 1026 ab
1935 982 2029 1035 ea,
2065 970 2367 1044 tanquam

875 1064 956 1127 ab
998 1065 1384 1148 impediente
1424 1082 1538 1127 nos
1570 1084 1607 1126 a
1635 1062 2075 1146 spiritualibus
2114 1060 2362 1122 studiis.

875 1164 1287 1245 Nequaquam
1326 1164 1500 1225 enim
1540 1162 1891 1246 poterimus
1931 1178 2231 1242 spernere
2260 1176 2367 1222 vo-

876 1262 1150 1344 luptates
1193 1280 1482 1324 escarum
1535 1260 1968 1343 praesentium,
2012 1258 2135 1321 nisi
2188 1276 2368 1320 mens

877 1360 1398 1441 contemplationi
1435 1359 1667 1422 divinae
1703 1357 1922 1430 infixa,
1957 1357 2170 1438 potius
2204 1356 2371 1418 dele-

876 1466 1083 1522 ctetur
1110 1475 1324 1521 amore
1355 1458 1687 1530 virtutum,
1722 1475 1913 1536 quam
1948 1454 2369 1537 pulchritudi-

875 1577 956 1620 ne
1000 1576 1232 1619 rerum.
1282 1556 1359 1617 Et
1404 1556 1490 1617 ita
1533 1556 1676 1637 quis
1719 1554 2028 1636 despiciet
2071 1553 2369 1615 universa

876 1655 1213 1737 praesentia
1248 1660 1550 1734 tanquam
1595 1653 1852 1724 caduca,
1887 1670 2086 1732 quum
2132 1650 2369 1712 defixe-

876 1754 958 1815 rit
989 1752 1219 1815 mentis
1251 1752 1554 1813 intuitum
1586 1751 1661 1813 ad
1694 1749 2051 1812 immobilia
2089 1757 2148 1810 et
2189 1756 2365 1812 aeter-

2480 771 2697 826 contra
2745 762 3109 844 spirituales
3161 762 3498 844 nequitiaS,
3551 767 3771 823 contra
3816 780 3982 843 quas

2479 880 2604 924 non
2646 861 3016 924 conceditur
3059 859 3327 922 facultas
3372 858 3675 933 certandi,
3724 858 3846 920 nisi
3890 858 3987 919 vi-

2480 960 2762 1023 ctoribus
2807 968 3076 1034 tantum,
3122 966 3185 1020 et
3233 958 3335 1020 his
3385 958 3495 1039 qui
3542 964 3868 1019 merentur
3912 956 3985 1017 in

2479 1058 2796 1139 spirituali
2826 1076 3025 1139 agone
3057 1056 3459 1119 contendere.
3485 1054 3647 1117 Illud
3676 1055 3851 1117 enim
3882 1061 3989 1115 est

2476 1156 2651 1218 velut
2680 1156 3139 1218 solidissimum
3172 1154 3655 1217 fundamentum
3688 1153 3985 1215 omnium

2478 1253 2909 1335 spiritualium
2961 1253 3349 1334 praeliorum,
3402 1260 3474 1313 ut
3524 1252 3732 1333 primo
3790 1270 3986 1332 supe-

2480 1360 2699 1414 rentur
2736 1352 3197 1413 desideriorum
3240 1350 3559 1413 incentiva
3598 1349 3977 1411 carnalium.

2477 1450 2702 1512 Nullus
2744 1450 2918 1512 enim
2965 1457 3161 1512 certat
3205 1449 3508 1530 legitime,
3555 1466 3684 1510 non
3726 1448 3985 1510 domata

2477 1567 2550 1609 ac
2592 1548 2759 1610 victa
2806 1548 3064 1629 propria
3112 1564 3342 1626 carne3
3386 1565 3503 1608 nec
3547 1546 3693 1607 talis
3745 1546 3984 1628 poterit

2480 1646 2543 1708 in
2589 1664 2788 1728 agone
2832 1645 3201 1727 confligere,
3247 1664 3457 1727 neque
3501 1662 3800 1707 coronam
3842 1643 3981 1725 glo-

2478 1744 2587 1806 riae
2619 1763 2824 1826 neque
2856 1744 3136 1807 victoriae
3165 1745 3431 1824 gratiam
3462 1741 3770 1805 obtinere.
3798 1742 3981 1815 Quod

875 1869 977 1925 na,
1015 1850 1146 1931 jam
1193 1850 1380 1912 corde
1424 1848 1858 1929 contemplans
1904 1846 2362 1909 beatitudinem
2402 1848 2449 1910 B
2480 1842 2532 1902 si
2580 1843 2643 1903 in
2690 1842 3036 1904 certamine
3079 1849 3299 1904 contra
3342 1841 3665 1923 propriam
3718 1858 3979 1902 carnem

875 1947 1222 2011 mansionis
1262 1947 1494 2010 futurae
1532 1946 1775 2029 positus
1815 1945 2022 2008 adhuc
2056 1944 2122 2006 in
2152 1962 2359 2006 carne.

1266 2171 1770 2236 CAPITULUM
1831 2172 1981 2235 XV.

875 2295 1173 2363 Quomodo
1219 2293 1540 2349 monachus
1584 2308 1811 2363 semper
1849 2292 2061 2348 debeat
2103 2308 2227 2348 esse
2268 2292 2367 2346 in-

946 2388 1142 2439 tentus
1171 2384 1254 2438 ad
1277 2382 1726 2439 custodiendam
1748 2381 2089 2453 puritatem
2108 2381 2365 2453 proprii

943 2473 1163 2529 cordis,

995 2624 1076 2688 IC
1142 2624 1336 2705 igitur
1393 2622 1914 2706 contemplationi
1984 2630 2365 2685 aeternorum

1012 2731 1262 2805 oportet
1304 2722 1596 2784 insistere
1642 2720 2048 2795 monachum,
2091 2719 2268 2782 velut
2311 2719 2365 2780 si

872 2820 1018 2902 quis
1067 2820 1322 2883 festinet
1371 2820 1736 2900 contingere
1794 2817 2365 2900 perspicacissimis

871 2919 1203 2981 oculorum
1246 2917 1651 3000 adspectibus
1695 2936 1842 2978 cum
1887 2916 2235 2978 directione
2275 2923 2364 2977 te-

2479 1940 2791 2002 fuerimus
2850 1941 3151 2022 superati,
3214 1939 3505 2021 protinus
3564 1938 3977 2019 repellemur,

2477 2055 2603 2101 non
2664 2039 2802 2101 sine
2862 2046 3009 2101 nota
3058 2038 3475 2112 confusionis,
3525 2055 3563 2098 a
3622 2036 3979 2118 spirituali-

2478 2155 2587 2199 um
2620 2136 2928 2199 conflictu
2961 2154 3341 2218 pugnarum,
3366 2144 3672 2217 tanquam
3703 2135 3979 2196 carnalis

2478 2234 3012 2315 concupiscentiae
3046 2235 3236 2308 servi,
3270 2242 3334 2295 et
3368 2233 3450 2295 ob
3489 2234 3610 2296 hoc
3652 2251 3779 2295 non
3820 2252 3979 2314 praen

2476 2332 2752 2395 ferentes
2805 2332 3077 2415 insignia
3134 2331 3486 2413 spiritualis
3536 2331 3847 2393 libertatis
3898 2350 3974 2392 ac

2475 2430 2740 2493 roboriS.
2786 2429 3004 2493 Omnis
3044 2430 3217 2492 enim
3262 2430 3372 2511 qui
3418 2428 3570 2491 facit
3611 2438 3970 2511 peccatum,
4000 2440 4265 2490 :own-vm,

2476 2548 2697 2591 servus
2747 2537 2843 2590 est
2892 2528 3155 2610 peccati.
3212 2528 3595 2608 Diceturque
3649 2527 3835 2589 nobis
3890 2527 3975 2589 ab
4004 2507 4079 2547 ³⁴·

2475 2627 2776 2708 Apostolo
2816 2645 2962 2689 cum
3006 2627 3106 2689 his
3142 2627 3206 2687 in
3242 2625 3477 2708 quibus
3512 2624 3847 2688 fornicatio
3887 2625 3981 2687 in·

2475 2725 2731 2787 venitur
2783 2745 2796 2788 :
2850 2726 3135 2787 Tentatio
3194 2743 3307 2787 vos
3366 2742 3492 2786 non
3551 2723 3979 2806 apprehendit
4008 2734 4265 2780 icor-m&

2477 2823 2599 2883 nisi
2632 2823 2928 2885 humana.
2964 2823 3101 2885 Non
3132 2822 3305 2884 enim
3345 2840 3668 2883 meremur
3695 2822 3975 2903 experiri

2475 2921 2793 3002 graviores
2844 2920 3272 3002 nequitiarum
3325 2919 3682 2982 coelestium
3728 2935 3977 3001 pugnas

873 3017 917 3079 li
958 3017 1387 3091 tendentibus,
1422 3016 1726 3078 immania
1753 3014 2062 3077 virtutum
2105 3014 2368 3095 praemia
2402 3020 2445 3083 C
2475 3019 2786 3100 acquisito
2818 3018 3041 3082 robore
3074 3018 3328 3092 mentis,
3354 3017 3463 3098 qui
3496 3016 3838 3097 subjugare
3868 3035 3978 3078 ne-

873 3116 1085 3198 parvis
1116 3114 1496 3195 quibusdam
1525 3113 1779 3175 indiciis
1811 3112 1873 3173 in
1908 3111 2168 3173 sublimi
2198 3130 2368 3174 mon-

873 3220 1066 3275 strata
1103 3230 1211 3273 seu
1247 3211 1591 3292 designata,
1625 3211 1832 3272 sciens
1864 3210 1930 3272 in
1960 3228 2180 3272 eorum
2220 3228 2366 3272 con-

873 3310 1282 3391 templatione
1312 3316 1376 3371 et
1404 3316 1697 3371 contactu
1730 3307 2072 3370 consistere
2105 3308 2368 3370 immen-

873 3428 1009 3471 sam
1075 3408 1290 3489 gloriae
1357 3407 1635 3488 palmam
1704 3406 2364 3487 remunerationisque

874 3507 1152 3589 praemia.
1187 3505 1429 3568 Idcirco
1463 3504 1670 3567 aciem
1708 3503 2039 3567 oculorum
2074 3511 2366 3566 avertens

871 3604 952 3667 ab
995 3604 1159 3677 aliis,
1207 3622 1465 3665 necesse
1507 3611 1604 3665 est
1646 3610 1716 3664 ut
1757 3620 1898 3664 eam
1941 3602 2171 3683 dirigat
2212 3601 2365 3663 illuc

873 3703 984 3765 ubi
1025 3702 1489 3785 plenitudinem
1526 3700 2055 3763 remunerationis
2095 3718 2168 3761 ac
2209 3719 2366 3782 prae-

873 3801 987 3863 mii
1035 3799 1348 3881 conspicit
1402 3818 1539 3861 esse
1599 3798 1962 3879 repositam,
2012 3797 2365 3859 amissurus

870 3900 1063 3962 etiam
1095 3898 1372 3981 palmam
1404 3896 1646 3979 peritiae
1684 3904 1748 3959 et
1787 3896 2362 3959 remunerationem

871 3998 1149 4071 virtutiS,
1183 3996 1235 4058 si
1277 4003 1867 4077 quantumcumque
1908 3994 2154 4057 modice
2197 3994 2363 4056 acies

871 4116 1001 4161 suae
1044 4095 1459 4178 inspectionis
1502 4094 1788 4157 deviarit..

1243 4320 1746 4385 CAPITULUM
1807 4320 1997 4389 XVI,

870 4454 1042 4523 Quod
1064 4452 1386 4509 monachus
1415 4467 1536 4506 non
1559 4450 1756 4521 possit
1778 4450 2070 4521 perficere
2107 4450 2364 4520 spiritu-

941 4542 1067 4598 ales
1095 4556 1340 4613 pugnas
1373 4539 1572 4609 juncta
1609 4555 1828 4595 morem
1864 4539 2204 4611 Olympiaci
2240 4555 2363 4593 eer-

943 4632 1216 4694 taminis,
1245 4630 1373 4685 nisi
1402 4628 1784 4701 superaverit
1815 4627 1974 4683 bella
1999 4628 2307 4683 carnalia.

947 4783 1198 4856 TAQUE
1243 4779 1761 4863 concupiscentia
1803 4780 2041 4841 ventris
2090 4788 2152 4841 et
2199 4780 2363 4860 gulae

965 4880 1200 4943 intuitu
1247 4879 1680 4962 spiritualium
1727 4878 2130 4959 profectuum
2177 4898 2363 4960 supe-

871 4988 1028 5055 rata,
1053 4998 1253 5061 quum
1285 4995 1412 5040 non
1445 4976 1756 5039 fuerimus
1788 4976 1955 5038 servi
1989 4976 2219 5051 carniS,
2245 4996 2363 5038 nec

868 5079 1170 5143 vitiorum
1215 5076 1481 5140 infamia
1526 5076 1862 5157 inquinati,
1906 5076 2146 5138 erimus
2188 5076 2363 5156 digni

868 5179 1176 5242 conflictu
1235 5176 1639 5258 superiorum
1700 5175 2145 5249 certaminum,
2198 5174 2365 5236 sicut

867 5278 946 5342 fit
1005 5278 1067 5339 in
1128 5273 1512 5359 Olympiacis
1571 5272 1965 5355 disciplinis;
2008 5281 2070 5334 et
2130 5272 2364 5335 talibus

2477 3117 2801 3199 quivimus
2832 3117 3126 3197 fragilem
3160 3134 3415 3177 carnem
3444 3122 3723 3177 nostram
3757 3121 3978 3177 nostro

2476 3216 2731 3296 spiritui
2777 3216 3198 3277 resistentem.
3247 3213 3422 3286 Quod
3468 3212 3752 3294 Apostoli
3798 3213 3977 3273 testi-

2478 3313 2763 3375 monium
2814 3312 3073 3393 quidam
3124 3330 3250 3374 non
3301 3310 3750 3391 intelligenteS,
3783 3327 3976 3391 posu-

2476 3417 2662 3471 erunt
2714 3428 2828 3491 pro
2878 3409 3222 3472 indicativo
3277 3408 3631 3490 optativum
3682 3407 3972 3479 modum,

2481 3508 2542 3570 id
2572 3516 2667 3569 est
2702 3526 2715 3569 :
2750 3508 3036 3570 Tentatio
3069 3526 3179 3570 vos
3212 3524 3337 3570 non
3378 3506 3813 3588 apprehendat
3845 3506 3973 3567 nisi

2476 3609 2772 3669 humana.
2808 3607 2982 3680 Quod
3016 3606 3428 3668 manifestum
3460 3612 3557 3667 est
3595 3604 3676 3665 ab
3705 3603 3975 3685 Aposto-

2477 3706 2538 3767 lo
2580 3705 2706 3766 dici
2750 3723 2875 3767 non
2917 3704 3156 3767 affectu
3200 3702 3499 3786 optantis,
3534 3703 3644 3764 scd
3687 3720 3973 3783 pronun-

2476 3803 2689 3865 tiantis
2732 3810 2841 3865 aut
2882 3802 3344 3884 exprobrantis.

2830 4030 3333 4094 CAPITULUM
3390 4030 3609 4093 XVII.

2394 4197 2444 4258 D
2474 4151 2645 4219 Quod
2665 4151 2829 4205 basis
2857 4166 2959 4206 seu
2978 4151 3440 4222 fundamentum
3459 4150 3814 4222 spiritualis
3834 4166 3979 4221 ayo-

2600 4242 2699 4295 nis
2726 4241 3018 4296 consistat
3047 4241 3115 4295 in
3136 4256 3351 4311 puyna
3378 4246 3593 4296 contra
3616 4240 3842 4311 qulam.

2610 4390 2683 4453 IS
2730 4391 2950 4452 audire
2990 4409 3212 4452 verum
3258 4389 3489 4452 Christi
3531 4389 3833 4451 athletam
3878 4390 3977 4451 in-

2628 4496 2886 4551 euntem
2918 4488 3199 4568 legitime
3230 4506 3509 4569 pugnam
3538 4488 3792 4567 agonis?
3820 4488 3970 4567 Ego,
4008 4510 4283 4561 manas,

2476 4587 2705 4669 inquit,
2741 4587 2831 4648 sic
2874 4604 3080 4658 curr0,
3115 4603 3239 4647 non
3283 4586 3465 4667 quasi
3509 4586 3572 4646 in
3614 4586 3975 4667 incertum;
4010 4575 4091 4616 ²⁷·

2473 4687 2567 4748 sic
2597 4703 2833 4768 pugno,
2853 4703 2978 4747 non
3010 4684 3191 4765 quasi
3222 4702 3435 4745 aerem
3464 4681 3836 4762 verberans;
3860 4686 3980 4746 sed

2474 4785 2712 4864 castigo
2747 4801 2977 4865 corpus
3016 4801 3231 4843 meum
3270 4789 3333 4842 et
3366 4782 3432 4842 in
3472 4780 3841 4844 servitutem
3882 4800 3987 4843 re-

2474 4881 2641 4963 digo,
2701 4900 2780 4944 ne
2833 4881 2974 4942 aliis
3034 4879 3408 4961 praedicanS,
3466 4880 3603 4961 ipse
3662 4879 3985 4961 reprobus

2474 4980 2742 5043 efficiar.
2782 4979 2969 5041 Vides
3020 4978 3188 5060 quod
3242 4978 3307 5039 in
3358 4978 3721 5059 semetipSO,
3765 4977 3829 5039 id
3876 4988 3988 5041 est

2476 5079 2542 5141 in
2573 5096 2762 5141 carne
2805 5097 2939 5151 sua,
2974 5085 3274 5158 tanquam
3313 5077 3379 5138 in
3416 5076 3565 5139 base
3602 5075 3989 5139 firmissima

2475 5176 2766 5238 statuerit
2804 5194 3121 5237 summam
3164 5175 3708 5247 colluctationum,
3741 5181 3803 5235 et
3838 5192 3991 5255 pro-

2479 5273 2719 5335 fectum
2766 5292 2994 5355 pugnae
3038 5272 3321 5354 posuerit
3367 5272 3431 5333 in
3480 5272 3615 5334 sola
3661 5271 3987 5351 castigati—
