4359 6267
853 485 935 549 38
1754 499 1833 545 ΒΕ
1875 498 2203 545 ms'rrrU'rls
2250 499 2335 544 SS.
2368 499 2631 544 PATRUM.
2677 518 2758 527 —
2799 500 2973 545 LIBER
3014 502 3053 545 V

855 669 1174 753 captivare
1216 675 1408 752 atque
1455 669 1771 732 abducere
1821 675 2093 742 tentans,
2143 668 2350 750 inges—
2377 667 2431 731 A
2458 687 2641 731 secus
2688 670 3133 733 advenientem
3193 688 3267 732 ac
3324 670 3619 752 positam,
3670 677 3867 751 atque
3927 687 3971 731 a

855 769 1008 832 serit
1046 786 1114 830 se
1145 768 1500 830 recessibus
1541 786 1654 831 seu
1684 766 2208 829 distractionibus
2238 784 2349 829 no-

855 867 972 929 stri
1016 867 1246 930 cordis,

1257 1120 1761 1186 CAPITULUM
1813 1121 1943 1184 XI.

858 1270 1030 1338 Quod
1076 1270 1581 1341 concupiscentiae
1630 1270 1906 1341 corporis
1949 1284 2072 1325 non
2116 1268 2351 1323 exstin-

925 1366 1198 1431 ρωπίαν
1242 1360 1370 1414 nisi
1414 1375 1546 1415 cum
1589 1359 2040 1431 exstirpatione
2085 1358 2354 1413 omnium

927 1450 1236 1506 vitiorum.

935 1654 1381 1717 MPOSSIBILE
1436 1671 1711 1734 namque
1767 1659 1861 1714 est
1915 1651 2231 1731 exstingui
2288 1650 2353 1713 in

957 1752 1141 1816 nobis
1175 1752 1372 1833 ignita
1411 1751 1694 1832 corporis
1724 1749 2046 1812 incentiva
2086 1767 2199 1811 seu
2232 1748 2355 1811 fer-

859 1851 1007 1913 vida
1045 1850 1359 1913 desideria
1395 1849 1625 1922 carnis,
1660 1848 1783 1910 nisi
1815 1855 2172 1910 ceterorum
2203 1864 2355 1928 quo-
2390 1848 2439 1911 B

858 1968 983 2031 que
1039 1948 1493 2031 principalium
1543 1947 1846 2009 vitiorum
1896 1944 2222 2027 passiones
2280 1963 2355 2006 ac

858 2047 1114 2110 fomites
1158 2046 1460 2108 radicitus
1503 2044 1856 2107 evellantur
1902 2063 1916 2107 :
1964 2043 2042 2105 de
2093 2042 2353 2124 quibuS,

858 2146 988 2208 Deo
1046 2145 1340 2217 donante,
1405 2143 1570 2205 infra
1631 2142 1918 2204 dicemus
1985 2140 2355 2222 singulatim

859 2242 1179 2305 distinctis
1211 2240 1465 2303 libelliS.
1500 2240 1681 2302 Nunc
1709 2246 1924 2301 autem
1957 2237 2354 2320 propositum

860 2348 1146 2403 nostrum
1173 2348 1270 2403 est
1299 2339 1623 2420 disputare
1655 2344 1873 2399 contra
1903 2336 2357 2417 concupiscen-

860 2438 1015 2501 tiam
1046 2439 1230 2519 gulae,
1265 2445 1483 2501 contra
1516 2454 1708 2518 quam
1747 2434 1933 2497 nobis
1971 2441 2065 2497 est
2109 2434 2356 2515 primus

861 2536 1222 2600 conflictus,
1256 2534 1594 2617 Nunquam
1637 2532 1831 2614 igitur
1866 2532 2098 2613 poterit
2137 2531 2357 2593 arden-

859 2640 954 2695 tes
987 2632 1521 2714 concupiscentiae
1551 2628 1845 2693 stimulos
1877 2628 2218 2703 refrenare,
2243 2629 2353 2709 qui

859 2731 1176 2794 desideria
1215 2731 1380 2811 gulae
1424 2728 1647 2811 nequit
1692 2728 2038 2808 reprimere
2075 2744 2088 2788 :
2133 2726 2357 2809 quoni-

858 2848 963 2892 am
993 2830 1246 2892 castitas
1283 2827 1602 2890 interioris
1638 2826 1916 2889 hominis
1955 2844 2357 2888 consumma-

859 2928 1030 2991 tione
1062 2926 1503 2990 refrenationis
1533 2925 1697 3007 gulae
1727 2924 2148 3006 cognoscitur.
2184 2924 2355 2986 Nun-

2458 774 2673 829 nostra
2711 767 3066 831 substantia
3107 768 3423 831 alienam?
3453 769 3759 850 Denique,
3801 786 3971 849 qua-

2460 866 2604 927 liter
2632 866 2845 928 vincet
2876 885 3155 949 pugnam
3185 868 3393 929 carnis
3436 874 3499 929 et
3537 866 3767 929 animae
3807 882 3973 929 con-

2460 974 2555 1027 tra
2596 983 2664 1026 se
2708 966 3007 1037 invicem,
3051 965 3163 1048 qui
3207 983 3428 1027 curare
3478 964 3769 1047 nequivit
3816 982 3973 1045 pas-

2461 1062 2707 1124 sionem
2742 1081 2816 1124 ac
2861 1062 3163 1125 morbum
3205 1062 3525 1126 tristitiae?
3556 1061 3971 1137 Quantalibet

2462 1158 2854 1222 sublimitate
2900 1178 3229 1224 murorum
3278 1169 3341 1223 et
3389 1160 3700 1223 firmitate
3750 1167 3970 1241 porta-

2465 1276 2606 1319 rum
2676 1258 3037 1321 clausarum
3105 1258 3257 1321 urbs
3326 1259 3675 1333 muniatur,
3746 1266 3971 1319 tamen

2462 1356 2787 1437 apertione
2829 1357 3019 1418 unius
3064 1358 3285 1438 postis,
3328 1356 3620 1438 quamvis
3660 1355 3972 1437 parvissi-

2466 1454 2577 1527 mi,
2624 1453 3002 1516 destruetur.
3050 1454 3211 1529 Quid
3262 1455 3435 1516 enim
3480 1453 3699 1515 differt
3741 1461 3971 1514 utrum

2466 1552 2861 1633 perniciosus
2893 1552 3093 1615 hostis
3124 1554 3317 1615 intret
3357 1552 3707 1635 penetralia
3744 1551 3974 1614 civita-

2465 1650 2547 1711 tis
2579 1668 2693 1732 per
2720 1650 2968 1712 excelsa
3012 1651 3244 1713 moenia
3281 1659 3344 1712 et
3382 1651 3595 1733 ampla
3633 1658 3971 1732 portarum

2467 1747 2800 1821 foramina,
2852 1768 2931 1811 an
2983 1768 3096 1830 per
3146 1749 3426 1813 modicas
3465 1752 3839 1831 aperturas?

2853 2002 3357 2066 CAPITULUM
3420 2004 3575 2066 XII.

2467 2149 2637 2216 Quod
2654 2148 2852 2220 juaeta
2889 2166 3138 2221 ayonem
3164 2168 3269 2206 sea
3294 2150 3793 2207 concertationem
3824 2165 3962 2205 car-

2536 2238 2755 2301 nalem,
2779 2240 3045 2295 imitatio
3083 2240 3437 2312 spiritualis
3475 2240 3691 2311 ayonis
3720 2256 3821 2295 seu
3842 2255 3963 2311 pu-

2534 2344 2673 2398 qnoe
2710 2329 3067 2385 assumenda
3101 2330 3201 2385 sit.

2471 2526 2687 2728 QUI
2725 2528 2794 2590 in
2832 2546 3031 2609 agone
3070 2530 3417 2605 contendit,
3454 2549 3580 2593 non
3621 2538 3961 2594 coronatur
3990 2552 4033 2595 11
4052 2554 4259 2603 rmus.

2630 2626 2752 2688 nisi
2788 2626 3068 2707 legitime
3109 2629 3461 2691 certaverit.
3492 2629 3606 2702 Qui
3638 2628 3959 2691 naturales

2465 2726 2785 2808 appetitus
2836 2725 3043 2787 carnis
3090 2728 3333 2809 appetit
3383 2726 3725 2801 refrenare,
3777 2727 3959 2809 prius

2466 2824 2724 2886 festinet
2769 2824 2924 2885 vitia
2966 2832 3144 2887 extra
3185 2833 3477 2888 naturam
3523 2826 3728 2907 posita
3770 2844 3959 2906 supe-

2466 2940 2622 2983 rare.
2651 2921 2713 2983 Si
2744 2922 2917 2983 enim
2948 2922 3081 2984 vim
3112 2923 3473 3005 apost-olicae
3503 2924 3829 2987 sententiae
3856 2940 3965 2985 vo-

859 3044 1052 3109 quam
1091 3032 1310 3088 eontra
1343 3022 1731 3087 robustiores
1765 3022 2026 3085 aemulos
2067 3021 2355 3085 confidas
2387 3031 2429 3093 c
2467 3020 2678 3081 lumus
2721 3020 3019 3101 experiri,
3062 3020 3271 3102 primo
3314 3021 3621 3085 debemus
3663 3040 3961 3103 agnosce-

861 3142 1048 3205 posse
1081 3122 1305 3184 luctari
1337 3140 1508 3194 eum,
1542 3139 1735 3203 quem
1765 3120 2000 3182 videris
2034 3120 2097 3181 in
2131 3118 2354 3182 leviori

863 3220 1172 3284 conflictu
1209 3240 1246 3282 a
1286 3219 1496 3301 parvis
1534 3227 1596 3280 ct
1637 3217 2102 3279 infirmioribus
2140 3217 2359 3280 adver-

863 3319 1046 3382 sariis
1077 3317 1380 3399 superari.
1408 3316 1706 3379 Omnium
1739 3334 2014 3396 namque
2046 3315 2357 3377 virtutum

865 3436 991 3479 una
1039 3423 1264 3477 natura
1309 3422 1429 3487 est,
1478 3412 1770 3494 quamvis
1821 3412 1888 3473 in
1939 3412 2170 3474 multas
2222 3432 2359 3495 spe-

863 3515 993 3578 cies
1037 3522 1227 3595 atque
1271 3512 1580 3577 vocabula
1628 3511 1994 3574 dividantur
2037 3531 2050 3573 ε
2092 3511 2257 3573 sicut
2296 3519 2360 3573 et

863 3612 1004 3675 auri
1044 3632 1172 3675 una
1214 3610 1569 3676 substantia
1611 3616 1726 3683 est,
1778 3608 1924 3670 licet
1965 3608 2147 3689 juxta
2192 3609 2360 3690 inge-

865 3710 971 3772 nia
1008 3728 1082 3771 ac
1114 3709 1504 3772 voluntatem
1543 3706 1866 3769 artificum
1898 3706 2216 3769 dividatur
2247 3724 2362 3788 per

865 3807 1116 3871 diversa
1144 3813 1207 3869 et
1237 3806 1414 3868 varia
1451 3822 1524 3866 ac
1564 3804 1862 3867 distincta
1892 3803 2229 3866 monilium
2260 3822 2362 3885 ge-

865 3924 1035 3967 nera.
1071 3905 1230 3967 Hinc
1271 3903 1514 3966 nullam
1556 3902 1856 3964 virtutem
1898 3901 2179 3983 perfecte
2222 3920 2363 3984 pos-

864 4004 1048 4078 sidet,
1081 4003 1192 4085 qui
1233 4002 1302 4064 in
1342 4020 1466 4063 una
1504 4018 1723 4062 earum
1767 3999 1960 4062 fuerit
2000 4007 2357 4081 superatuS,

863 4110 926 4165 et
956 4122 1094 4165 cam
1125 4100 1428 4164 amiserit.
1449 4099 1772 4173 Quomodo
1801 4099 1974 4161 enim
2008 4099 2360 4161 credendus

2468 3138 2533 3180 re
2577 3137 2719 3199 quae
2758 3117 2886 3179 sint
2930 3118 3099 3199 leges
3142 3138 3215 3181 ac
3264 3120 3603 3203 disciplina
3656 3120 3960 3183 mundani

2466 3218 2706 3297 agoniS,
2754 3224 2824 3279 ut
2867 3218 2959 3279 sic
3003 3217 3229 3281 harum
3275 3220 3747 3300 comparatione
3795 3218 3961 3282 scire

2469 3315 2787 3397 possimus
2826 3315 3126 3398 deinceps
3166 3317 3321 3398 quid
3361 3317 3583 3380 beatus
3622 3319 3963 3400 Apostolus

2469 3413 2590 3476 hoc
2628 3414 2921 3495 exemplo
2950 3414 3223 3477 voluerit
3263 3433 3379 3477 nos
3418 3416 3644 3478 docere
3683 3417 3791 3498 qui
3832 3417 3965 3497 spi-

2470 3512 2684 3573 rituali
2722 3529 2921 3593 agone
2966 3531 3345 3595 pugnamus.
3390 3515 3459 3576 In
3502 3514 3963 3577 certaminibus

2470 3628 2744 3691 namque
2786 3610 3147 3685 mundanis,
3190 3630 3331 3692 quae
3379 3613 3731 3675 secundum
3788 3632 3968 3675 eum-

2470 3709 2615 3770 dem
2660 3707 3055 3789 Apostolum,
3100 3708 3437 3771 conferunt
3481 3711 3965 3793 corruptibilem

2471 3821 2769 3867 coronam
2809 3805 3181 3881 victoribuS‚
3218 3824 3354 3869 mos
3393 3808 3512 3869 iste
3552 3817 3859 3882 servatur,
3894 3818 3965 3871 ut

2474 3904 2525 3964 is
2566 3904 2677 3983 qui
2724 3903 2995 3965 intendit
3044 3923 3111 3965 se
3163 3924 3515 3987 praeparare
3557 3906 3636 3968 ad
3675 3906 3965 3970 obtinen-

2470 4001 2617 4062 dam
2647 4002 3050 4063 victoriosam
3082 4019 3373 4065 coronam
3402 4004 3811 4067 immunitatis
3842 4007 3968 4087 pri-

2471 4098 2706 4179 vilegio
2750 4098 3130 4174 decoratam,
3178 4108 3367 4182 atque
3412 4101 3694 4183 perfecta
3741 4103 3963 4184 agonis

865 4208 961 4263 est
1016 4200 1394 4263 exstinxisse
1451 4198 1766 4261 ferventes
1825 4197 2361 4279 concupiscentiae
2390 4203 2440 4264 D
2472 4197 2819 4258 certamina
2856 4198 3035 4279 cupit
3074 4198 3419 4275 elaborare,
3455 4200 3633 4282 prius
3672 4200 3961 4263 ostendat.

865 4306 1056 4362 aestus
1093 4298 1233 4379 (qui
1275 4295 1749 4357 succenduntur
1776 4311 1904 4355 non
1944 4293 2152 4356 solum
2185 4294 2361 4356 insti-

864 4395 1116 4476 gatione
1159 4392 1464 4475 corporiS,
1507 4391 1617 4453 sed
1656 4391 1850 4453 etiam
1892 4390 2048 4453 vitio
2093 4391 2357 4465 mentiS,

867 4500 1019 4575 puta
1069 4511 1146 4554 ex
1191 4489 1680 4572 cogitationibus
1725 4488 1986 4570 pravis),
2025 4489 2136 4571 qui
2190 4490 2359 4551 miti-

866 4608 1013 4673 gare
1043 4608 1173 4653 non
1203 4587 1411 4670 potuit
1440 4586 1693 4649 aculeos
1726 4586 1835 4649 irae
1865 4595 2357 4669 prorumpentes

867 4708 944 4753 ex
984 4684 1474 4769 intemperantia
1512 4684 1719 4747 cordis
1764 4684 2005 4747 solius?
2042 4685 2168 4747 Aut
2211 4705 2361 4768 qua-

869 4788 1013 4850 liter
1051 4784 1369 4868 putandus
1408 4791 1502 4846 est
1543 4784 1920 4866 repressisse
1961 4784 2360 4847 lascivientes

867 4884 1161 4948 stimulos
1221 4882 1432 4945 carnis
1487 4888 1549 4943 et
1606 4881 1855 4955 animae,
1917 4882 2027 4963 qui
2087 4882 2361 4964 simplex

869 4990 1202 5066 peecatum
1243 4978 1559 5061 superbiae
1600 4996 1726 5041 non
1769 4979 1975 5061 potuit
2013 4983 2362 5061 superare?

868 5083 990 5144 Aut
1020 5078 1338 5161 quomodo
1376 5076 1785 5140 aestimandus
1822 5086 1916 5139 est
1959 5077 2363 5140 conculcasse

869 5178 1187 5242 luxuriam
1217 5174 1390 5238 carni
1425 5173 1748 5249 insertam,
1773 5175 1883 5256 qui
1915 5174 2210 5238 abdicare
2242 5194 2363 5239 non

869 5276 1067 5340 valuit
1101 5273 1686 5355 concupiscentiam
1719 5273 2136 5354 pecuniarum
2168 5272 2367 5336 forin-

2472 4294 2865 4356 habilitatem
2904 4313 2978 4356 ac
3018 4295 3297 4358 indolem
3336 4317 3466 4360 suae
3502 4298 3856 4378 juventutis
3896 4307 3961 4361 et

2472 4392 2666 4455 robur
2703 4393 3107 4456 exordiorum
3148 4394 3212 4456 in
3254 4393 3641 4477 Olympiacis
3680 4416 3753 4459 ac
3794 4396 3959 4480 typi-

2472 4490 2608 4553 cis*
2646 4510 2757 4553 seu
2791 4491 3199 4573 praeambulis
3238 4495 3715 4559 certaminibus.
3752 4496 3820 4558 ln
3860 4495 3963 4559 his
4024 4520 4045 4538 ·

2470 4590 2640 4652 enim
2671 4588 3020 4672 probantur
3043 4589 3330 4670 juniores
3360 4591 3473 4673 qui
3503 4593 3773 4675 cupiunt
3803 4612 3969 4656 man-

2472 4688 2671 4769 cipari
2719 4687 2820 4749 his
2868 4687 3133 4762 artibuS,
3184 4696 3315 4751 tam
3364 4688 3609 4769 judicio
3662 4691 3801 4772 ejus
3850 4692 3963 4774 qui

2473 4792 2700 4867 praecst
2728 4785 3184 4848 certaminibus
3216 4786 3377 4861 istis,
3411 4807 3605 4868 quam
3636 4790 3828 4852 totius
3858 4806 3969 4871 po-

2475 4883 2633 4966 puli,
2664 4902 2745 4945 an
2778 4892 3139 4947 mereantur
3168 4884 3269 4947 vel
3300 4884 3571 4948 debeant
3608 4888 3857 4950 admitti
3884 4890 3967 4951 ad

2474 5000 2598 5043 eas.
2633 4982 2967 5063 Quumque
3008 4990 3149 5063 post
3187 4983 3559 5064 diligentem
3602 4986 3971 5048 examinati-

2475 5096 2662 5141 onem
2706 5086 2992 5161 repertus
3033 5081 3175 5161 quis
3215 5079 3409 5143 fuerit
3458 5082 3633 5146 nulla
3680 5084 3972 5147 diffamia

2481 5176 2854 5250 maculatuS,
2876 5177 3051 5239 nullo
3083 5180 3407 5241 servitutis
3433 5180 3588 5262 jugo
3619 5181 3973 5262 ignobilita-

2479 5281 2603 5347 tuS,
2626 5282 2885 5357 propter
2909 5294 3049 5356 quae
3080 5277 3377 5339 reddatur
3409 5279 3705 5361 indignus
3736 5280 3851 5342 hae
3880 5300 3977 5343 ar-
