4359 6267
861 492 977 559 164

1565 514 1982 562 COLLATIONUM
2023 515 2108 560 SS.
2144 514 2388 560 mmm!
2429 513 2604 559 LIBER
2645 514 2684 559 1.
2731 532 2812 541 —-
2853 513 3139 560 coLLATlo
3181 514 3248 559 111

858 681 1095 763 quibus
1143 691 1207 745 et
1249 685 1495 767 indigni
1544 704 1851 760 essemuS,
1884 690 1993 745 aut
2041 683 2236 745 etiam
2287 683 2353 744 in
2382 680 2433 743 A
2466 691 2685 746 nostro
2724 683 3012 746 immissa
3050 683 3396 746 exsuscitat
3436 699 3550 746 nos
3595 682 3675 743 ad
3715 680 3984 742 deside-

859 790 1205 861 conspectu
1270 783 1472 864 ipsius
1544 782 2093 845 inflammaremur
2153 781 2353 843 animi

857 877 1150 954 elatione,
1184 900 1311 962 qua
1353 882 1671 944 interdum
1714 882 1779 943 in
1820 880 2053 942 nostris
2098 897 2354 961 quoque

861 976 1109 1039 cellulis
1157 978 1594 1041 titillabamur.
1629 979 1774 1039 Ideo
1822 976 2242 1059 precabamur
2285 984 2356 1038 ut

860 1075 1054 1136 verba
1084 1075 1193 1137 illa
1222 1077 1407 1139 nobis
1440 1083 1841 1159 proponeret,
1874 1074 2109 1156 quibus
2139 1091 2353 1156 posse-

862 1191 1004 1235 mus
1054 1175 1396 1256 compungi
1441 1194 1513 1237 ac
1562 1174 1908 1247 humiliari,
1942 1191 2069 1235 non
2117 1172 2353 1255 quibus

861 1289 1193 1353 possemus
1242 1272 1427 1335 nobis
1480 1273 1634 1354 ipsis
1686 1271 1961 1334 blandiri
2009 1278 2200 1353 atque
2249 1290 2353 1333 ex-

860 1369 1016 1431 tolli.

1266 1611 1768 1677 CAPITULUM
1826 1616 1947 1677 III.

1096 1758 1447 1829 Propositio
1477 1759 1721 1815 abbatis
1748 1760 2107 1833 Paphnutii.

2463 780 2631 842 rium
2663 780 2810 844 vitae
2849 790 3100 844 aeternae
3137 788 3328 862 atque
3367 779 3611 851 salutis,
3643 778 3836 841 etiam
3874 777 3982 838 in-

2463 879 2708 940 terdum
2773 878 2837 940 in
2904 896 3148 954 somn0,
3210 878 3623 959 hortaturque
3682 893 3794 938 nos
3861 894 3974 936 sa-

2464 976 2812 1039 luberrima
2864 976 3356 1058 compunctione
3407 976 3608 1037 Deum
3663 973 3845 1055 sequi
3901 979 3974 1034 et

2464 1074 2771 1137 inhaerere
2803 1075 3136 1156 praeceptis
3168 1075 3402 1155 ipsius:
3423 1072 3970 1155 quemadmodum

2465 1172 2530 1234 in
2581 1172 2926 1253 Scripturis
2977 1173 3248 1253 legimus
3285 1172 3602 1234 Abraham
3647 1188 3802 1232 voce
3853 1171 3968 1231 do-

2463 1270 2701 1332 minica
2737 1278 3070 1332 evocatum
3111 1271 3188 1331 de
3232 1276 3398 1331 terra
3435 1267 3626 1331 natali
3665 1276 3727 1330 et
3765 1268 3964 1330 domo

2462 1368 2661 1450 patris
2719 1368 2840 1443 sui,
2893 1377 2956 1430 et
3007 1368 3086 1430 de
3135 1368 3328 1430 totius
3381 1366 3770 1447 cognationis
3823 1386 3962 1427 suae

2461 1465 2824 1540 affectibuS,
2858 1466 2987 1528 Deo
3025 1467 3102 1527 ad
3146 1484 3292 1527 eum
3341 1465 3637 1546 loquente
3672 1482 3687 1526 :
3721 1464 3835 1525 Exi
3879 1464 3960 1525 de
4003 1483 4140 1525 Gen.
4167 1488 4274 1528 nti.

2462 1573 2628 1626 terra
2664 1572 2793 1638 tua,
2837 1571 2901 1625 et
2937 1564 3014 1625 de
3055 1563 3427 1644 cognatione
3465 1570 3595 1637 tua,
3629 1570 3693 1624 et
3729 1562 3806 1623 de
3847 1562 3962 1623 do-

2464 1681 2568 1724 mo
2619 1662 2815 1744 patris
2875 1662 2988 1723 tui.
3039 1662 3173 1734 Quo
3224 1662 3416 1723 etiam
3471 1661 3658 1723 modo
3715 1659 3964 1721 scimus

2461 1762 2527 1823 B.
2563 1761 2908 1825 Antonium
2939 1780 3078 1823 esse
3108 1768 3426 1833 vocatum,
3450 1760 3561 1841 qui
3589 1779 3628 1821 a
3657 1758 3791 1820 sola
3805 1758 3965 1820 «Dei-

2386 1859 2434 1922 B
2463 1865 2588 1921 tate
2617 1858 2864 1939 accepit
2893 1878 3023 1920 suae
3061 1857 3494 1921 conversionis
3532 1857 3958 1919 occasionem.

2461 1957 2786 2037 Ingressus
2838 1973 3114 2037 namque
3167 1955 3526 2028 ecclesiam,
3577 1962 3640 2015 et
3690 1954 3962 2016 audiens

2463 2055 2554 2116 ibi
2586 2054 2906 2118 Christum
2943 2054 3005 2115 in
3040 2053 3381 2134 Evangelio
3409 2052 3960 2125 asserentem‚Qui
4031 2071 4160 2117 Lac.
4189 2090 4264 2119 m.

2462 2170 2592 2215 non
2646 2153 2780 2214 odit
2830 2158 3074 2233 patrem
3123 2158 3189 2213 et
3236 2159 3504 2213 matrem
3561 2158 3625 2212 et
3672 2149 3845 2211 filios
3897 2156 3964 2211 et
3995 2139 4082 2179 ²⁶·

2463 2268 2723 2312 uxorem
2756 2258 2818 2312 et
2849 2266 3045 2330 εει-03,
3063 2250 3326 2331 insuper
3355 2256 3418 2310 et
3445 2248 3727 2310 animam
3757 2266 3962 2319 suam,

2461 2368 2588 2411 non
2639 2355 2845 2430 potest
2895 2366 3072 2410 meus
3122 2366 3262 2409 esse
3310 2346 3705 2428 discipulus;
3753 2353 3839 2418 et,
3891 2345 3958 2407 Si
3991 2366 4272 2415 unctam,

2461 2447 2560 2509 vis
2603 2446 2924 2528 perfectus
2965 2464 3126 2519 esse,
3163 2446 3343 2519 vade,
3387 2452 3451 2506 et
3492 2445 3695 2506 vende
3742 2445 3963 2506 omnia
3989 2432 4078 2471 ²¹·

988 1955 1149 2019 UNC
1189 1956 1279 2017 ait
1311 1956 1377 2017 B.
1412 1957 1803 2038 Paphnutius
1833 1975 1846 2019 :
1879 1957 2029 2019 Tres
2070 1965 2219 2019 sunt
2252 1975 2350 2020 or-

1014 2052 1195 2114 dines
1249 2053 1695 2131 vocationum3
1752 2062 1878 2115 tres
1936 2071 2191 2135 quoque
2251 2072 2350 2115 re-

859 2150 1286 2213 nuntiationes
1326 2158 1475 2212 sunt
1518 2152 1886 2214 necessariae
1932 2152 2242 2214 monacho
2286 2152 2352 2213 in

859 2268 1265 2333 quocumque
1317 2251 1539 2312 ordine
1594 2251 1955 2312 constituto.
2010 2249 2087 2311 Et
2144 2249 2352 2330 primo

859 2356 1107 2427 oportet
1156 2366 1411 2409 causam
1463 2347 1785 2429 inquirere
1829 2365 2024 2428 quare
2072 2346 2351 2408 diximus

860 2452 986 2506 tres
1032 2445 1438 2508 vocationum
1497 2445 1751 2507 ordines
1809 2464 1970 2518 esse,
2024 2452 2094 2505 ut
2150 2464 2350 2526 quum

859 2545 1307 2623 agnoverimus
1337 2560 1451 2605 nos
1492 2543 1710 2605 divino
1748 2542 1948 2604 cultui
1982 2542 2227 2604 deditos
2258 2560 2351 2603 se-

860 2641 1142 2702 cundum
1175 2640 1455 2722 primum
1491 2641 1757 2721 gradum
1789 2639 2158 2713 vocationiS‚
2194 2646 2352 2701 tem-

859 2758 1156 2820 peremus
1198 2757 1270 2801 ac
1310 2739 1721 2820 disponamus
1761 2738 2238 2818 congruentiam
2278 2756 2351 2798 ac

860 2853 1227 2917 processum
1260 2836 1759 2898 conversationis
1790 2842 2019 2897 nostrae
2047 2835 2230 2915 juxta
2258 2855 2356 2896 su·

859 2934 1239 2997 blimitatem
1297 2936 1527 3015 gradus
1588 2933 1786 3007 illius,
1839 2932 2234 3015 proficiendo
2286 2932 2353 2994 in

2461 2564 2604 2626 quae
2651 2544 2868 2618 habes,
2903 2551 2966 2605 et
3009 2544 3088 2605 da
3135 2543 3547 2625 pauperibuS,
3581 2551 3644 2604 et
3691 2541 3961 2604 habebis

2461 2643 2829 2704 thesaurum
2870 2642 2935 2703 in
2976 2640 3158 2715 coe10,
3191 2648 3256 2703 et
3292 2640 3462 2715 veni,
3495 2658 3761 2722 sequere
3798 2658 3903 2701 me
3939 2656 3954 2700 τ

2463 2739 2744 2821 suscepit
2791 2758 2938 2802 cum
2983 2757 3234 2801 summa
3282 2738 3774 2819 compunctione
3823 2756 3962 2800 cor-

2463 2837 2560 2899 dis
2608 2838 2728 2899 hoc
2779 2836 3010 2900 Christi
3068 2836 3406 2898 consilium
3459 2844 3762 2917 tanquam
3811 2854 3962 2916 spe·

2465 2935 2711 2997 cialiter
2740 2934 2862 2996 sibi
2904 2934 3168 3007 dictum,
3204 2934 3669 3015 confestimque
3709 2933 3964 2995 cunctis

860 3033 1111 3094 melius.
1144 3033 1316 3095 Nihil
1349 3034 1521 3095 enim
1556 3032 1836 3113 proderit
1868 3031 2230 3094 sublimiter
2262 3031 2354 3093 in·
2392 3035 2436 3098 C
2465 3034 2860 3106 renuntians,
2922 3040 3178 3094 secutus
3236 3038 3332 3093 est
3389 3030 3734 3103 Christum,
3785 3030 3966 3091 nulla

861 3131 1142 3203 choasse‚
1177 3131 1301 3193 nisi
1355 3131 1702 3192 habeamus
1754 3148 2123 3212 processum
2172 3138 2236 3191 et
2283 3129 2358 3191 si-

862 3246 1009 3289 nem
1053 3227 1369 3309 principio
1408 3229 1827 3309 adaequatum.
1864 3228 2038 3300 Quod
2079 3228 2131 3289 si
2163 3228 2356 3289 etiam

860 3326 1305 3405 agnoverimus
1366 3344 1479 3387 nos
1538 3346 1677 3387 esse
1735 3333 2046 3387 extractos
2101 3326 2178 3388 de
2229 3326 2359 3387 vita

862 3424 1184 3484 mundana
1224 3423 1450 3485 ultimo
1489 3424 1731 3495 ordine,
1767 3423 1968 3485 nihilo
2010 3424 2222 3484 minus
2254 3442 2360 3484 cu-

862 3540 1077 3583 remus
1136 3539 1248 3583 nos
1311 3521 1573 3583 incitare
1633 3522 1711 3582 ad
1774 3522 2100 3583 meliorem
2158 3521 2356 3582 vitam

863 3618 1179 3701 spirituali
1230 3618 1479 3681 fervore
1529 3626 1702 3680 tanto
1750 3618 2073 3691 attentius,
2121 3626 2359 3700 quanto

862 3716 1157 3779 videmur
1214 3718 1291 3778 ad
1352 3716 1723 3796 religionem
1773 3716 1978 3778 vocati
2040 3716 2359 3797 principio

865 3815 1079 3877 minus
1111 3813 1444 3897 probabili.
1480 3815 1769 3876 Secundo
1801 3832 2055 3895 quoque
2097 3814 2359 3876 omnino

862 3931 977 3975 nos
1020 3913 1277 3995 expedit
1318 3912 1479 3973 scire
1521 3931 1776 3974 causam
1822 3912 2004 3973 trinae
2042 3912 2359 3973 abrenun-

862 4012 1142 4074 tiationis
1177 4030 1190 4072 :
1225 4011 1377 4092 quia
1405 4028 1805 4091 nequaquam
1841 4009 2194 4090 poterimus
2227 4028 2361 4090 per-

862 4108 1203 4171 fectionem
1247 4108 1577 4188 attingere,
1613 4107 1664 4169 si
1709 4108 1807 4169 vel
1855 4108 2357 4189 ignoraverimus

2466 3131 2902 3194 exhortatione
2950 3138 3060 3192 aut
3107 3130 3394 3192 doctrina
3439 3129 3774 3191 hominum
3821 3146 3966 3211 pro-

2467 3237 2748 3291 vocatus.

2550 3327 2878 3389 Secundus
2931 3326 3154 3388 modus
3193 3325 3543 3387 vocationis
3585 3326 3807 3408 (quem
3853 3345 3968 3407 per

2468 3425 2794 3488 hominem
2853 3424 2994 3486 fieri
3049 3424 3358 3503 diximus)
3407 3432 3524 3498 est,
3577 3424 3730 3485 dum
3787 3423 3968 3485 insti-

2468 3523 2595 3604 gati
2633 3522 2945 3603 exemplis
2987 3520 3311 3583 meritisve
3363 3522 3759 3593 Sanctorum,
3806 3521 3971 3582 desi-

2469 3621 2646 3683 derio
2690 3620 2912 3683 salutis
2960 3620 3372 3683 accendimur
3405 3637 3419 3681 ε
3460 3638 3572 3701 ρ6ι·
3611 3638 3803 3701 quem
3838 3638 3970 3682 mo-

2469 3720 2621 3781 dum
2655 3737 2770 3781 nos
2803 3718 2924 3799 ipsi
2958 3737 3180 3781 sumus
3223 3717 3534 3789 conversi,
3568 3717 3679 3798 qui
3721 3716 3968 3779 incitati

2472 3816 2730 3879 monitis
2777 3815 3252 3897 virtutibusque
3301 3816 3360 3877 S.
3401 3814 3682 3889 Antonii,
3727 3816 3968 3877 manci-

2469 3915 2764 3997 pavimus
2813 3932 2929 3976 nos
2980 3914 3130 3976 huic
3181 3912 3560 3995 professioni
3605 3932 3680 3974 ac
3729 3914 3961 3976 studio.

2467 4013 2600 4086 Quo
2639 4012 2831 4073 etiam
2875 4011 3097 4074 ordine
3138 4011 3407 4091 legimus
3448 4010 3619 4072 filios
3657 4011 3847 4073 Israel
3886 4012 3966 4072 de

2466 4110 2820 4172 afflictione
2852 4109 3100 4192 AEgypti
3144 4127 3257 4191 per
3288 4110 3540 4191 Moysen
3581 4108 3902 4171 liberatos

861 4226 1024 4279 eam,
1067 4207 1166 4268 vel
1216 4225 1355 4268 eam
1404 4206 1698 4278 scienteS,
1746 4224 1871 4267 non
1922 4205 2357 4267 studuerimus
2386 4211 2437 4272 D
2546 4208 2794 4270 Tertius
2826 4208 3052 4269 modus
3083 4206 3556 4280 vocationiS,ex
3587 4207 3964 4269 necessitate

862 4324 1003 4367 eam
1046 4322 1237 4386 opere·
1286 4322 1749 4367 consummare.

1267 4557 1772 4621 CAPITULUM
1834 4557 1950 4619 IV.

1066 4698 1151 4752 De
1180 4695 1381 4752 tribus
1411 4694 1789 4750 vocationum
1814 4694 2157 4765 qenai-ibus.

1005 4893 1052 4954 T
1086 4892 1279 4974 igitur
1307 4892 1372 4954 hi
1407 4899 1533 4955 tres
1564 4891 1972 4955 vocationum
2006 4892 2173 4955 modi
2209 4912 2360 4974 pan-

1020 4991 1249 5053 dantur
1280 4989 1540 5071 speciali
1573 4989 2005 5064 distinctione,
2026 4990 2358 5052 sciendum

865 5090 1036 5170 quod
1068 5088 1313 5170 primus
1344 5096 1440 5151 est
1469 5106 1546 5150 ex
1577 5088 1727 5162 Deo,
1762 5088 2079 5150 secundus
2113 5107 2226 5169 per
2255 5088 2362 5150 ho-

869 5186 1131 5261 minem,
1156 5186 1380 5249 tertius
1410 5204 1489 5249 ex
1520 5187 1793 5267 quadam
1826 5184 2220 5247 necessitate.
2245 5186 2361 5248 Ita-

868 5303 992 5366 que
1042 5304 1119 5347 ex
1167 5286 1296 5347 Deo
1343 5292 1459 5359 est,
1508 5284 1758 5367 quoties
1807 5283 2141 5366 inspiratio
2187 5284 2364 5347 cordi

2467 4306 2740 4387 quadam
2781 4305 3194 4378 descendenS,
3227 4311 3345 4376 est,
3378 4304 3531 4365 dum
3570 4304 3768 4366 dediti
3804 4305 3962 4367 divi-

2466 4404 2572 4465 tiis
2611 4410 2720 4463 aut
2760 4402 3008 4464 deliciis
3051 4401 3272 4463 mundi
3313 4400 3706 4462 inducuntur
3739 4420 3962 4483 prope-

2467 4520 2606 4563 rare
2655 4508 2718 4563 et
2763 4499 3046 4562 converti
3089 4500 3168 4561 ad
3215 4499 3581 4573 Dominum,
3613 4499 3964 4579 ingruenti-

2466 4599 2588 4661 bus
2653 4606 2913 4680 repente
2981 4597 3439 4660 tentationibus
3507 4616 3620 4658 scu
3682 4598 3964 4660 adversis

2467 4716 2609 4779 quae
2659 4703 2927 4759 mortem
2977 4704 3085 4758 aut
3133 4696 3364 4757 damna
3407 4713 3620 4757 rerum
3663 4703 3776 4756 aut
3821 4713 3963 4777 pro-

2467 4794 2882 4875 scriptionem
2923 4793 3269 4867 minantur,
3301 4792 3403 4854 vel
3443 4810 3522 4853 ex
3553 4798 3756 4853 morte
3793 4811 3966 4855 caro-

2467 4911 2609 4953 rum
2652 4898 3091 4973 compungunt
3120 4898 3184 4951 et
3221 4890 3480 4952 trahunt
3510 4890 3692 4971 quasi
3731 4890 3964 4953 invitos

2468 4992 2545 5054 ad
2597 4990 2978 5062 Creatorem,
3031 5007 3222 5071 quem
3277 4988 3342 5049 in
3401 4988 3723 5070 prosperis
3785 4988 3962 5071 sequi

2470 5095 2866 5171 spreverunt.
2923 5088 3118 5167 Cujus
3165 5085 3516 5149 vocationis
3577 5087 3842 5149 modum
3899 5087 3963 5148 in

2471 5186 2816 5268 Scripturis
2848 5185 3200 5267 saepissime
3227 5184 3605 5266 reperimus,
3621 5184 3788 5246 sicut
3818 5186 3964 5247 dum

2475 5284 2748 5366 legimus
2787 5282 2960 5347 filios
2999 5283 3188 5346 lsrael
3221 5282 3304 5346 ob
3333 5301 3449 5345 sua
3487 5282 3800 5346 demerita
3833 5282 3963 5347 suis
