4359 6267
892 480 1012 544 244

1601 500 2016 548 COLLATIONUM
2059 503 2142 548 SS.
2179 503 2423 548 PATRUM
2462 503 2639 550 LIBER
2679 505 2719 550 1.
2765 523 2845 532 -—
2886 503 3174 560 commo
3214 507 3276 552 lx

892 670 1107 733 monio
1147 671 1486 746 animatuS,
1530 673 1875 754 resumpsit
1917 674 2125 736 denuo
2167 674 2382 736 malle·
2409 673 2462 736 A
2492 673 2611 737 hac
2653 674 2949 757 puritate,
2992 684 3055 739 et
3092 678 3316 740 eodem
3356 675 3698 740 reformato
3736 677 3818 739 de
3864 676 3997 738 situ

892 788 1002 830 um
1046 777 1109 831 et
1154 778 1435 853 coeptum
1479 789 1639 854 opus
1685 772 2056 834 continuare
2099 791 2229 836 non
2279 774 2382 835 de—

888 867 1017 940 siit,
1042 869 1129 931 ita
1154 876 1222 931 ut
1246 870 1574 933 diabolicis
1599 871 2028 934 incitamentis
2051 891 2377 948 acc-ensuS‚

890 985 1018 1029 non
1055 969 1316 1031 sent-iret
1357 970 1510 1031 tanti
1543 969 1776 1032 laboris
1807 971 2373 1052 importunitatem.

889 1066 1166 1130 Tandem
1207 1087 1398 1130 senex
1438 1067 1875 1132 ludificatione
1913 1070 2219 1132 daemonis
2248 1078 2377 1132 tam

888 1165 1026 1227 dira
1056 1175 1433 1240 commotuS,
1467 1167 1724 1229 divertit
1752 1167 1830 1229 ad
1861 1167 2094 1230 Fratris
2126 1169 2376 1242 cellam,

883 1265 1309 1346 salutavitque
1339 1284 1488 1326 eum
1517 1266 1735 1328 dicens
1762 1267 1961 1340 :Quid
1989 1276 2107 1341 est,
2141 1267 2377 1341 Frater,

883 1364 1054 1446 quod
1091 1363 1271 1444 agis?
1302 1365 1378 1425 Et
1413 1365 1625 1426 Frater
1659 1382 1671 1425 :
1706 1365 2112 1438 LaboramuS,
2148 1366 2376 1448 inquit,

884 1469 1102 1524 contra
1131 1463 1544 1524 durissimum
1577 1482 1800 1525 saxum
1833 1464 2024 1538 istud,
2048 1472 2111 1527 et
2139 1465 2246 1526 vix
2278 1482 2383 1546 po-

884 1561 1124 1622 tuimus
1174 1560 1333 1623 illud
1378 1570 1722 1624 conterere.
1768 1562 1882 1624 Cui
1927 1581 2120 1624 senex
2159 1583 2173 1626 :
2213 1563 2380 1626 Bene

884 1659 1122 1732 dixisti,
1165 1658 1550 1721 Laboramus
1594 1668 1655 1722 et
1699 1661 1804 1722 vix
1849 1661 2211 1742 potuimus3
2254 1679 2379 1724 non

885 1758 1056 1820 enim
1097 1756 1268 1819 solus
1313 1757 1484 1819 istud
1524 1758 1733 1838 egisti,
1765 1759 1876 1821 sed
1921 1758 2042 1821 fuit
2082 1759 2247 1821 alius
2290 1768 2378 1822 te-

2490 779 2742 836 terreno
2784 773 2862 836 ad
2912 773 3397 837 similitudinem
3447 775 3851 857 spiritualem
3903 782 3996 835 at-

2491 891 2616 953 que
2657 873 3032 952 angelicam,
3073 874 3386 957 quidquid
3428 874 3495 936 in
3535 893 3603 936 se
3645 873 3992 956 receperit,

2490 970 2711 1051 egerit,
2764 971 2896 1033 sive
2952 973 3337 1046 tractaverit,
3387 973 3507 1034 erit
3555 973 3757 1035 oratio
3816 991 3996 1054 quae-

2492 1069 2635 1130 dam
2686 1070 3047 1150 purissima.

2878 1325 3383 1391 CAPITULUM
3445 1327 3595 1390 VII.

2490 1482 2903 1554 Interroqatio
2931 1484 3005 1539 de
3028 1484 3157 1548 hoc,
3188 1485 3350 1558 quod
3374 1484 3633 1558 maj0ris
3660 1484 4006 1556 difficulta-

2565 1573 2645 1626 tis
2682 1573 2767 1626 ait
2792 1573 3099 1629 custodire
3129 1575 3529 1645 coqitationea
3568 1574 3779 1639 boma,
3810 1590 4005 1648 quam

2556 1676 2808 1732 parare.

885 1876 1034 1918 cum
1087 1875 1279 1938 quem
1333 1875 1460 1918 non
1510 1857 1748 1932 vidisti,
1801 1858 1912 1940 qui
1967 1858 2088 1920 fuit
2139 1859 2255 1920 tibi
2313 1859 2378 1921 in
2418 1859 2465 1920 B
2636 1858 2995 1921 ERMANUS
3029 1877 3043 1920 :
3078 1859 3329 1922 Utinam
3367 1866 3497 1922 tam
3538 1859 3813 1923 faciliter
3856 1878 4003 1942 pos-

885 1973 1076 2036 opere
1127 1955 1246 2016 isto
1291 1955 1792 2018 violentissimus
1841 1957 2100 2038 quidam
2151 1957 2381 2039 impul-

886 2071 990 2115 sor
1034 2053 1245 2134 potius
1289 2073 1481 2135 quam
1525 2054 1795 2135 adjutor.

963 2153 1124 2214 Hinc
1152 2152 1538 2214 abstinentia
1571 2172 1682 2214 seu
1713 2153 1979 2216 cessatio
2009 2153 2089 2215 ab
2119 2154 2247 2217 illis
2278 2175 2383 2218 ne-

883 2250 1072 2330 gotiis
1113 2269 1254 2332 quae
1291 2269 1586 2312 exercere
1621 2267 1748 2312 non
1791 2268 2152 2332 possumuS,
2186 2251 2378 2313 etiam

885 2348 938 2409 si
998 2348 1295 2420 velimus,
1348 2357 1408 2410 et
1469 2349 1792 2431 despectio
1850 2368 2063 2410 rerum
2122 2350 2377 2412 illarum

885 2465 1155 2528 quarum
1192 2447 1498 2528 appetitio
1533 2447 1768 2509 faceret
1804 2465 1919 2510 nos
1960 2447 2165 2530 prima
2211 2447 2378 2510 t'ron-

885 2552 945 2606 te
1002 2544 1536 2627 reprehensibiles
1594 2552 1724 2607 tam
1783 2547 1950 2627 apud
2015 2546 2378 2627 spirituales

884 2643 1053 2705 viros
1093 2661 1284 2725 quam
1324 2645 1493 2724 apud
1533 2645 1864 2707 saeculares
1903 2644 2218 2716 homineS,
2252 2662 2377 2707 non

885 2741 1036 2803 satis
1080 2742 1421 2803 ostendunt
1459 2741 1686 2804 vitium
1728 2743 2047 2806 saecularis
2091 2742 2381 2804 ambitio-

884 2839 984 2900 nis
1018 2839 1251 2902 nostris
1290 2840 1608 2902 mentibus
1645 2859 1773 2903 non
1805 2840 2048 2919 inesse3
2081 2841 2190 2902 sed
2226 2827 2385 2902 dum'

883 2938 1076 2999 etiam
1136 2938 1337 3018 rigida
1394 2940 1626 3000 mentis
1686 2939 2081 3001 districtione
2136 2941 2379 3021 respui-

2653 1976 2867 2020 semus
2898 1958 3144 2020 semina
3180 1957 3491 2020 bonarum
3532 1959 4001 2040 cogitationum

2489 2055 2728 2137 jugiter
2776 2056 3122 2138 possidere,
3176 2075 3367 2139 quam
3420 2057 3695 2120 faciliter
3744 2075 3821 2120 ea
3876 2058 4003 2120 sre-

2492 2162 2763 2235 quenter
2808 2155 3226 2236 concipimus.
3276 2156 3483 2229 Quum
3531 2156 3701 2218 enim
3756 2156 4001 2237 cogita-

2494 2253 2695 2315 tiones
2739 2253 2920 2316 bonae
2964 2253 3199 2316 fuerint
3246 2254 3311 2317 in
3356 2254 3543 2317 corde
3583 2263 3803 2318 nostro
3848 2274 4003 2318 con-

2494 2358 2691 2432 ceptae
2737 2370 2852 2432 per
2910 2351 3282 2414 memoriam
3332 2351 3828 2434 Scripturarum,
3884 2361 4003 2415 aut

2491 2468 2607 2531 per
2655 2450 3155 2513 recordationem
3212 2451 3640 2532 spiritualium
3697 2459 3998 2526 actuum,

2492 2555 2600 2608 aut
2648 2556 2815 2610 certe
2869 2567 2980 2629 per
3028 2548 3331 2610 intuitum
3383 2549 3738 2613 coelestium
3790 2569 4004 2613 sacra-

2494 2654 2871 2721 mentorum,
2894 2647 3071 2728 quasi
3100 2647 3687 2730 imperceptibiliter
3712 2647 4001 2730 fugiunt,

2491 2745 2851 2819 elabuntur,
2885 2753 2947 2808 et
2987 2747 3277 2828 protinus
3314 2755 3721 2811 evanescunt.
3758 2748 4005 2821 Quum—

2492 2863 2616 2926 que
2658 2863 2838 2906 mens
2879 2852 3093 2907 nostra
3132 2845 3435 2926 repererit
3475 2847 3629 2908 alias
3668 2845 4003 2928 quaslibet

2492 2943 2921 3024 spiritualium
2978 2962 3279 3006 sensuum
3336 2945 3720 3019 occasioneS,
3766 2965 4000 3008 rursus

885 3055 1026 3097 mus
1068 3035 1177 3097 illa
1214 3055 1355 3117 qum
1397 3044 1626 3100 nostrae
1669 3044 2018 3118 suppetunt
2057 3038 2375 3118 potestati,
2418 3041 2461 3106 C
2491 3041 2634 3103 aliis
2681 3041 3297 3123 apprehensionibus
3342 3040 3755 3118 irruentibuS,
3802 3044 4001 3126 spiri—

882 3143 946 3198 et
986 3154 1132 3197 cum
1173 3135 1445 3217 quadam
1491 3136 1815 3197 honestate
1853 3136 2151 3199 videntur
2194 3155 2379 3217 posse

883 3232 1122 3296 haberi.
1176 3233 1252 3295 Et
1309 3253 1526 3295 revera
1585 3251 1710 3296 non
1771 3235 1984 3298 minus
2040 3243 2381 3316 aggravant

885 3340 1164 3393 mentem
1219 3351 1294 3394 ea
1346 3352 1486 3413 quae
1541 3351 1734 3413 parva
1784 3333 2083 3395 videntur
2133 3353 2205 3396 ac
2262 3334 2378 3396 mi-

884 3431 1058 3492 nima
1100 3430 1190 3510 (et
1237 3450 1378 3512 quae
1423 3431 1744 3493 cernimus
1787 3431 2232 3495 indifferenter
2272 3434 2377 3496 ad-

886 3528 1050 3590 mitti
1081 3529 1161 3591 ab
1190 3528 1290 3590 his
1322 3528 1431 3609 qui
1463 3536 1691 3590 nostrae
1731 3539 1878 3592 sunt
1912 3529 2374 3614 professionis),

885 3627 1139 3709 quando
1179 3626 1504 3708 superflue
1546 3627 1990 3702 admittuntur,
2032 3649 2225 3711 quam
2271 3632 2379 3696 illa

888 3725 1125 3806 majora
1174 3745 1316 3807 quae
1359 3725 1541 3806 juxta
1589 3745 1776 3787 suum
1833 3728 2091 3789 modum
2141 3729 2377 3792 inebri-

884 3843 990 3886 are
1033 3824 1238 3886 solent.
1283 3824 1682 3886 saecularium
1728 3826 1952 3904 corda3
1999 3845 2117 3888 nec
2159 3829 2379 3891 sinunt

886 3922 1291 3995 monachum,
1337 3922 1511 3984 omni
1563 3929 1810 3985 terrena
1856 3924 2012 3987 faece
2061 3945 2172 3987 seu
2222 3926 2377 3989 affe-

882 4019 1090 4084 ctione
1133 4020 1438 4101 deposita,
1473 4021 1785 4101 respirare
1829 4042 1987 4108 pure
2030 4024 2106 4085 ad
2150 4024 2374 4099 Deum,

883 4119 947 4180 in
998 4137 1126 4201 quo
1179 4137 1434 4200 semper
1481 4118 1613 4180 fixa
1663 4137 1802 4181 esse
1855 4120 2043 4182 debet
2101 4129 2230 4185 tota
2287 4123 2379 4185 in-

2490 3138 2692 3201 tuales
2744 3139 3183 3202 meditationes
3233 3159 3377 3222 quae
3423 3141 3841 3221 apprehensae
3894 3142 3999 3204 fu-

2490 3245 2699 3309 erunt,
2735 3236 2980 3299 lubrica
3022 3238 3422 3301 volubilitate
3458 3239 3813 3319 diffugiunt
3849 3259 3864 3302 :
3910 3241 4002 3302 ita

2492 3344 2561 3399 ut
2599 3337 2851 3398 animus
2889 3345 3104 3399 noster
3140 3337 3381 3399 nullam
3424 3337 3522 3400 sui
3564 3340 3997 3402 constantiam

2492 3435 2792 3508 retinenS‚
2840 3453 2957 3496 nec
3000 3443 3308 3516 potestate
3352 3436 3609 3518 propria
3652 3437 4000 3518 possidens

2490 3533 2899 3595 stabilitatem
2952 3534 3404 3614 cogitat-ionum
3456 3542 3844 3608 sanctarum,
3902 3539 4001 3599 vi-

2490 3631 2712 3693 deatur
2760 3651 2864 3694 eas
2915 3631 3203 3708 fortuitu,
3246 3640 3307 3694 et
3357 3650 3483 3695 non
3532 3651 3610 3695 ex
3658 3636 4002 3716 proposito

2490 3749 2601 3792 seu
2636 3731 2946 3791 industria
2975 3730 3364 3811 concepisse,
3387 3731 3575 3792 etiam
3604 3740 3757 3793 tunc
3788 3752 3999 3814 quum

2489 3847 2595 3891 eas
2624 3828 2984 3910 aliqualiter
3015 3829 3261 3891 retinet.
3298 3829 3622 3902 Quomodo
3650 3831 3827 3893 enim
3865 3834 4000 3895 ori-

2488 3944 2567 4008 go
2626 3926 3023 3988 adscribetur
3078 3935 3295 3989 nostro
3361 3927 3646 4003 arbitrio,
3707 3949 3997 4011 quarum

2489 4027 2958 4107 perseverantia
3006 4034 3233 4089 nostrae
3292 4045 3419 4090 non
3476 4027 3763 4108 subjacet
3815 4041 4001 4112 pote-

2489 4125 2680 4185 stati?
2723 4124 2842 4186 Sed
2885 4143 2965 4186 ne
3010 4123 3171 4187 forte
3214 4124 3334 4186 sub
3378 4125 3570 4205 hujus
3614 4128 3999 4207 quaestionis

880 4218 1080 4280 tentio
1123 4235 1136 4278 :
1179 4236 1379 4298 quum
1429 4225 1640 4279 tamen
1687 4218 1935 4280 modica
1981 4223 2293 4301 separatio
2340 4241 2375 4284 a
2408 4223 2457 4283 D
2490 4223 2889 4303 indagatione
2929 4230 3265 4302 evagantes
3317 4222 3565 4304 longius
3622 4224 3703 4286 ab
3761 4226 3999 4289 ordine

881 4333 1132 4377 summo
1173 4323 1235 4377 et
1281 4315 1763 4397 incomparabili
1813 4316 1980 4380 bono
2026 4322 2377 4400 reputanda

881 4413 962 4475 sit
1009 4414 1319 4476 monacho
1361 4421 1657 4496 tanquam
1700 4433 1867 4477 mors
1911 4435 2189 4497 praesens
2235 4438 2374 4500 per-

882 4512 1476 4593 niciosissimusque
1544 4512 1855 4575 interitus
1918 4515 2105 4577 Porro
2173 4535 2373 4597 quum

884 4628 1063 4671 mens
1092 4609 1354 4671 fundata
1390 4609 1582 4672 fuerit
1620 4610 1685 4673 in
1726 4612 2182 4694 tranquillitate
2225 4635 2377 4696 prae-

883 4706 1010 4769 fata
1051 4714 1240 4788 atque
1281 4727 1318 4769 a
1359 4709 1629 4770 nexibus
1673 4710 1959 4772 omnium
2005 4713 2373 4792 passionum

886 4805 1236 4868 carnalium
1291 4805 1600 4880 absoluta,
1653 4815 1712 4869 et
1767 4808 1861 4870 illi
1911 4810 2021 4870 uni
2076 4830 2150 4872 ac
2204 4833 2374 4875 sum-

887 4923 990 4968 mo
1052 4905 1220 4967 bono
1269 4904 1604 4968 adhaeserit
1661 4907 2062 4971 tenacissima
2121 4901 2375 4974 intenti-

593 5020 854 5127 bueus,
883 5023 1026 5078 one,
1093 5002 1388 5086 implebit
1451 5004 1870 5084 apostolicum
1931 5006 2091 5070 illud
2151 5025 2164 5071 ε
2230 5009 2377 5072 Sine

593 5147 606 5190 Ι
623 5149 734 5193 Tim.
754 5165 796 5203 ιι,
811 5155 851 5195 8.

885 5101 1354 5165 intermissione
1397 5109 1610 5180 orate3
1652 5109 1736 5178 et,
1778 5103 1848 5165 In
1891 5107 2066 5167 omni
2112 5107 2253 5170 loco
2297 5108 2379 5170 le-

883 5208 1103 5264 vantes
1147 5218 1340 5281 puras
1383 5218 1610 5262 manus
1653 5201 1791 5264 sine
1835 5203 1927 5265 ira
1968 5210 2032 5266 et
2072 5204 2380 5288 discepta-

885 5299 1075 5362 tione.
1128 5299 1370 5381 Nempe
1419 5317 1611 5361 sensu
1672 5300 1903 5363 mentis
1959 5300 2260 5385 absorpto
2309 5304 2377 5368 in

2488 4321 2795 4383 inchoatae
2843 4319 3243 4393 narrationiS,
3296 4321 3687 4383 retardemus
3741 4323 4001 4388 diutius

2488 4419 2877 4503 propositam
2934 4418 3349 4500 quaestione-m
3404 4420 3481 4481 de
3534 4427 3700 4481 statu
3754 4423 4000 4486 oratio-

2487 4519 2609 4591 niS,
2665 4517 2806 4579 ideo
2858 4517 3271 4598 quaestionem
3324 4516 3485 4579 hanc
3537 4536 3654 4581 suo
3706 4521 3998 4602 tempori

2487 4622 2901 4689 reservantes,
2955 4615 3411 4678 instantissime
3467 4635 3835 4698 quaesumus
3894 4621 3997 4683 in-

2488 4714 2746 4778 t'ormari
2797 4714 2873 4776 de
2922 4714 3225 4795 qualitate
3272 4714 3595 4788 orationi5‚
3646 4716 3997 4796 potissime

2486 4813 2638 4896 quia
2666 4812 3003 4894 Apostolus
3045 4819 3259 4874 monet
3299 4820 3370 4874 ut
3408 4832 3737 4894 nunquam
3778 4833 4001 4880 cesse-

2489 4931 2631 4974 mus
2674 4910 2755 4973 ab
2804 4929 2898 4984 ea,
2950 4910 3219 4973 dicendo
3256 4929 3269 4974 :
3314 4909 3463 4974 Sine
3508 4911 3999 4979 intermissione

2488 5017 2678 5072 orate.
2734 5009 2976 5071 ldcirco
3025 5009 3234 5090 primo
3289 5017 3584 5092 optamus
3637 5012 3851 5076 doceri
3912 5015 3999 5078 de

2488 5107 2793 5189 qualitate
2832 5107 3055 5189 ipsiuS‚
3088 5107 3210 5170 hoc
3246 5115 3363 5179 est,
3396 5108 3603 5190 qualis
3640 5111 3839 5173 oratio
3888 5113 4003 5176 de-

2488 5206 2598 5269 bet
2644 5224 2897 5288 semper
2945 5206 3074 5268 Deo
3119 5204 3381 5286 offerri3
3430 5207 3660 5270 deinde
3708 5209 4003 5291 qualiter

2488 5304 2808 5367 valeamus
2832 5303 2996 5366 hanc
3020 5305 3299 5368 eamdem
3324 5305 3663 5388 possidere,
3686 5325 4005 5374 exercere

4048 4950 4231 4994 ITheu.
4246 4959 4281 4993 τ,

4034 5016 4100 5056 17.
