4359 6267
843 501 965 568 502

921 707 1032 763 que
1069 689 1301 763 justitia
1346 691 1497 746 bona
1543 706 1656 746 non
1703 689 1838 755 sint,
1869 689 1916 745 si
1970 706 2201 762 compa-

916 782 1121 836 rentur
1148 779 1390 835 bonitati
1417 796 1484 836 ac
1503 778 1751 852 justitia!
1781 779 1914 836 Dei.
1996 824 2008 835 .
2090 826 2101 835 .
2184 824 2195 835 .
2238 778 2343 835 402

847 868 1177 940 Capitulum
1207 869 1271 925 V.
1301 868 1608 925 Neminem
1651 884 1886 925 summo
1923 868 2007 924 illi
2047 869 2201 924 bono

919 957 1209 1014 intentum
1237 974 1360 1015 esse
1384 958 1606 1030 jugiter
1636 974 1800 1030 posse
1807 1001 2194 1015 .....
2236 960 2342 1015 403

845 1045 1175 1118 Capitulum
1223 1047 1312 1101 Vl.
1363 1048 1526 1112 Quod
1575 1046 1749 1118 lippis
1795 1045 1913 1102 sint
1950 1046 2194 1113 similes,

852 1177 855 1179 -
917 1136 1016 1206 qui
1047 1136 1292 1192 credunt
1319 1151 1377 1192 se
1406 1153 1530 1193 esse
1559 1136 1683 1193 sine
1724 1139 1956 1208 peccato
1997 1178 2011 1192 .
2091 1181 2102 1191 .
2182 1180 2195 1192 .
2238 1137 2344 1193 404

845 1223 1174 1295 Capitulum
1206 1226 1320 1280 Vll.
1359 1228 1652 1289 Quantum
1694 1225 2064 1289 seducantur,
2096 1224 2196 1297 qui

918 1312 1123 1368 dicunt
1149 1330 1208 1369 se
1237 1330 1361 1369 esse
1390 1314 1514 1369 sine
1543 1316 1777 1384 peccato
1811 1356 2196 1370 .....
2237 1314 2345 1370 405

845 1400 1176 1472 Capitulum
1203 1403 1344 1457 Vlll.
1375 1403 1538 1468 Quod
1570 1418 1888 1474 paucorum
1929 1404 2005 1458 sit
2033 1403 2201 1460 intel-

917 1490 1110 1562 ligere·
1123 1494 1358 1563 peccata
1436 1535 2195 1549 .........
2239 1491 2346 1548 405

845 1580 1176 1653 Capitulum
1228 1582 1315 1636 IX.
1361 1582 1488 1647 Qua
1525 1581 1793 1639 cautione
1837 1584 2043 1641 debeat
2082 1600 2205 1638 mo-

916 1670 1138 1726 nachus
1168 1670 1264 1727 Dei
1293 1670 1641 1727 memoriam
1675 1672 1964 1728 custodire
1997 1715 2009 1727 .
2092 1717 2104 1728 .
2187 1716 2198 1728 .
2239 1673 2347 1727 406

844 1759 1172 1832 Capitulum
1231 1761 1295 1814 X.
1344 1760 1510 1826 Quod
1557 1761 1859 1817 tendentes
1903 1762 1978 1817 ad
2026 1761 2205 1833 perfe-

915 1848 1167 1906 ctionem
1210 1848 1397 1904 sciant
1425 1866 1485 1905 se
1525 1865 1757 1921 semper
1783 1849 2046 1923 indigere
2081 1867 2207 1923 gra·

914 1937 998 1994 tia
1037 1937 1134 1994 Dei
1156 1982 2197 1996 ............
2240 1940 2347 1995 406

845 2027 1174 2101 Capitulum
1205 2030 1294 2084 XI.
1327 2028 1620 2101 Expositio
1661 2028 1818 2085 illius
1853 2029 2156 2086 sententia}
2188 2046 2201 2084 ε

918 2118 1292 2175 Condelector
1317 2118 1428 2191 legi
1471 2117 1569 2175 Dei
1609 2120 1929 2175 secundum
1968 2118 2203 2176 interio-

915 2224 1040 2265 rem
1083 2207 1404 2271 hominem,
1440 2211 1530 2265 etc
1536 2252 2100 2264 .......
2185 2253 2197 2265 .
2241 2209 2349 2266 407

846 2296 1177 2370 Capitulum
1215 2298 1329 2353 XII.
1364 2297 1507 2354 Item
1545 2298 1828 2370 expositio
1872 2298 2048 2363 illius,
2083 2298 2205 2354 Sci-

919 2404 1054 2443 mus
1081 2386 1362 2458 quoniam
1393 2387 1484 2444 lex
1515 2385 1834 2459 spiritualis
1862 2392 1964 2452 est,
1997 2392 2103 2445 etc.
2188 2432 2198 2444 .
2240 2388 2347 2444 407

847 2476 1179 2549 Capitulum
1245 2476 1388 2531 Xlll.
1461 2476 1755 2549 Expositio
1839 2476 1998 2553 illius
2072 2495 2202 2535 sen-

919 2566 1116 2622 tentiae
1163 2581 1178 2623 t
1228 2564 1357 2621 Scio
1414 2568 1610 2622 autem
1664 2568 1820 2638 quod
1877 2583 1994 2623 non
2041 2566 2205 2623 habi-

917 2657 1001 2710 tat
1046 2653 1108 2710 in
1157 2670 1270 2721 me,
1307 2657 1416 2710 hoc
1455 2658 1541 2711 est
1587 2654 1646 2710 in
1691 2672 1863 2713 carne
1911 2672 2062 2722 mea,
2104 2656 2207 2711 bo-

918 2761 1060 2799 num
1070 2786 2198 2802 .............
2241 2746 2350 2802 408

847 2833 1178 2907 Capitulum
1208 2834 1347 2889 XIV.
1381 2833 1657 2906 Objecti0,
1685 2835 1840 2906 quod
1871 2851 1976 2891 nec
2006 2834 2208 2891 infide·

920 2923 1066 2979 lium
1099 2940 1284 2995 neque
1315 2924 1660 2979 Sanctorum
1701 2923 1964 2995 personis
2001 2939 2205 2981 conve-

918 3013 1044 3069 niat
1087 3014 1243 3085 quod
1299 3011 1383 3069 ait
1432 3028 1445 3067 ι
1489 3012 1616 3067 Non
1675 3013 1832 3084 quod
1877 3013 2007 3068 volo
2054 3011 2203 3068 facio

920 3102 1142 3159 bonum
1159 3146 2199 3160 ............
2241 3102 2348 3158 409

846 3191 1177 3264 Capitulum
1222 3194 1333 3248 XV.
1375 3192 1692 3264 Responsio
1739 3194 1814 3249 ad
1861 3193 2201 3266 praedictam

917 3281 1302 3355 obJectionem
1351 3324 2197 3338 ..........
2240 3282 2347 3337 409

846 3368 1175 3441 Capitulum
1205 3370 1341 3425 XVI.
1377 3370 1526 3436 Quid
1557 3370 1631 3426 sit
1659 3386 1870 3443 corpus
1899 3370 2116 3442 peccati
2147 3372 2207 3427 et

919 3458 1126 3514 mortis
1149 3500 2192 3515 ............
2235 3458 2344 3514 410

847 3547 1180 3619 Capitulum
1211 3548 1372 3603 XVII.
1400 3548 1564 3615 Quod
1596 3548 1789 3604 Sancti
1816 3564 2022 3605 omnes
2045 3564 2205 3604 vera-

918 3638 1061 3693 citer
1095 3636 1482 3695 confiteantur
1509 3640 1836 3709 peccatores
1865 3654 1924 3695 se
1963 3654 2106 3694 esse.
2189 3682 2199 3693 .
2240 3638 2345 3694 411

846 3725 1175 3800 Capitulum
1197 3725 1367 3782 XVIII
1378 3770 1390 3781 .
1413 3727 1578 3793 Quod
1600 3726 1745 3801 Justi
1775 3730 1832 3785 et
1860 3725 2054 3783 Sancti
2080 3742 2199 3782 non

919 3816 1036 3871 siut
1063 3815 1188 3873 sine
1219 3819 1451 3887 peccato
1529 3860 2200 3873 ........
2243 3817 2350 3873 412

846 3906 1178 3980 Capitulum
1199 3906 1335 3961 XIX.
1360 3907 1523 3971 Quod
1555 3910 1856 3979 peccatum
1889 3907 2055 3964 vitari
2086 3923 2203 3964 non

919 3996 1100 4069 possit
1127 3996 1188 4051 in
1220 3996 1344 4068 ipso
1384 3996 1665 4051 orationis
1699 4000 1960 4069 tempore
2005 4040 2016 4053 .
2097 4042 2108 4053 .
2191 4040 2202 4051 .
2243 3998 2350 4053 412

847 4086 1179 4159 Capitulum
1210 4085 1319 4141 XX.
1350 4086 1396 4140 A
1428 4084 1640 4157 quibus
1669 4086 1945 4142 discenda
1983 4086 2058 4142 sit
2083 4103 2208 4159 pec-

923 4174 1034 4231 cati
1073 4173 1368 4230 evacuatio
1405 4176 1462 4231 et
1492 4173 1776 4230 virtutum
1818 4173 2107 4246 perfectio.
2190 4216 2201 4231 .
2242 4176 2349 4232 413

849 4264 1178 4338 Capitulum
1208 4263 1344 4319 XXI.
1378 4264 1542 4329 Quod
1585 4280 1700 4319 non
1742 4265 2059 4322 debeamus
2099 4282 2206 4321 nos

920 4371 956 4411 a
983 4370 1144 4411 sacra
1171 4352 1586 4410 communione
1615 4355 2207 4427 suspendere‚quam-

920 4443 1005 4499 vis
1033 4458 1457 4515 cognoscamus
1487 4458 1594 4499 nos
1624 4446 1954 4515 peccatores
1985 4461 2108 4501 esse
2187 4487 2199 4500 .
2240 4446 2348 4502 413

852 4624 1188 4689 Conui-rio
1233 4626 1556 4686 v‘mnsum
1607 4640 1878 4695 omn-rs
1920 4623 2211 4705 (Abbatis

931 4713 1242 4793 Abrahae).
1277 4712 1366 4774 De
1398 4711 1920 4779 mortificatione.
2003 4768 2014 4778 .
2097 4767 2108 4779 .
2191 4768 2202 4780 .
2243 4724 2351 4780 415

854 4882 1185 4959 Capitulum
1243 4883 1283 4938 1.
1338 4881 1596 4947 Qualiter
1641 4880 2208 4942 manifestaverimus

926 4976 1146 5033 secreta
1183 4969 1601 5045 cogitationum
1643 4974 1976 5029 nostrarum
2011 4974 2205 5031 abbati

928 5064 1174 5122 Abrahae
1263 5104 2202 5121 ...........
2244 5067 2352 5123 415

857 5154 1186 5228 Capitulum
1233 5152 1302 5207 11.
1353 5150 1611 5218 Qualiter
1655 5150 1986 5224 patefecerit
2040 5154 2208 5211 nobis

929 5244 1157 5297 nostros
1189 5254 1414 5296 errores
1445 5281 2203 5297 .........
2245 5243 2353 5299 415

857 5329 1186 5405 Capitulum
1219 5328 1310 5385 111.
1344 5327 1420 5385 De
1460 5326 1737 5400 qualitate
1776 5327 2038 5386 locorum
2079 5347 2211 5403 quae

2119 520 2305 567 annx
2344 516 2681 567 GENBRALIS

2523 692 2595 747 ab
2624 690 2991 747 anachoretis
3030 691 3219 764 expeti
3256 692 3469 749 debent
3510 736 3522 747 .
3604 736 3617 748 .
3700 736 3713 748 .
3796 734 3808 747 .
3850 690 3957 747 416

2453 779 2783 852 Capitulum
2813 781 2899 836 IV.
2933 782 3073 845 Quae
3100 797 3275 853 opera
3302 798 3337 837 a
3370 780 3643 836 solitariis
3674 779 3811 853 eligi

2523 870 2771 927 debeant
2858 913 3807 927 ...........
3850 869 3957 925 417

2451 958 2781 1031 Capitulum
2830 960 2891 1014 V.
2943 961 3107 1025 Quod
3164 960 3500 1031 evagatione
3556 960 3815 1032 corporis

2524 1051 2793 1119 gravetur
2834 1048 3023 1121 magis
3065 1065 3241 1121 quam
3293 1049 3579 1106 relevetur
3620 1047 3813 1104 cordis

2523 1137 2788 1194 anxietas
2856 1180 3807 1195 ...........
3851 1138 3957 1194 417

2452 1224 2783 1296 Capitulum
2825 1227 2913 1281 VI.
2948 1226 3205 1292 Qualiter
3244 1226 3569 1283 monachus
3606 1226 3813 1283 debeat

2524 1313 2814 1371 custodire
2856 1314 3236 1387 cogitationes
3282 1332 3418 1371 suas
3425 1358 3809 1372 .....
3850 1316 3956 1371 417

2454 1402 2783 1475 Capitulum
2814 1404 2930 1458 Vll.
2964 1404 3241 1476 objectio,
3274 1420 3379 1459 cur
3416 1403 3587 1460 nobis
3624 1408 3816 1476 posset

2526 1508 2732 1550 nocere
2770 1497 3080 1564 parentum
3124 1493 3353 1560 vicinia,
3386 1509 3520 1565 quae
3558 1510 3674 1550 non
3714 1494 3813 1549 ob-

2528 1585 2678 1639 esset
2706 1581 3157 1639 consistentibus
3180 1582 3241 1638 in
3270 1584 3530 1655 AEgyptO.
3612 1628 3623 1640 .
3704 1628 3715 1639 .
3799 1628 3811 1639 .
3852 1584 3958 1640 418

2455 1672 2787 1744 Capitulum
2820 1672 2957 1727 Vlll.
2990 1672 3323 1744 Responsio,
3355 1674 3511 1746 quod
3545 1689 3660 1729 non
3692 1689 3817 1728 om-

2528 1760 2701 1817 nibus
2728 1762 2930 1818 omnia
2967 1761 3315 1818 conveniant
3323 1806 3811 1819 ......
3855 1762 3960 1818 418

2455 1850 2786 1922 Capitulum
2832 1852 2918 1906 IX.
2952 1852 3117 1916 Quod
3161 1852 3523 1924 possidentes
3572 1852 3819 1907 mortifi-

2526 1940 2815 1997 cationem
2846 1939 3073 1997 abbatis
3102 1941 3403 2013 Apollinis,
3438 1940 3661 2014 possint
3698 1957 3816 1997 non

2527 2029 2733 2087 timere
2771 2032 3080 2102 parentum
3110 2029 3384 2086 viciniam
3424 2074 3813 2087 .....
3854 2031 3960 2087 419

2456 2120 2786 2194 Capitulum
2834 2122 2896 2177 X.
2942 2120 3339 2193 InterrogatiO,
3380 2137 3453 2177 an
3498 2118 3650 2175 obsit
3694 2136 3821 2177 mo-

2528 2210 2733 2277 nach0,
2765 2212 2920 2283 quod
2960 2210 3287 2267 necessaria
3317 2210 3451 2265 vitae
3481 2209 3818 2267 ministren-

2527 2304 2625 2355 tur
2666 2300 2717 2356 ei
2757 2316 2793 2355 a
2830 2300 2951 2356 suis
2990 2299 3363 2372 parentibus.-
3430 2342 3812 2355 .....
3856 2299 3960 2355 419

2456 2388 2787 2461 Capitulum
2844 2389 2934 2444 XI.
2988 2387 3323 2460 Responsio,
3384 2388 3525 2459 quid
3581 2391 3817 2445 sanctus

2530 2482 2692 2550 pater
2721 2477 3007 2534 Antonius
3044 2494 3220 2550 super
3254 2477 3363 2533 hoc
3393 2477 3626 2535 dixerit.
3708 2520 3722 2532 .
3802 2521 3815 2534 .
3855 2478 3959 2534 420

2457 2566 2786 2639 Capitulum
2819 2567 2933 2622 ΧΠ.
2965 2567 3044 2623 De
3072 2565 3319 2622 utilitate
3360 2566 3733 2639 operationis,
3764 2568 3821 2624 et

2528 2655 2628 2712 otii
2668 2655 3019 2714 detrimento
3054 2698 3809 2713 .........
3850 2656 3956 2711 420

2456 2744 2785 2817 Capitulum
2819 2744 2959 2799 XIII.
2992 2742 3211 2799 Fabula
3240 2743 3563 2815 composita
3591 2745 3662 2801 de
3693 2748 3820 2800 ton-

2527 2850 2675 2901 sore,
2724 2835 2798 2890 ad
2853 2833 3289 2905 cognoscendas
3342 2832 3643 2890 illusiones
3700 2833 3820 2889 dia-

2527 2922 2643 2978 boli
2665 2966 3809 2979 .............
3852 2921 3954 2979 421

2456 3011 2785 3084 Capitulum
2839 3012 2974 3066 XIV.
3026 3011 3425 3083 Interrogatio,
3479 3012 3634 3067 unde
3680 3010 3821 3068 irre·

2528 3101 2707 3172 pserit
2734 3100 2901 3156 nobis
2938 3116 3101 3157 error
3128 3099 3336 3156 talium
3371 3099 3811 3172 cogitationum.
3854 3100 3959 3155 422

2456 3192 2785 3264 Capitulum
2847 3190 2956 3246 XV.
3016 3191 3333 3263 Responsio
3394 3192 3467 3247 de
3524 3190 3820 3264 tripartito

2527 3281 2743 3337 animoe
2782 3282 2945 3336 motu
2956 3321 3812 3339 ..........
3854 3282 3958 3337 422

2456 3370 2786 3443 Capitulum
2813 3370 2949 3426 xv1.
2982 3370 3148 3436 Quod
3186 3368 3337 3426 ratio
3378 3368 3581 3427 fuisset
3620 3386 3821 3427 corru-

2529 3463 2629 3534 pta
2658 3459 2715 3516 in
2748 3458 2917 3515 nobis
2950 3502 3816 3518 ..........
3855 3460 3961 3517 423

2457 3549 2787 3623 Capitulum
2820 3549 2983 3604 XVII.
3012 3548 3177 3614 Quod
3217 3547 3508 3604 inssrmior
3536 3564 3671 3621 pars
3699 3548 3824 3605 ani-

2530 3654 2645 3695 mae
2698 3636 3118 3695 tentationibus
3160 3628 3387 3692 ‘diaboli
3448 3635 3641 3709 prima
3690 3654 3820 3695 suc-

2529 3729 2768 3784 cumbat
2856 3770 3805 3785 ...........
3848 3729 3953 3786 423

2458 3816 2788 3889 Capitulum
2817 3816 3006 3872 XVIII.
3032 3816 3433 3889 iuterrogatio,
3462 3831 3535 3871 an
3566 3816 3821 3873 rationa-

2530 3904 2722 3962 biliter
2740 3904 3111 3961 traheremur
3144 3904 3218 3960 ad
3246 3904 3495 3976 patriam
3528 3904 3819 3963 desiderio

2532 3994 2773 4067 majoris
2800 3992 3013 4050 silentii
3049 4038 3810 4053 .........
3853 3998 3958 4053 424

2458 4083 2789 4156 Capitulum
2844 4083 2981 4138 XIX.
3039 4083 3356 4155 Responsio
3412 4085 3485 4141 de
3544 4084 3815 4143 illusione

2532 4171 2766 4239 diaboli,
2809 4189 2877 4229 eo
2925 4174 3081 4244 quod
3129 4172 3497 4244 repromittat
3550 4174 3815 4246 requiem

2528 4260 2861 4318 solitudinis
2896 4260 3165 4317 vastioris
3243 4306 3813 4321 .......
3853 4266 3958 4322 424

2458 4350 2787 4424 Capitulum
2828 4350 2939 4405 XX.
2974 4350 3138 4415 Quod
3178 4349 3337 4406 utilis
3374 4350 3450 4406 sit
3485 4350 3696 4424 rigoris
3729 4370 3821 4411 re-

2532 4440 2732 4497 missio
2762 4438 2819 4495 in
2852 4438 3121 4495 Fratrum
3153 4440 3404 4497 adventu
3425 4483 3813 4501 .....
3853 4445 3959 4500 425

2458 4529 2789 4604 Capitulum
2809 4530 2925 4585 XXI
2934 4574 2945 4585 .
2966 4529 3315 4602 Exemplum
3348 4531 3418 4588 de
3437 4531 3656 4589 Ioanne
3684 4549 3821 4605 apo-

2529 4620 2694 4687 stolo,
2742 4620 2817 4676 ad
2864 4620 3337 4692 persuadendum
3387 4622 3541 4692 quod
3590 4621 3816 4679 dictum

2529 4714 2617 4768 est
2682 4753 3811 4771 .............
3852 4715 3959 4771 425

2459 4799 2789 4873 Capitulum
2819 4800 2982 4855 XXII.
3016 4800 3417 4873 Interrogatio,
3450 4801 3699 4874 qualiter
3728 4802 3817 4860 in-

2529 4887 2911 4961 telligendum
2952 4888 3026 4944 sit
3064 4890 3221 4961 quod
3258 4889 3343 4945 ait
3380 4890 3643 4947 Salvator
3672 4908 3687 4948 :
3716 4892 3815 4950 Ju-

2535 4994 2673 5050 gum
2724 4994 2923 5034 meum
2970 4994 3142 5035 suave
3189 4982 3293 5044 est,
3326 4983 3415 5035 etc
3422 5019 3809 5040 .....
3850 4985 3956 5041 425

2461 5066 2790 5139 Capitulum
2821 5067 3008 5122 XXIII.
3041 5066 3357 5139 Responsio
3383 5069 3459 5124 ad
3496 5068 3817 5144 interroga-

2530 5155 2751 5212 tionem
2792 5156 3212 5227 proecedentem
3236 5200 3810 5219 .......
3850 5164 3958 5219 425

2460 5243 2788 5317 Capitulum
2838 5245 3025 5300 XXIV.
3065 5246 3179 5302 Cur
3214 5246 3430 5319 jugum
3478 5248 3689 5306 Christi
3734 5252 3816 5307 vi—

2533 5333 2738 5391 deatur
2766 5333 3117 5406 quibusdam
3158 5350 3428 5393 amarum
3468 5353 3538 5394 ac
3573 5340 3812 5398 durum.
3852 5343 3957 5400 426
