<?xml version="1.0" encoding="UTF-8"?>
<!DOCTYPE html PUBLIC "-//W3C//DTD XHTML 1.0 Transitional//EN"
    "http://www.w3.org/TR/xhtml1/DTD/xhtml1-transitional.dtd">
<html xmlns="http://www.w3.org/1999/xhtml" xml:lang="en" lang="en">
 <head>
  <title>
</title>
<meta http-equiv="Content-Type" content="text/html;charset=utf-8" />
  <meta name='ocr-system' content='tesseract 3.04.00' />
  <meta name='ocr-capabilities' content='ocr_page ocr_carea ocr_par ocr_line ocrx_word'/>
</head>
<body>
  <div class='ocr_page' id='page_1' title='image "./doctorisecstati03denigoog_0045.png"; bbox 0 0 4359 6267; ppageno 0'>
   <div class='ocr_carea' id='block_1_1' title="bbox 49 1070 379 1188">
    <p class='ocr_par' dir='ltr' id='par_1_1' title="bbox 49 1070 379 1188">
     <span class='ocr_line' id='line_1_1' title="bbox 53 1070 379 1123; baseline 0 -10"><span class='ocrx_word' id='word_1_1' title='bbox 53 1070 252 1115; x_wconf 66' lang='lat' dir='ltr'><strong>eccle.</strong></span> <span class='ocrx_word' id='word_1_2' title='bbox 267 1074 379 1123; x_wconf 56' lang='lat' dir='ltr'><strong>xij,</strong></span> 
     </span>
     <span class='ocr_line' id='line_1_2' title="bbox 49 1134 378 1188; baseline 0.006 -13"><span class='ocrx_word' id='word_1_3' title='bbox 49 1136 210 1188; x_wconf 66' lang='lat' dir='ltr'><strong>Juxta</strong></span> <span class='ocrx_word' id='word_1_4' title='bbox 241 1134 378 1177; x_wconf 70' lang='lat' dir='ltr'><strong>Lxx.</strong></span> 
     </span>
    </p>
   </div>
   <div class='ocr_carea' id='block_1_2' title="bbox 1299 481 3507 547">
    <p class='ocr_par' dir='ltr' id='par_1_2' title="bbox 1299 481 3507 547">
     <span class='ocr_line' id='line_1_3' title="bbox 1299 481 3507 547; baseline -0 -1"><span class='ocrx_word' id='word_1_5' title='bbox 1299 500 1378 547; x_wconf 72' lang='lat' dir='ltr'><strong>nn</strong></span> <span class='ocrx_word' id='word_1_6' title='bbox 1420 500 1750 545; x_wconf 75' lang='lat' dir='ltr'><strong>msrlru‘rts</strong></span> <span class='ocrx_word' id='word_1_7' title='bbox 1793 500 1879 545; x_wconf 91' lang='lat' dir='ltr'><strong>ss.</strong></span> <span class='ocrx_word' id='word_1_8' title='bbox 1915 499 2176 546; x_wconf 66' lang='lat' dir='ltr'><strong>runnu.</strong></span> <span class='ocrx_word' id='word_1_9' title='bbox 2222 519 2304 529; x_wconf 89' lang='lat'><strong>—-</strong></span> <span class='ocrx_word' id='word_1_10' title='bbox 2343 502 2517 547; x_wconf 74' lang='lat' dir='ltr'><strong>Lmnn</strong></span> <span class='ocrx_word' id='word_1_11' title='bbox 2560 501 2627 547; x_wconf 89' lang='lat'><strong>111</strong></span> <span class='ocrx_word' id='word_1_12' title='bbox 3427 481 3507 545; x_wconf 84' lang='lat'><strong>37</strong></span> 
     </span>
    </p>
   </div>
   <div class='ocr_carea' id='block_1_3' title="bbox 409 668 3507 753">
    <p class='ocr_par' dir='ltr' id='par_1_3' title="bbox 409 668 3507 753">
     <span class='ocr_line' id='line_1_4' title="bbox 409 668 3507 753; baseline -0.001 -20"><span class='ocrx_word' id='word_1_13' title='bbox 409 671 674 734; x_wconf 86' lang='lat' dir='ltr'><strong>orientis</strong></span> <span class='ocrx_word' id='word_1_14' title='bbox 718 671 832 734; x_wconf 91' lang='lat' dir='ltr'><strong>illo</strong></span> <span class='ocrx_word' id='word_1_15' title='bbox 869 671 972 734; x_wconf 92' lang='lat' dir='ltr'><strong>die</strong></span> <span class='ocrx_word' id='word_1_16' title='bbox 1013 688 1138 733; x_wconf 87' lang='lat' dir='ltr'><strong>non</strong></span> <span class='ocrx_word' id='word_1_17' title='bbox 1175 670 1524 751; x_wconf 87' lang='lat' dir='ltr'><strong>jejunatur,</strong></span> <span class='ocrx_word' id='word_1_18' title='bbox 1556 668 1908 731; x_wconf 85' lang='lat' dir='ltr'><strong>secundum</strong></span> <span class='ocrx_word' id='word_1_19' title='bbox 1940 668 1991 730; x_wconf 88' lang='lat' dir='ltr'>A</span> <span class='ocrx_word' id='word_1_20' title='bbox 2021 668 2327 732; x_wconf 86' lang='lat' dir='ltr'><strong>celebrari</strong></span> <span class='ocrx_word' id='word_1_21' title='bbox 2370 689 2384 731; x_wconf 76' lang='grc' dir='ltr'><strong><em>ε</em></strong></span> <span class='ocrx_word' id='word_1_22' title='bbox 2429 670 2493 733; x_wconf 91' lang='lat' dir='ltr'><strong>in</strong></span> <span class='ocrx_word' id='word_1_23' title='bbox 2541 689 2668 753; x_wconf 88' lang='lat' dir='ltr'><strong>qua</strong></span> <span class='ocrx_word' id='word_1_24' title='bbox 2716 669 3156 751; x_wconf 80' lang='lat' dir='ltr'><strong>impendentes</strong></span> <span class='ocrx_word' id='word_1_25' title='bbox 3207 689 3318 732; x_wconf 88' lang='lat' dir='ltr'><strong>seu</strong></span> <span class='ocrx_word' id='word_1_26' title='bbox 3369 687 3507 750; x_wconf 86' lang='lat' dir='ltr'><strong>per-</strong></span> 
     </span>
    </p>
   </div>
   <div class='ocr_carea' id='block_1_4' title="bbox 409 767 1913 1828">
    <p class='ocr_par' dir='ltr' id='par_1_4' title="bbox 409 767 1913 1828">
     <span class='ocr_line' id='line_1_5' title="bbox 410 767 1912 849; baseline -0.001 -20"><span class='ocrx_word' id='word_1_27' title='bbox 410 769 588 831; x_wconf 88' lang='lat' dir='ltr'><strong>illam</strong></span> <span class='ocrx_word' id='word_1_28' title='bbox 637 768 1036 831; x_wconf 80' lang='lat' dir='ltr'><strong>Ecclesiastae</strong></span> <span class='ocrx_word' id='word_1_29' title='bbox 1086 767 1407 831; x_wconf 83' lang='lat' dir='ltr'><strong>undecimi</strong></span> <span class='ocrx_word' id='word_1_30' title='bbox 1459 767 1721 849; x_wconf 88' lang='lat' dir='ltr'><strong>capituli</strong></span> <span class='ocrx_word' id='word_1_31' title='bbox 1774 784 1912 828; x_wconf 90' lang='lat' dir='ltr'><strong>sen·</strong></span> 
     </span>
     <span class='ocr_line' id='line_1_6' title="bbox 413 865 1913 949; baseline -0.002 -21"><span class='ocrx_word' id='word_1_32' title='bbox 413 868 676 929; x_wconf 87' lang='lat' dir='ltr'><strong>tentiam</strong></span> <span class='ocrx_word' id='word_1_33' title='bbox 706 867 878 949; x_wconf 83' lang='lat' dir='ltr'><strong>(quae</strong></span> <span class='ocrx_word' id='word_1_34' title='bbox 909 866 1200 948; x_wconf 90' lang='lat' dir='ltr'><strong>quamvis</strong></span> <span class='ocrx_word' id='word_1_35' title='bbox 1230 874 1290 928; x_wconf 90' lang='lat' dir='ltr'><strong>et</strong></span> <span class='ocrx_word' id='word_1_36' title='bbox 1322 866 1520 928; x_wconf 88' lang='lat' dir='ltr'><strong>alium</strong></span> <span class='ocrx_word' id='word_1_37' title='bbox 1551 865 1742 927; x_wconf 89' lang='lat' dir='ltr'><strong>habet</strong></span> <span class='ocrx_word' id='word_1_38' title='bbox 1783 883 1913 947; x_wconf 86' lang='lat' dir='ltr'><strong>my-</strong></span> 
     </span>
     <span class='ocr_line' id='line_1_7' title="bbox 412 964 1907 1037; baseline -0.001 -11"><span class='ocrx_word' id='word_1_39' title='bbox 412 965 648 1027; x_wconf 89' lang='lat' dir='ltr'><strong>sticum</strong></span> <span class='ocrx_word' id='word_1_40' title='bbox 707 965 1128 1037; x_wconf 90' lang='lat' dir='ltr'><strong>intellectum,</strong></span> <span class='ocrx_word' id='word_1_41' title='bbox 1187 972 1399 1025; x_wconf 86' lang='lat' dir='ltr'><strong>tamen</strong></span> <span class='ocrx_word' id='word_1_42' title='bbox 1459 964 1538 1025; x_wconf 91' lang='lat' dir='ltr'><strong>ab</strong></span> <span class='ocrx_word' id='word_1_43' title='bbox 1601 964 1721 1025; x_wconf 87' lang='lat' dir='ltr'><strong>isto</strong></span> <span class='ocrx_word' id='word_1_44' title='bbox 1783 981 1907 1024; x_wconf 91' lang='lat' dir='ltr'><strong>non</strong></span> 
     </span>
     <span class='ocr_line' id='line_1_8' title="bbox 411 1060 1910 1144; baseline -0.003 -19"><span class='ocrx_word' id='word_1_45' title='bbox 411 1063 724 1143; x_wconf 78' lang='lat' dir='ltr'><strong>dissonat)</strong></span> <span class='ocrx_word' id='word_1_46' title='bbox 781 1081 983 1144; x_wconf 92' lang='lat' dir='ltr'><strong>quum</strong></span> <span class='ocrx_word' id='word_1_47' title='bbox 1041 1062 1278 1124; x_wconf 87' lang='lat' dir='ltr'><strong>dicitur</strong></span> <span class='ocrx_word' id='word_1_48' title='bbox 1327 1079 1341 1123; x_wconf 81' lang='lat' dir='ltr'><strong>t</strong></span> <span class='ocrx_word' id='word_1_49' title='bbox 1404 1062 1492 1123; x_wconf 86' lang='lat' dir='ltr'><strong>Da</strong></span> <span class='ocrx_word' id='word_1_50' title='bbox 1542 1069 1752 1144; x_wconf 86' lang='lat' dir='ltr'><strong>partes</strong></span> <span class='ocrx_word' id='word_1_51' title='bbox 1808 1060 1910 1121; x_wconf 90' lang='lat' dir='ltr'><strong>his</strong></span> 
     </span>
     <span class='ocr_line' id='line_1_9' title="bbox 411 1158 1905 1243; baseline -0.003 -20"><span class='ocrx_word' id='word_1_52' title='bbox 411 1168 682 1243; x_wconf 86' lang='lat' dir='ltr'><strong>septem,</strong></span> <span class='ocrx_word' id='word_1_53' title='bbox 718 1167 780 1223; x_wconf 88' lang='lat' dir='ltr'><strong>et</strong></span> <span class='ocrx_word' id='word_1_54' title='bbox 817 1160 1076 1242; x_wconf 90' lang='lat' dir='ltr'><strong>quidem</strong></span> <span class='ocrx_word' id='word_1_55' title='bbox 1113 1160 1213 1222; x_wconf 91' lang='lat' dir='ltr'><strong>his</strong></span> <span class='ocrx_word' id='word_1_56' title='bbox 1253 1167 1413 1222; x_wconf 92' lang='lat' dir='ltr'><strong>octo.</strong></span> <span class='ocrx_word' id='word_1_57' title='bbox 1449 1159 1584 1221; x_wconf 91' lang='lat' dir='ltr'><strong>Non</strong></span> <span class='ocrx_word' id='word_1_58' title='bbox 1626 1159 1799 1221; x_wconf 89' lang='lat' dir='ltr'><strong>enim</strong></span> <span class='ocrx_word' id='word_1_59' title='bbox 1830 1158 1905 1220; x_wconf 89' lang='lat' dir='ltr'><strong>ad</strong></span> 
     </span>
     <span class='ocr_line' id='line_1_10' title="bbox 413 1256 1908 1341; baseline -0.003 -20"><span class='ocrx_word' id='word_1_60' title='bbox 413 1258 968 1341; x_wconf 79' lang='lat' dir='ltr'><strong>participationem</strong></span> <span class='ocrx_word' id='word_1_61' title='bbox 1015 1259 1290 1321; x_wconf 87' lang='lat' dir='ltr'><strong>Judaicae</strong></span> <span class='ocrx_word' id='word_1_62' title='bbox 1336 1258 1702 1320; x_wconf 79' lang='lat' dir='ltr'><strong>festivitatis</strong></span> <span class='ocrx_word' id='word_1_63' title='bbox 1749 1256 1908 1319; x_wconf 79' lang='lat' dir='ltr'><strong>aesti-</strong></span> 
     </span>
     <span class='ocr_line' id='line_1_11' title="bbox 413 1354 1906 1438; baseline -0.003 -20"><span class='ocrx_word' id='word_1_64' title='bbox 413 1358 646 1419; x_wconf 87' lang='lat' dir='ltr'><strong>manda</strong></span> <span class='ocrx_word' id='word_1_65' title='bbox 691 1364 788 1419; x_wconf 87' lang='lat' dir='ltr'><strong>cst</strong></span> <span class='ocrx_word' id='word_1_66' title='bbox 835 1356 1153 1438; x_wconf 87' lang='lat' dir='ltr'><strong>pertinere</strong></span> <span class='ocrx_word' id='word_1_67' title='bbox 1211 1356 1443 1419; x_wconf 87' lang='lat' dir='ltr'><strong>solutio</strong></span> <span class='ocrx_word' id='word_1_68' title='bbox 1502 1356 1620 1417; x_wconf 90' lang='lat' dir='ltr'><strong>ista</strong></span> <span class='ocrx_word' id='word_1_69' title='bbox 1673 1354 1906 1435; x_wconf 85' lang='lat' dir='ltr'><strong>jejunii</strong></span> 
     </span>
     <span class='ocr_line' id='line_1_12' title="bbox 409 1451 1905 1537; baseline -0.003 -20"><span class='ocrx_word' id='word_1_70' title='bbox 409 1455 676 1518; x_wconf 88' lang='lat' dir='ltr'><strong>sabbato</strong></span> <span class='ocrx_word' id='word_1_71' title='bbox 720 1455 844 1529; x_wconf 90' lang='lat' dir='ltr'><strong>die,</strong></span> <span class='ocrx_word' id='word_1_72' title='bbox 897 1454 1249 1537; x_wconf 83' lang='lat' dir='ltr'><strong>praesertim</strong></span> <span class='ocrx_word' id='word_1_73' title='bbox 1298 1454 1399 1515; x_wconf 90' lang='lat' dir='ltr'><strong>his</strong></span> <span class='ocrx_word' id='word_1_74' title='bbox 1446 1453 1557 1534; x_wconf 90' lang='lat' dir='ltr'><strong>qui</strong></span> <span class='ocrx_word' id='word_1_75' title='bbox 1601 1451 1681 1514; x_wconf 89' lang='lat' dir='ltr'><strong>ab</strong></span> <span class='ocrx_word' id='word_1_76' title='bbox 1731 1452 1905 1514; x_wconf 91' lang='lat' dir='ltr'><strong>omni</strong></span> 
     </span>
     <span class='ocr_line' id='line_1_13' title="bbox 409 1550 1905 1634; baseline -0.001 -21"><span class='ocrx_word' id='word_1_77' title='bbox 409 1553 673 1615; x_wconf 87' lang='lat' dir='ltr'><strong>Judaica</strong></span> <span class='ocrx_word' id='word_1_78' title='bbox 719 1551 1170 1634; x_wconf 79' lang='lat' dir='ltr'><strong>superstitione</strong></span> <span class='ocrx_word' id='word_1_79' title='bbox 1219 1558 1364 1613; x_wconf 89' lang='lat' dir='ltr'><strong>sunt</strong></span> <span class='ocrx_word' id='word_1_80' title='bbox 1410 1550 1625 1623; x_wconf 88' lang='lat' dir='ltr'><strong>alieni,</strong></span> <span class='ocrx_word' id='word_1_81' title='bbox 1674 1550 1783 1613; x_wconf 89' lang='lat' dir='ltr'><strong>sed</strong></span> <span class='ocrx_word' id='word_1_82' title='bbox 1827 1550 1905 1611; x_wconf 89' lang='lat' dir='ltr'><strong>ad</strong></span> 
     </span>
     <span class='ocr_line' id='line_1_14' title="bbox 409 1648 1906 1732; baseline -0.003 -20"><span class='ocrx_word' id='word_1_83' title='bbox 409 1652 925 1732; x_wconf 81' lang='lat' dir='ltr'><strong>repausationem</strong></span> <span class='ocrx_word' id='word_1_84' title='bbox 985 1649 1269 1731; x_wconf 91' lang='lat' dir='ltr'><strong>corporis</strong></span> <span class='ocrx_word' id='word_1_85' title='bbox 1330 1648 1500 1721; x_wconf 88' lang='lat' dir='ltr'><strong>lassi,</strong></span> <span class='ocrx_word' id='word_1_86' title='bbox 1564 1648 1732 1730; x_wconf 90' lang='lat' dir='ltr'><strong>quod</strong></span> <span class='ocrx_word' id='word_1_87' title='bbox 1791 1666 1906 1729; x_wconf 88' lang='lat' dir='ltr'><strong>per</strong></span> 
     </span>
     <span class='ocr_line' id='line_1_15' title="bbox 411 1745 1905 1828; baseline -0.003 -19"><span class='ocrx_word' id='word_1_88' title='bbox 411 1746 695 1828; x_wconf 88' lang='lat' dir='ltr'><strong>singulas</strong></span> <span class='ocrx_word' id='word_1_89' title='bbox 741 1747 892 1808; x_wconf 90' lang='lat' dir='ltr'><strong>anni</strong></span> <span class='ocrx_word' id='word_1_90' title='bbox 951 1746 1378 1808; x_wconf 85' lang='lat' dir='ltr'><strong>hebdomades</strong></span> <span class='ocrx_word' id='word_1_91' title='bbox 1437 1745 1721 1827; x_wconf 89' lang='lat' dir='ltr'><strong>quinque</strong></span> <span class='ocrx_word' id='word_1_92' title='bbox 1778 1745 1905 1805; x_wconf 88' lang='lat' dir='ltr'><strong>die-</strong></span> 
     </span>
    </p>
   </div>
   <div class='ocr_carea' id='block_1_5' title="bbox 2014 766 3516 1811">
    <p class='ocr_par' dir='ltr' id='par_1_5' title="bbox 2014 766 3516 1811">
     <span class='ocr_line' id='line_1_16' title="bbox 2020 766 3511 849; baseline 0.001 -21"><span class='ocrx_word' id='word_1_93' title='bbox 2020 767 2336 829; x_wconf 90' lang='lat' dir='ltr'><strong>solventes</strong></span> <span class='ocrx_word' id='word_1_94' title='bbox 2371 768 2696 830; x_wconf 90' lang='lat' dir='ltr'><strong>solennius</strong></span> <span class='ocrx_word' id='word_1_95' title='bbox 2726 776 2915 849; x_wconf 88' lang='lat' dir='ltr'><strong>atque</strong></span> <span class='ocrx_word' id='word_1_96' title='bbox 2946 768 3372 830; x_wconf 88' lang='lat' dir='ltr'><strong>abundantius</strong></span> <span class='ocrx_word' id='word_1_97' title='bbox 3402 766 3511 829; x_wconf 90' lang='lat' dir='ltr'><strong>ali-</strong></span> 
     </span>
     <span class='ocr_line' id='line_1_17' title="bbox 2019 864 3511 948; baseline 0.001 -24"><span class='ocrx_word' id='word_1_98' title='bbox 2019 864 2173 945; x_wconf 87' lang='lat' dir='ltr'><strong>quid</strong></span> <span class='ocrx_word' id='word_1_99' title='bbox 2217 865 2575 928; x_wconf 87' lang='lat' dir='ltr'><strong>orationum</strong></span> <span class='ocrx_word' id='word_1_100' title='bbox 2622 874 2686 927; x_wconf 89' lang='lat' dir='ltr'><strong>et</strong></span> <span class='ocrx_word' id='word_1_101' title='bbox 2733 866 3125 948; x_wconf 86' lang='lat' dir='ltr'><strong>psalmorum</strong></span> <span class='ocrx_word' id='word_1_102' title='bbox 3175 884 3287 927; x_wconf 90' lang='lat' dir='ltr'><strong>seu</strong></span> <span class='ocrx_word' id='word_1_103' title='bbox 3338 864 3511 926; x_wconf 90' lang='lat' dir='ltr'><strong>lecti-</strong></span> 
     </span>
     <span class='ocr_line' id='line_1_18' title="bbox 2019 961 3510 1044; baseline -0.001 -21"><span class='ocrx_word' id='word_1_104' title='bbox 2019 979 2215 1023; x_wconf 92' lang='lat' dir='ltr'><strong>onum</strong></span> <span class='ocrx_word' id='word_1_105' title='bbox 2264 980 2381 1044; x_wconf 89' lang='lat' dir='ltr'><strong>pro</strong></span> <span class='ocrx_word' id='word_1_106' title='bbox 2430 963 2785 1025; x_wconf 86' lang='lat' dir='ltr'><strong>reverentia</strong></span> <span class='ocrx_word' id='word_1_107' title='bbox 2828 962 3030 1044; x_wconf 91' lang='lat' dir='ltr'><strong>ipsius</strong></span> <span class='ocrx_word' id='word_1_108' title='bbox 3081 963 3362 1025; x_wconf 84' lang='lat' dir='ltr'><strong>collectae</strong></span> <span class='ocrx_word' id='word_1_109' title='bbox 3410 961 3510 1023; x_wconf 84' lang='lat' dir='ltr'><strong>vel</strong></span> 
     </span>
     <span class='ocr_line' id='line_1_19' title="bbox 2019 1060 3513 1142; baseline 0 -21"><span class='ocrx_word' id='word_1_110' title='bbox 2019 1061 2491 1123; x_wconf 82' lang='lat' dir='ltr'><strong>communionis</strong></span> <span class='ocrx_word' id='word_1_111' title='bbox 2530 1061 2892 1136; x_wconf 83' lang='lat' dir='ltr'><strong>dominicae,</strong></span> <span class='ocrx_word' id='word_1_112' title='bbox 2926 1060 2992 1123; x_wconf 92' lang='lat' dir='ltr'><strong>in</strong></span> <span class='ocrx_word' id='word_1_113' title='bbox 3024 1062 3162 1142; x_wconf 89' lang='lat' dir='ltr'><strong>ipsa</strong></span> <span class='ocrx_word' id='word_1_114' title='bbox 3196 1061 3391 1123; x_wconf 89' lang='lat' dir='ltr'><strong>missa</strong></span> <span class='ocrx_word' id='word_1_115' title='bbox 3422 1079 3513 1122; x_wconf 90' lang='lat' dir='ltr'><strong>re·</strong></span> 
     </span>
     <span class='ocr_line' id='line_1_20' title="bbox 2018 1158 3513 1240; baseline 0.001 -21"><span class='ocrx_word' id='word_1_116' title='bbox 2018 1166 2245 1238; x_wconf 87' lang='lat' dir='ltr'><strong>putant</strong></span> <span class='ocrx_word' id='word_1_117' title='bbox 2284 1158 2557 1220; x_wconf 87' lang='lat' dir='ltr'><strong>Tertiam</strong></span> <span class='ocrx_word' id='word_1_118' title='bbox 2605 1168 2668 1221; x_wconf 86' lang='lat' dir='ltr'><strong>et</strong></span> <span class='ocrx_word' id='word_1_119' title='bbox 2716 1159 2967 1221; x_wconf 85' lang='lat' dir='ltr'><strong>Sextam</strong></span> <span class='ocrx_word' id='word_1_120' title='bbox 3019 1158 3257 1240; x_wconf 88' lang='lat' dir='ltr'><strong>pariter</strong></span> <span class='ocrx_word' id='word_1_121' title='bbox 3298 1174 3513 1240; x_wconf 92' lang='lat' dir='ltr'><strong>perso-</strong></span> 
     </span>
     <span class='ocr_line' id='line_1_21' title="bbox 2020 1256 3511 1337; baseline 0.001 -21"><span class='ocrx_word' id='word_1_122' title='bbox 2020 1256 2218 1317; x_wconf 88' lang='lat' dir='ltr'><strong>lutam</strong></span> <span class='ocrx_word' id='word_1_123' title='bbox 2265 1265 2375 1318; x_wconf 88' lang='lat' dir='ltr'><strong>aut</strong></span> <span class='ocrx_word' id='word_1_124' title='bbox 2417 1264 2946 1319; x_wconf 86' lang='lat' dir='ltr'><strong>consummatam.</strong></span> <span class='ocrx_word' id='word_1_125' title='bbox 2990 1257 3081 1319; x_wconf 91' lang='lat' dir='ltr'><strong>Ita</strong></span> <span class='ocrx_word' id='word_1_126' title='bbox 3130 1256 3300 1337; x_wconf 90' lang='lat' dir='ltr'><strong>quod</strong></span> <span class='ocrx_word' id='word_1_127' title='bbox 3350 1256 3511 1317; x_wconf 91' lang='lat' dir='ltr'><strong>nihil</strong></span> 
     </span>
     <span class='ocr_line' id='line_1_22' title="bbox 2018 1354 3516 1435; baseline 0 -20"><span class='ocrx_word' id='word_1_128' title='bbox 2018 1354 2437 1416; x_wconf 84' lang='lat' dir='ltr'><strong>imminuatur</strong></span> <span class='ocrx_word' id='word_1_129' title='bbox 2489 1355 2828 1417; x_wconf 89' lang='lat' dir='ltr'><strong>lectionum</strong></span> <span class='ocrx_word' id='word_1_130' title='bbox 2881 1354 3257 1435; x_wconf 84' lang='lat' dir='ltr'><strong>adjectione,</strong></span> <span class='ocrx_word' id='word_1_131' title='bbox 3310 1362 3373 1416; x_wconf 91' lang='lat' dir='ltr'><strong>et</strong></span> <span class='ocrx_word' id='word_1_132' title='bbox 3422 1354 3516 1415; x_wconf 90' lang='lat' dir='ltr'><strong>ni-</strong></span> 
     </span>
     <span class='ocr_line' id='line_1_23' title="bbox 2017 1451 3510 1532; baseline 0 -19"><span class='ocrx_word' id='word_1_133' title='bbox 2017 1451 2148 1514; x_wconf 90' lang='lat' dir='ltr'><strong>hilo</strong></span> <span class='ocrx_word' id='word_1_134' title='bbox 2181 1453 2394 1514; x_wconf 91' lang='lat' dir='ltr'><strong>minus</strong></span> <span class='ocrx_word' id='word_1_135' title='bbox 2424 1452 2790 1514; x_wconf 81' lang='lat' dir='ltr'><strong>differentia</strong></span> <span class='ocrx_word' id='word_1_136' title='bbox 2821 1451 3034 1514; x_wconf 87' lang='lat' dir='ltr'><strong>Officii</strong></span> <span class='ocrx_word' id='word_1_137' title='bbox 3068 1470 3179 1513; x_wconf 89' lang='lat' dir='ltr'><strong>seu</strong></span> <span class='ocrx_word' id='word_1_138' title='bbox 3220 1453 3510 1532; x_wconf 82' lang='lat' dir='ltr'><strong>quaedam</strong></span> 
     </span>
     <span class='ocr_line' id='line_1_24' title="bbox 2015 1550 3509 1630; baseline -0.001 -19"><span class='ocrx_word' id='word_1_139' title='bbox 2015 1551 2306 1613; x_wconf 88' lang='lat' dir='ltr'><strong>remissio</strong></span> <span class='ocrx_word' id='word_1_140' title='bbox 2336 1550 2659 1612; x_wconf 89' lang='lat' dir='ltr'><strong>Fratribus</strong></span> <span class='ocrx_word' id='word_1_141' title='bbox 2698 1550 3090 1612; x_wconf 89' lang='lat' dir='ltr'><strong>condonetur</strong></span> <span class='ocrx_word' id='word_1_142' title='bbox 3118 1557 3376 1630; x_wconf 92' lang='lat' dir='ltr'><strong>propter</strong></span> <span class='ocrx_word' id='word_1_143' title='bbox 3415 1568 3509 1611; x_wconf 89' lang='lat' dir='ltr'><strong>re-</strong></span> 
     </span>
     <span class='ocr_line' id='line_1_25' title="bbox 2014 1647 3510 1729; baseline 0 -18"><span class='ocrx_word' id='word_1_144' title='bbox 2014 1650 2370 1711; x_wconf 87' lang='lat' dir='ltr'><strong>verentiam</strong></span> <span class='ocrx_word' id='word_1_145' title='bbox 2418 1649 2903 1712; x_wconf 88' lang='lat' dir='ltr'><strong>resurrectionis</strong></span> <span class='ocrx_word' id='word_1_146' title='bbox 2960 1647 3317 1723; x_wconf 71' lang='lat' dir='ltr'><strong>dominicae,</strong></span> <span class='ocrx_word' id='word_1_147' title='bbox 3369 1667 3510 1729; x_wconf 82' lang='lat' dir='ltr'><strong>quae</strong></span> 
     </span>
     <span class='ocr_line' id='line_1_26' title="bbox 2016 1746 3510 1811; baseline -0.001 -3"><span class='ocrx_word' id='word_1_148' title='bbox 2016 1746 2208 1809; x_wconf 90' lang='lat' dir='ltr'><strong>totius</strong></span> <span class='ocrx_word' id='word_1_149' title='bbox 2252 1748 2665 1811; x_wconf 68' lang='lat' dir='ltr'><strong>hebdomadae</strong></span> <span class='ocrx_word' id='word_1_150' title='bbox 2712 1746 3181 1809; x_wconf 83' lang='lat' dir='ltr'><strong>observantiam</strong></span> <span class='ocrx_word' id='word_1_151' title='bbox 3230 1746 3510 1808; x_wconf 84' lang='lat' dir='ltr'><strong>relaxare</strong></span> 
     </span>
    </p>
   </div>
   <div class='ocr_carea' id='block_1_6' title="bbox 409 1842 3511 1927">
    <p class='ocr_par' dir='ltr' id='par_1_6' title="bbox 409 1842 3511 1927">
     <span class='ocr_line' id='line_1_27' title="bbox 409 1842 3511 1927; baseline -0.001 -20"><span class='ocrx_word' id='word_1_152' title='bbox 409 1844 532 1907; x_wconf 90' lang='lat' dir='ltr'><strong>bus</strong></span> <span class='ocrx_word' id='word_1_153' title='bbox 587 1845 885 1927; x_wconf 89' lang='lat' dir='ltr'><strong>jejunans</strong></span> <span class='ocrx_word' id='word_1_154' title='bbox 948 1843 1222 1906; x_wconf 89' lang='lat' dir='ltr'><strong>faciliter</strong></span> <span class='ocrx_word' id='word_1_155' title='bbox 1270 1842 1567 1924; x_wconf 86' lang='lat' dir='ltr'><strong>fatigatur</strong></span> <span class='ocrx_word' id='word_1_156' title='bbox 1615 1862 1688 1905; x_wconf 92' lang='lat' dir='ltr'><strong>ac</strong></span> <span class='ocrx_word' id='word_1_157' title='bbox 1745 1842 1902 1904; x_wconf 89' lang='lat' dir='ltr'><strong>defi-</strong></span> <span class='ocrx_word' id='word_1_158' title='bbox 1938 1847 1986 1909; x_wconf 91' lang='grc' dir='ltr'>Β</span> <span class='ocrx_word' id='word_1_159' title='bbox 2015 1844 2310 1924; x_wconf 86' lang='lat' dir='ltr'><strong>videtur3</strong></span> <span class='ocrx_word' id='word_1_160' title='bbox 2344 1854 2407 1907; x_wconf 89' lang='lat' dir='ltr'><strong>et</strong></span> <span class='ocrx_word' id='word_1_161' title='bbox 2452 1862 2567 1927; x_wconf 91' lang='lat' dir='ltr'><strong>pro</strong></span> <span class='ocrx_word' id='word_1_162' title='bbox 2609 1845 2728 1906; x_wconf 89' lang='lat' dir='ltr'><strong>hac</strong></span> <span class='ocrx_word' id='word_1_163' title='bbox 2775 1844 2912 1926; x_wconf 88' lang='lat' dir='ltr'><strong>ipsa</strong></span> <span class='ocrx_word' id='word_1_164' title='bbox 2955 1843 3322 1906; x_wconf 84' lang='lat' dir='ltr'><strong>differentia</strong></span> <span class='ocrx_word' id='word_1_165' title='bbox 3369 1862 3511 1924; x_wconf 81' lang='lat' dir='ltr'><strong>quae</strong></span> 
     </span>
    </p>
   </div>
   <div class='ocr_carea' id='block_1_7' title="bbox 409 1940 1903 2115">
    <p class='ocr_par' dir='ltr' id='par_1_7' title="bbox 409 1940 1903 2115">
     <span class='ocr_line' id='line_1_28' title="bbox 409 1940 1903 2017; baseline -0.001 -12"><span class='ocrx_word' id='word_1_166' title='bbox 409 1944 518 2017; x_wconf 89' lang='lat' dir='ltr'><strong>cit,</strong></span> <span class='ocrx_word' id='word_1_167' title='bbox 562 1942 976 2006; x_wconf 78' lang='lat' dir='ltr'><strong>nisi-duobus</strong></span> <span class='ocrx_word' id='word_1_168' title='bbox 1015 1942 1264 2017; x_wconf 85' lang='lat' dir='ltr'><strong>diebuS,</strong></span> <span class='ocrx_word' id='word_1_169' title='bbox 1297 1942 1594 2004; x_wconf 89' lang='lat' dir='ltr'><strong>videlicet</strong></span> <span class='ocrx_word' id='word_1_170' title='bbox 1641 1940 1903 2004; x_wconf 87' lang='lat' dir='ltr'><strong>sabbato</strong></span> 
     </span>
     <span class='ocr_line' id='line_1_29' title="bbox 409 2041 1319 2115; baseline -0.001 -13"><span class='ocrx_word' id='word_1_171' title='bbox 409 2050 474 2103; x_wconf 89' lang='lat' dir='ltr'><strong>et</strong></span> <span class='ocrx_word' id='word_1_172' title='bbox 513 2041 860 2115; x_wconf 89' lang='lat' dir='ltr'><strong>dominica,</strong></span> <span class='ocrx_word' id='word_1_173' title='bbox 910 2041 1319 2104; x_wconf 89' lang='lat' dir='ltr'><strong>refocilletur.</strong></span> 
     </span>
    </p>
   </div>
   <div class='ocr_carea' id='block_1_8' title="bbox 825 2266 1477 2333">
    <p class='ocr_par' dir='ltr' id='par_1_8' title="bbox 825 2266 1477 2333">
     <span class='ocr_line' id='line_1_30' title="bbox 825 2266 1477 2333; baseline -0.006 0"><span class='ocrx_word' id='word_1_174' title='bbox 825 2267 1330 2333; x_wconf 84' lang='lat' dir='ltr'><strong>CAPITULUM</strong></span> <span class='ocrx_word' id='word_1_175' title='bbox 1387 2266 1477 2329; x_wconf 90' lang='lat' dir='ltr'><strong>X.</strong></span> 
     </span>
    </p>
   </div>
   <div class='ocr_carea' id='block_1_9' title="bbox 489 2383 1831 2547">
    <p class='ocr_par' dir='ltr' id='par_1_9' title="bbox 489 2383 1831 2547">
     <span class='ocr_line' id='line_1_31' title="bbox 489 2383 1831 2459; baseline -0.005 -15"><span class='ocrx_word' id='word_1_176' title='bbox 489 2389 656 2444; x_wconf 83' lang='lat' dir='ltr'><strong>Unde</strong></span> <span class='ocrx_word' id='word_1_177' title='bbox 684 2389 915 2459; x_wconf 79' lang='lat' dir='ltr'><strong>factum</strong></span> <span class='ocrx_word' id='word_1_178' title='bbox 942 2389 1046 2452; x_wconf 84' lang='lat' dir='ltr'><strong>sit,</strong></span> <span class='ocrx_word' id='word_1_179' title='bbox 1079 2394 1144 2444; x_wconf 87' lang='lat' dir='ltr'><strong>ut</strong></span> <span class='ocrx_word' id='word_1_180' title='bbox 1175 2388 1242 2442; x_wconf 82' lang='lat' dir='ltr'><strong>in</strong></span> <span class='ocrx_word' id='word_1_181' title='bbox 1273 2387 1430 2442; x_wconf 82' lang='lat' dir='ltr'><strong>Urbe</strong></span> <span class='ocrx_word' id='word_1_182' title='bbox 1459 2386 1562 2440; x_wconf 87' lang='lat' dir='ltr'><strong>die</strong></span> <span class='ocrx_word' id='word_1_183' title='bbox 1588 2383 1831 2439; x_wconf 82' lang='lat' dir='ltr'><strong>sabbati</strong></span> 
     </span>
     <span class='ocr_line' id='line_1_32' title="bbox 987 2474 1331 2547; baseline -0.012 -15"><span class='ocrx_word' id='word_1_184' title='bbox 987 2474 1331 2547; x_wconf 81' lang='lat' dir='ltr'><strong>jejunetur.</strong></span> 
     </span>
    </p>
   </div>
   <div class='ocr_carea' id='block_1_10' title="bbox 405 2625 1900 3003">
    <p class='ocr_par' dir='ltr' id='par_1_10' title="bbox 405 2625 1900 3003">
     <span class='ocr_line' id='line_1_33' title="bbox 559 2625 1900 2709; baseline -0.001 -20"><span class='ocrx_word' id='word_1_185' title='bbox 559 2629 735 2690; x_wconf 83' lang='lat' dir='ltr'><strong>UJUS</strong></span> <span class='ocrx_word' id='word_1_186' title='bbox 771 2627 1224 2689; x_wconf 87' lang='lat' dir='ltr'><strong>moderationis</strong></span> <span class='ocrx_word' id='word_1_187' title='bbox 1258 2645 1512 2689; x_wconf 88' lang='lat' dir='ltr'><strong>causam</strong></span> <span class='ocrx_word' id='word_1_188' title='bbox 1543 2627 1802 2709; x_wconf 89' lang='lat' dir='ltr'><strong>quidam</strong></span> <span class='ocrx_word' id='word_1_189' title='bbox 1835 2625 1900 2687; x_wconf 91' lang='lat' dir='ltr'><strong>in</strong></span> 
     </span>
     <span class='ocr_line' id='line_1_34' title="bbox 576 2724 1898 2805; baseline -0.003 -17"><span class='ocrx_word' id='word_1_190' title='bbox 576 2724 1082 2788; x_wconf 86' lang='lat' dir='ltr'><strong>occidentalibus</strong></span> <span class='ocrx_word' id='word_1_191' title='bbox 1120 2724 1484 2787; x_wconf 84' lang='lat' dir='ltr'><strong>civitatibus</strong></span> <span class='ocrx_word' id='word_1_192' title='bbox 1517 2725 1898 2805; x_wconf 84' lang='lat' dir='ltr'><strong>ignorantes,</strong></span> 
     </span>
     <span class='ocr_line' id='line_1_35' title="bbox 405 2822 1900 2905; baseline -0.001 -20"><span class='ocrx_word' id='word_1_193' title='bbox 405 2824 550 2886; x_wconf 88' lang='lat' dir='ltr'><strong>ideo</strong></span> <span class='ocrx_word' id='word_1_194' title='bbox 604 2831 833 2905; x_wconf 86' lang='lat' dir='ltr'><strong>putant</strong></span> <span class='ocrx_word' id='word_1_195' title='bbox 892 2822 1216 2904; x_wconf 86' lang='lat' dir='ltr'><strong>jejunium</strong></span> <span class='ocrx_word' id='word_1_196' title='bbox 1274 2822 1534 2886; x_wconf 87' lang='lat' dir='ltr'><strong>sabbato</strong></span> <span class='ocrx_word' id='word_1_197' title='bbox 1585 2839 1711 2885; x_wconf 92' lang='lat' dir='ltr'><strong>non</strong></span> <span class='ocrx_word' id='word_1_198' title='bbox 1761 2840 1900 2883; x_wconf 89' lang='lat' dir='ltr'><strong>esse</strong></span> 
     </span>
     <span class='ocr_line' id='line_1_36' title="bbox 405 2919 1900 3003; baseline -0.002 -20"><span class='ocrx_word' id='word_1_199' title='bbox 405 2921 850 3003; x_wconf 85' lang='lat' dir='ltr'><strong>frangendum,</strong></span> <span class='ocrx_word' id='word_1_200' title='bbox 899 2921 1201 3003; x_wconf 88' lang='lat' dir='ltr'><strong>quoniam</strong></span> <span class='ocrx_word' id='word_1_201' title='bbox 1245 2919 1499 2982; x_wconf 83' lang='lat' dir='ltr'><strong>Petrum</strong></span> <span class='ocrx_word' id='word_1_202' title='bbox 1541 2919 1900 3002; x_wconf 92' lang='lat' dir='ltr'><strong>apostolum</strong></span> 
     </span>
    </p>
   </div>
   <div class='ocr_carea' id='block_1_11' title="bbox 405 3018 1978 3099">
    <p class='ocr_par' dir='ltr' id='par_1_11' title="bbox 405 3018 1978 3099">
     <span class='ocr_line' id='line_1_37' title="bbox 405 3018 1978 3099; baseline 0.001 -18"><span class='ocrx_word' id='word_1_203' title='bbox 405 3019 514 3081; x_wconf 91' lang='lat' dir='ltr'><strong>die</strong></span> <span class='ocrx_word' id='word_1_204' title='bbox 568 3019 682 3081; x_wconf 93' lang='lat' dir='ltr'><strong>illo</strong></span> <span class='ocrx_word' id='word_1_205' title='bbox 737 3026 1029 3081; x_wconf 87' lang='lat' dir='ltr'><strong>asserunt</strong></span> <span class='ocrx_word' id='word_1_206' title='bbox 1078 3018 1422 3099; x_wconf 82' lang='lat' dir='ltr'><strong>jejunasse,</strong></span> <span class='ocrx_word' id='word_1_207' title='bbox 1475 3018 1628 3079; x_wconf 92' lang='lat' dir='ltr'><strong>dum</strong></span> <span class='ocrx_word' id='word_1_208' title='bbox 1687 3024 1905 3079; x_wconf 90' lang='lat' dir='ltr'><strong>contra</strong></span> <span class='ocrx_word' id='word_1_209' title='bbox 1935 3018 1978 3082; x_wconf 89' lang='lat' dir='ltr'>C</span> 
     </span>
    </p>
   </div>
   <div class='ocr_carea' id='block_1_12' title="bbox 401 3113 1909 4160">
    <p class='ocr_par' dir='ltr' id='par_1_12' title="bbox 401 3113 1909 4160">
     <span class='ocr_line' id='line_1_38' title="bbox 405 3113 1904 3198; baseline -0.004 -19"><span class='ocrx_word' id='word_1_210' title='bbox 405 3116 732 3179; x_wconf 87' lang='lat' dir='ltr'><strong>Simonem</strong></span> <span class='ocrx_word' id='word_1_211' title='bbox 779 3134 1035 3198; x_wconf 85' lang='lat' dir='ltr'><strong>magum</strong></span> <span class='ocrx_word' id='word_1_212' title='bbox 1079 3115 1285 3177; x_wconf 89' lang='lat' dir='ltr'><strong>fuerat</strong></span> <span class='ocrx_word' id='word_1_213' title='bbox 1331 3114 1767 3177; x_wconf 87' lang='lat' dir='ltr'><strong>conflicturus.</strong></span> <span class='ocrx_word' id='word_1_214' title='bbox 1814 3113 1904 3175; x_wconf 89' lang='lat' dir='ltr'><strong>Ex</strong></span> 
     </span>
     <span class='ocr_line' id='line_1_39' title="bbox 405 3213 1902 3298; baseline -0.003 -22"><span class='ocrx_word' id='word_1_215' title='bbox 405 3234 540 3297; x_wconf 91' lang='lat' dir='ltr'><strong>quo</strong></span> <span class='ocrx_word' id='word_1_216' title='bbox 576 3216 788 3297; x_wconf 88' lang='lat' dir='ltr'><strong>potius</strong></span> <span class='ocrx_word' id='word_1_217' title='bbox 827 3222 1002 3298; x_wconf 87' lang='lat' dir='ltr'><strong>patet</strong></span> <span class='ocrx_word' id='word_1_218' title='bbox 1042 3232 1170 3277; x_wconf 92' lang='lat' dir='ltr'><strong>non</strong></span> <span class='ocrx_word' id='word_1_219' title='bbox 1215 3214 1443 3276; x_wconf 88' lang='lat' dir='ltr'><strong>fecisse</strong></span> <span class='ocrx_word' id='word_1_220' title='bbox 1489 3214 1608 3275; x_wconf 91' lang='lat' dir='ltr'><strong>hoc</strong></span> <span class='ocrx_word' id='word_1_221' title='bbox 1650 3213 1902 3275; x_wconf 89' lang='lat' dir='ltr'><strong>Petrum</strong></span> 
     </span>
     <span class='ocr_line' id='line_1_40' title="bbox 405 3310 1903 3394; baseline -0.002 -20"><span class='ocrx_word' id='word_1_222' title='bbox 405 3314 680 3394; x_wconf 88' lang='lat' dir='ltr'><strong>regulari</strong></span> <span class='ocrx_word' id='word_1_223' title='bbox 731 3314 1214 3387; x_wconf 89' lang='lat' dir='ltr'><strong>consuetudine,</strong></span> <span class='ocrx_word' id='word_1_224' title='bbox 1268 3313 1378 3375; x_wconf 91' lang='lat' dir='ltr'><strong>sed</strong></span> <span class='ocrx_word' id='word_1_225' title='bbox 1427 3312 1724 3374; x_wconf 88' lang='lat' dir='ltr'><strong>instantis</strong></span> <span class='ocrx_word' id='word_1_226' title='bbox 1777 3310 1903 3372; x_wconf 90' lang='lat' dir='ltr'><strong>dis-</strong></span> 
     </span>
     <span class='ocr_line' id='line_1_41' title="bbox 403 3410 1904 3493; baseline -0.002 -21"><span class='ocrx_word' id='word_1_227' title='bbox 403 3412 756 3493; x_wconf 87' lang='lat' dir='ltr'><strong>putationis</strong></span> <span class='ocrx_word' id='word_1_228' title='bbox 801 3412 1194 3473; x_wconf 86' lang='lat' dir='ltr'><strong>necessitate.</strong></span> <span class='ocrx_word' id='word_1_229' title='bbox 1239 3410 1480 3492; x_wconf 87' lang='lat' dir='ltr'><strong>Nempe</strong></span> <span class='ocrx_word' id='word_1_230' title='bbox 1526 3427 1640 3491; x_wconf 93' lang='lat' dir='ltr'><strong>pro</strong></span> <span class='ocrx_word' id='word_1_231' title='bbox 1680 3410 1796 3471; x_wconf 88' lang='lat' dir='ltr'><strong>hac</strong></span> <span class='ocrx_word' id='word_1_232' title='bbox 1835 3427 1904 3470; x_wconf 90' lang='lat' dir='ltr'><strong>re</strong></span> 
     </span>
     <span class='ocr_line' id='line_1_42' title="bbox 403 3507 1907 3588; baseline -0.001 -18"><span class='ocrx_word' id='word_1_233' title='bbox 403 3509 660 3571; x_wconf 86' lang='lat' dir='ltr'><strong>videtur</strong></span> <span class='ocrx_word' id='word_1_234' title='bbox 701 3510 920 3571; x_wconf 88' lang='lat' dir='ltr'><strong>Petrus</strong></span> <span class='ocrx_word' id='word_1_235' title='bbox 966 3508 1270 3571; x_wconf 85' lang='lat' dir='ltr'><strong>indixisse</strong></span> <span class='ocrx_word' id='word_1_236' title='bbox 1315 3508 1405 3569; x_wconf 92' lang='lat' dir='ltr'><strong>ibi</strong></span> <span class='ocrx_word' id='word_1_237' title='bbox 1451 3507 1584 3569; x_wconf 90' lang='lat' dir='ltr'><strong>suis</strong></span> <span class='ocrx_word' id='word_1_238' title='bbox 1629 3507 1907 3588; x_wconf 90' lang='lat' dir='ltr'><strong>discipu-</strong></span> 
     </span>
     <span class='ocr_line' id='line_1_43' title="bbox 403 3605 1905 3689; baseline -0.001 -21"><span class='ocrx_word' id='word_1_239' title='bbox 403 3608 488 3669; x_wconf 89' lang='lat' dir='ltr'><strong>lis</strong></span> <span class='ocrx_word' id='word_1_240' title='bbox 529 3608 824 3689; x_wconf 88' lang='lat' dir='ltr'><strong>speciale,</strong></span> <span class='ocrx_word' id='word_1_241' title='bbox 859 3624 986 3670; x_wconf 94' lang='lat' dir='ltr'><strong>non</strong></span> <span class='ocrx_word' id='word_1_242' title='bbox 1023 3607 1314 3689; x_wconf 86' lang='lat' dir='ltr'><strong>generale</strong></span> <span class='ocrx_word' id='word_1_243' title='bbox 1349 3606 1691 3687; x_wconf 84' lang='lat' dir='ltr'><strong>jejunium.</strong></span> <span class='ocrx_word' id='word_1_244' title='bbox 1729 3605 1905 3678; x_wconf 87' lang='lat' dir='ltr'><strong>Quod</strong></span> 
     </span>
     <span class='ocr_line' id='line_1_44' title="bbox 403 3703 1908 3788; baseline 0.001 -23"><span class='ocrx_word' id='word_1_245' title='bbox 403 3706 630 3788; x_wconf 88' lang='lat' dir='ltr'><strong>utique</strong></span> <span class='ocrx_word' id='word_1_246' title='bbox 669 3724 798 3768; x_wconf 90' lang='lat' dir='ltr'><strong>non</strong></span> <span class='ocrx_word' id='word_1_247' title='bbox 838 3704 1114 3778; x_wconf 86' lang='lat' dir='ltr'><strong>fecisset,</strong></span> <span class='ocrx_word' id='word_1_248' title='bbox 1149 3704 1203 3767; x_wconf 90' lang='lat' dir='ltr'><strong>si</strong></span> <span class='ocrx_word' id='word_1_249' title='bbox 1243 3704 1602 3785; x_wconf 81' lang='lat' dir='ltr'><strong>agnovisset</strong></span> <span class='ocrx_word' id='word_1_250' title='bbox 1641 3703 1908 3766; x_wconf 86' lang='lat' dir='ltr'><strong>sabbato</strong></span> 
     </span>
     <span class='ocr_line' id='line_1_45' title="bbox 401 3801 1902 3883; baseline -0.001 -20"><span class='ocrx_word' id='word_1_251' title='bbox 401 3821 546 3864; x_wconf 87' lang='lat' dir='ltr'><strong>esse</strong></span> <span class='ocrx_word' id='word_1_252' title='bbox 597 3802 868 3883; x_wconf 82' lang='lat' dir='ltr'><strong>regulari</strong></span> <span class='ocrx_word' id='word_1_253' title='bbox 917 3802 1374 3865; x_wconf 88' lang='lat' dir='ltr'><strong>consuetudine</strong></span> <span class='ocrx_word' id='word_1_254' title='bbox 1419 3801 1842 3881; x_wconf 86' lang='lat' dir='ltr'><strong>jejunandum</strong></span> <span class='ocrx_word' id='word_1_255' title='bbox 1889 3817 1902 3862; x_wconf 76' lang='grc' dir='ltr'>ε</span> 
     </span>
     <span class='ocr_line' id='line_1_46' title="bbox 401 3900 1906 3981; baseline -0.001 -19"><span class='ocrx_word' id='word_1_256' title='bbox 401 3920 558 3962; x_wconf 87' lang='lat' dir='ltr'><strong>nam</strong></span> <span class='ocrx_word' id='word_1_257' title='bbox 599 3908 662 3962; x_wconf 86' lang='lat' dir='ltr'><strong>et</strong></span> <span class='ocrx_word' id='word_1_258' title='bbox 700 3901 871 3962; x_wconf 90' lang='lat' dir='ltr'><strong>idem</strong></span> <span class='ocrx_word' id='word_1_259' title='bbox 907 3900 1228 3981; x_wconf 88' lang='lat' dir='ltr'><strong>jejunium</strong></span> <span class='ocrx_word' id='word_1_260' title='bbox 1269 3900 1372 3961; x_wconf 88' lang='lat' dir='ltr'><strong>die</strong></span> <span class='ocrx_word' id='word_1_261' title='bbox 1412 3900 1736 3962; x_wconf 88' lang='lat' dir='ltr'><strong>dominica</strong></span> <span class='ocrx_word' id='word_1_262' title='bbox 1767 3917 1906 3981; x_wconf 90' lang='lat' dir='ltr'><strong>pro-</strong></span> 
     </span>
     <span class='ocr_line' id='line_1_47' title="bbox 401 3998 1909 4080; baseline -0.001 -19"><span class='ocrx_word' id='word_1_263' title='bbox 401 3999 514 4061; x_wconf 89' lang='lat' dir='ltr'><strong>cul</strong></span> <span class='ocrx_word' id='word_1_264' title='bbox 552 3998 750 4062; x_wconf 92' lang='lat' dir='ltr'><strong>dubio</strong></span> <span class='ocrx_word' id='word_1_265' title='bbox 790 3998 1218 4080; x_wconf 85' lang='lat' dir='ltr'><strong>praecepisset‚</strong></span> <span class='ocrx_word' id='word_1_266' title='bbox 1253 3998 1306 4059; x_wconf 92' lang='lat' dir='ltr'><strong>si</strong></span> <span class='ocrx_word' id='word_1_267' title='bbox 1349 4004 1500 4059; x_wconf 91' lang='lat' dir='ltr'><strong>tunc</strong></span> <span class='ocrx_word' id='word_1_268' title='bbox 1541 4016 1690 4059; x_wconf 90' lang='lat' dir='ltr'><strong>cum</strong></span> <span class='ocrx_word' id='word_1_269' title='bbox 1727 4016 1909 4078; x_wconf 87' lang='lat' dir='ltr'><strong>mago</strong></span> 
     </span>
     <span class='ocr_line' id='line_1_48' title="bbox 403 4096 1907 4160; baseline -0.001 -1"><span class='ocrx_word' id='word_1_270' title='bbox 403 4097 667 4160; x_wconf 89' lang='lat' dir='ltr'><strong>Simone</strong></span> <span class='ocrx_word' id='word_1_271' title='bbox 697 4096 1024 4158; x_wconf 87' lang='lat' dir='ltr'><strong>habuisset</strong></span> <span class='ocrx_word' id='word_1_272' title='bbox 1055 4103 1393 4159; x_wconf 89' lang='lat' dir='ltr'><strong>certamen.</strong></span> <span class='ocrx_word' id='word_1_273' title='bbox 1428 4096 1554 4158; x_wconf 89' lang='lat' dir='ltr'><strong>Nec</strong></span> <span class='ocrx_word' id='word_1_274' title='bbox 1585 4103 1797 4159; x_wconf 89' lang='lat' dir='ltr'><strong>tamen</strong></span> <span class='ocrx_word' id='word_1_275' title='bbox 1830 4114 1907 4158; x_wconf 87' lang='lat' dir='ltr'><strong>ex</strong></span> 
     </span>
    </p>
   </div>
   <div class='ocr_carea' id='block_1_13' title="bbox 2012 1941 3515 2791">
    <p class='ocr_par' dir='ltr' id='par_1_13' title="bbox 2012 1941 3515 2791">
     <span class='ocr_line' id='line_1_49' title="bbox 2015 1941 3511 2017; baseline -0.001 -14"><span class='ocrx_word' id='word_1_276' title='bbox 2015 1942 2507 2017; x_wconf 86' lang='lat' dir='ltr'><strong>intermiscetur,</strong></span> <span class='ocrx_word' id='word_1_277' title='bbox 2558 1943 2848 2005; x_wconf 90' lang='lat' dir='ltr'><strong>eamdem</strong></span> <span class='ocrx_word' id='word_1_278' title='bbox 2898 1942 3068 2005; x_wconf 91' lang='lat' dir='ltr'><strong>diem</strong></span> <span class='ocrx_word' id='word_1_279' title='bbox 3126 1941 3511 2004; x_wconf 91' lang='lat' dir='ltr'><strong>dominicam</strong></span> 
     </span>
     <span class='ocr_line' id='line_1_50' title="bbox 2014 2039 3514 2122; baseline 0 -21"><span class='ocrx_word' id='word_1_280' title='bbox 2014 2046 2317 2122; x_wconf 86' lang='lat' dir='ltr'><strong>tanquam</strong></span> <span class='ocrx_word' id='word_1_281' title='bbox 2356 2039 2651 2103; x_wconf 88' lang='lat' dir='ltr'><strong>festivam</strong></span> <span class='ocrx_word' id='word_1_282' title='bbox 2692 2039 2882 2102; x_wconf 87' lang='lat' dir='ltr'><strong>faciat</strong></span> <span class='ocrx_word' id='word_1_283' title='bbox 2926 2039 3251 2102; x_wconf 90' lang='lat' dir='ltr'><strong>solennius</strong></span> <span class='ocrx_word' id='word_1_284' title='bbox 3296 2058 3514 2120; x_wconf 88' lang='lat' dir='ltr'><strong>exspe-</strong></span> 
     </span>
     <span class='ocr_line' id='line_1_51' title="bbox 2012 2136 3515 2220; baseline -0.001 -21"><span class='ocrx_word' id='word_1_285' title='bbox 2012 2138 2191 2211; x_wconf 90' lang='lat' dir='ltr'><strong>ctari,</strong></span> <span class='ocrx_word' id='word_1_286' title='bbox 2235 2145 2423 2220; x_wconf 88' lang='lat' dir='ltr'><strong>atque</strong></span> <span class='ocrx_word' id='word_1_287' title='bbox 2465 2157 2580 2220; x_wconf 88' lang='lat' dir='ltr'><strong>per</strong></span> <span class='ocrx_word' id='word_1_288' title='bbox 2626 2137 3169 2219; x_wconf 85' lang='lat' dir='ltr'><strong>exspectationem</strong></span> <span class='ocrx_word' id='word_1_289' title='bbox 3215 2137 3381 2198; x_wconf 91' lang='lat' dir='ltr'><strong>hanc</strong></span> <span class='ocrx_word' id='word_1_290' title='bbox 3423 2136 3515 2198; x_wconf 86' lang='lat' dir='ltr'><strong>fa-</strong></span> 
     </span>
     <span class='ocr_line' id='line_1_52' title="bbox 2012 2235 3512 2317; baseline -0.001 -19"><span class='ocrx_word' id='word_1_291' title='bbox 2012 2237 2138 2298; x_wconf 88' lang='lat' dir='ltr'><strong>ciat</strong></span> <span class='ocrx_word' id='word_1_292' title='bbox 2184 2236 2397 2298; x_wconf 88' lang='lat' dir='ltr'><strong>minus</strong></span> <span class='ocrx_word' id='word_1_293' title='bbox 2447 2236 2671 2299; x_wconf 88' lang='lat' dir='ltr'><strong>sentiri</strong></span> <span class='ocrx_word' id='word_1_294' title='bbox 2712 2236 2962 2317; x_wconf 88' lang='lat' dir='ltr'><strong>jejunia</strong></span> <span class='ocrx_word' id='word_1_295' title='bbox 3005 2235 3376 2317; x_wconf 83' lang='lat' dir='ltr'><strong>septimanae</strong></span> <span class='ocrx_word' id='word_1_296' title='bbox 3416 2253 3512 2297; x_wconf 91' lang='lat' dir='ltr'><strong>se-</strong></span> 
     </span>
     <span class='ocr_line' id='line_1_53' title="bbox 2012 2332 3512 2416; baseline 0.001 -22"><span class='ocrx_word' id='word_1_297' title='bbox 2012 2334 2287 2416; x_wconf 89' lang='lat' dir='ltr'><strong>quentis.</strong></span> <span class='ocrx_word' id='word_1_298' title='bbox 2342 2334 2606 2415; x_wconf 89' lang='lat' dir='ltr'><strong>Semper</strong></span> <span class='ocrx_word' id='word_1_299' title='bbox 2652 2334 2826 2396; x_wconf 89' lang='lat' dir='ltr'><strong>enim</strong></span> <span class='ocrx_word' id='word_1_300' title='bbox 2876 2333 3174 2415; x_wconf 84' lang='lat' dir='ltr'><strong>quaelibet</strong></span> <span class='ocrx_word' id='word_1_301' title='bbox 3228 2332 3512 2414; x_wconf 85' lang='lat' dir='ltr'><strong>fatigatio</strong></span> 
     </span>
     <span class='ocr_line' id='line_1_54' title="bbox 2013 2430 3513 2513; baseline 0 -20"><span class='ocrx_word' id='word_1_302' title='bbox 2013 2432 2435 2513; x_wconf 83' lang='lat' dir='ltr'><strong>aequanimius</strong></span> <span class='ocrx_word' id='word_1_303' title='bbox 2481 2432 2805 2505; x_wconf 87' lang='lat' dir='ltr'><strong>toleratur,</strong></span> <span class='ocrx_word' id='word_1_304' title='bbox 2853 2439 2916 2494; x_wconf 87' lang='lat' dir='ltr'><strong>et</strong></span> <span class='ocrx_word' id='word_1_305' title='bbox 2953 2451 3102 2494; x_wconf 92' lang='lat' dir='ltr'><strong>cum</strong></span> <span class='ocrx_word' id='word_1_306' title='bbox 3147 2430 3382 2494; x_wconf 90' lang='lat' dir='ltr'><strong>minori</strong></span> <span class='ocrx_word' id='word_1_307' title='bbox 3422 2431 3513 2494; x_wconf 88' lang='lat' dir='ltr'><strong>fa-</strong></span> 
     </span>
     <span class='ocr_line' id='line_1_55' title="bbox 2015 2529 3513 2612; baseline 0.001 -23"><span class='ocrx_word' id='word_1_308' title='bbox 2015 2529 2315 2610; x_wconf 87' lang='lat' dir='ltr'><strong>tigatione</strong></span> <span class='ocrx_word' id='word_1_309' title='bbox 2356 2530 2536 2593; x_wconf 82' lang='lat' dir='ltr'><strong>labor</strong></span> <span class='ocrx_word' id='word_1_310' title='bbox 2566 2530 2981 2612; x_wconf 90' lang='lat' dir='ltr'><strong>impenditur,</strong></span> <span class='ocrx_word' id='word_1_311' title='bbox 3015 2532 3169 2593; x_wconf 90' lang='lat' dir='ltr'><strong>dum</strong></span> <span class='ocrx_word' id='word_1_312' title='bbox 3200 2531 3259 2593; x_wconf 89' lang='lat' dir='ltr'><strong>ei</strong></span> <span class='ocrx_word' id='word_1_313' title='bbox 3300 2549 3513 2592; x_wconf 91' lang='lat' dir='ltr'><strong>succe-</strong></span> 
     </span>
     <span class='ocr_line' id='line_1_56' title="bbox 2013 2629 3509 2712; baseline 0 -21"><span class='ocrx_word' id='word_1_314' title='bbox 2013 2629 2106 2691; x_wconf 89' lang='lat' dir='ltr'><strong>dit</strong></span> <span class='ocrx_word' id='word_1_315' title='bbox 2134 2630 2415 2692; x_wconf 81' lang='lat' dir='ltr'><strong>admixta</strong></span> <span class='ocrx_word' id='word_1_316' title='bbox 2444 2632 2731 2712; x_wconf 85' lang='lat' dir='ltr'><strong>quaedam</strong></span> <span class='ocrx_word' id='word_1_317' title='bbox 2760 2632 3130 2693; x_wconf 83' lang='lat' dir='ltr'><strong>vicissit-udo</strong></span> <span class='ocrx_word' id='word_1_318' title='bbox 3160 2639 3269 2692; x_wconf 88' lang='lat' dir='ltr'><strong>aut</strong></span> <span class='ocrx_word' id='word_1_319' title='bbox 3298 2630 3509 2712; x_wconf 88' lang='lat' dir='ltr'><strong>operis</strong></span> 
     </span>
     <span class='ocr_line' id='line_1_57' title="bbox 2015 2728 2395 2791; baseline 0 -2"><span class='ocrx_word' id='word_1_320' title='bbox 2015 2728 2395 2791; x_wconf 86' lang='lat' dir='ltr'><strong>immutatio.</strong></span> 
     </span>
    </p>
   </div>
   <div class='ocr_carea' id='block_1_14' title="bbox 2396 3035 3122 3099">
    <p class='ocr_par' dir='ltr' id='par_1_14' title="bbox 2396 3035 3122 3099">
     <span class='ocr_line' id='line_1_58' title="bbox 2396 3035 3122 3099; baseline 0 -1"><span class='ocrx_word' id='word_1_321' title='bbox 2396 3035 2899 3099; x_wconf 87' lang='lat' dir='ltr'><strong>CAPITULUM</strong></span> <span class='ocrx_word' id='word_1_322' title='bbox 2966 3035 3122 3098; x_wconf 87' lang='lat' dir='ltr'><strong>XII.</strong></span> 
     </span>
    </p>
   </div>
   <div class='ocr_carea' id='block_1_15' title="bbox 2013 3216 3513 3541">
    <p class='ocr_par' dir='ltr' id='par_1_15' title="bbox 2013 3216 3513 3541">
     <span class='ocr_line' id='line_1_59' title="bbox 2013 3216 3513 3289; baseline -0.001 -16"><span class='ocrx_word' id='word_1_323' title='bbox 2013 3217 2245 3285; x_wconf 84' lang='lat' dir='ltr'><strong>Quibus</strong></span> <span class='ocrx_word' id='word_1_324' title='bbox 2281 3217 2515 3281; x_wconf 83' lang='lat' dir='ltr'><strong>diebus,</strong></span> <span class='ocrx_word' id='word_1_325' title='bbox 2556 3233 2739 3289; x_wconf 81' lang='lat' dir='ltr'><strong>quum</strong></span> <span class='ocrx_word' id='word_1_326' title='bbox 2776 3233 2945 3273; x_wconf 82' lang='lat' dir='ltr'><strong>coena</strong></span> <span class='ocrx_word' id='word_1_327' title='bbox 2980 3216 3317 3280; x_wconf 68' lang='lat' dir='ltr'><strong>Fratribus,</strong></span> <span class='ocrx_word' id='word_1_328' title='bbox 3341 3217 3513 3272; x_wconf 65' lang='grc' dir='ltr'><em>8331ιί-</em></span> 
     </span>
     <span class='ocr_line' id='line_1_60' title="bbox 2087 3304 3512 3378; baseline 0.001 -18"><span class='ocrx_word' id='word_1_329' title='bbox 2087 3306 2280 3368; x_wconf 79' lang='lat' dir='ltr'><strong>betur,</strong></span> <span class='ocrx_word' id='word_1_330' title='bbox 2329 3306 2412 3360; x_wconf 83' lang='lat' dir='ltr'><strong>ad</strong></span> <span class='ocrx_word' id='word_1_331' title='bbox 2460 3306 2843 3377; x_wconf 80' lang='lat' dir='ltr'><strong>refectionem</strong></span> <span class='ocrx_word' id='word_1_332' title='bbox 2890 3304 3309 3361; x_wconf 67' lang='lat' dir='ltr'><strong>accedentibus</strong></span> <span class='ocrx_word' id='word_1_333' title='bbox 3344 3306 3512 3378; x_wconf 83' lang='lat' dir='ltr'><strong>psal-</strong></span> 
     </span>
     <span class='ocr_line' id='line_1_61' title="bbox 2084 3394 3512 3465; baseline 0.001 -16"><span class='ocrx_word' id='word_1_334' title='bbox 2084 3411 2215 3450; x_wconf 84' lang='lat' dir='ltr'><strong>mus</strong></span> <span class='ocrx_word' id='word_1_335' title='bbox 2260 3411 2381 3451; x_wconf 79' lang='lat' dir='ltr'><strong>non</strong></span> <span class='ocrx_word' id='word_1_336' title='bbox 2427 3395 2695 3458; x_wconf 83' lang='lat' dir='ltr'><strong>dicatur,</strong></span> <span class='ocrx_word' id='word_1_337' title='bbox 2744 3396 2901 3450; x_wconf 83' lang='lat' dir='ltr'><strong>sicut</strong></span> <span class='ocrx_word' id='word_1_338' title='bbox 2957 3395 3024 3449; x_wconf 82' lang='lat' dir='ltr'><strong>in</strong></span> <span class='ocrx_word' id='word_1_339' title='bbox 3064 3394 3361 3465; x_wconf 80' lang='lat' dir='ltr'><strong>prandiis</strong></span> <span class='ocrx_word' id='word_1_340' title='bbox 3406 3396 3512 3465; x_wconf 79' lang='lat' dir='ltr'><strong>fie-</strong></span> 
     </span>
     <span class='ocr_line' id='line_1_62' title="bbox 2085 3484 2351 3541; baseline -0.004 -1"><span class='ocrx_word' id='word_1_341' title='bbox 2085 3486 2148 3540; x_wconf 83' lang='lat' dir='ltr'><strong>ri</strong></span> <span class='ocrx_word' id='word_1_342' title='bbox 2185 3484 2351 3541; x_wconf 78' lang='lat' dir='ltr'><strong>solet.</strong></span> 
     </span>
    </p>
   </div>
   <div class='ocr_carea' id='block_1_16' title="bbox 2014 3696 3515 4172">
    <p class='ocr_par' dir='ltr' id='par_1_16' title="bbox 2014 3696 3515 4172">
     <span class='ocr_line' id='line_1_63' title="bbox 2090 3696 3513 3778; baseline -0.002 -16"><span class='ocrx_word' id='word_1_343' title='bbox 2090 3700 2384 3762; x_wconf 87' lang='lat' dir='ltr'><strong>NSUPER</strong></span> <span class='ocrx_word' id='word_1_344' title='bbox 2433 3698 2627 3761; x_wconf 89' lang='lat' dir='ltr'><strong>etiam</strong></span> <span class='ocrx_word' id='word_1_345' title='bbox 2678 3696 2743 3758; x_wconf 92' lang='lat' dir='ltr'><strong>in</strong></span> <span class='ocrx_word' id='word_1_346' title='bbox 2798 3696 2955 3778; x_wconf 91' lang='lat' dir='ltr'><strong>ipsis</strong></span> <span class='ocrx_word' id='word_1_347' title='bbox 3005 3696 3251 3771; x_wconf 80' lang='lat' dir='ltr'><strong>diebuS,</strong></span> <span class='ocrx_word' id='word_1_348' title='bbox 3296 3698 3359 3760; x_wconf 92' lang='lat' dir='ltr'><strong>id</strong></span> <span class='ocrx_word' id='word_1_349' title='bbox 3415 3705 3513 3759; x_wconf 90' lang='lat' dir='ltr'><strong>est</strong></span> 
     </span>
     <span class='ocr_line' id='line_1_64' title="bbox 2110 3794 3513 3868; baseline -0.001 -9"><span class='ocrx_word' id='word_1_350' title='bbox 2110 3796 2372 3859; x_wconf 86' lang='lat' dir='ltr'><strong>sabbato</strong></span> <span class='ocrx_word' id='word_1_351' title='bbox 2401 3796 2502 3858; x_wconf 92' lang='lat' dir='ltr'><strong>vel</strong></span> <span class='ocrx_word' id='word_1_352' title='bbox 2544 3794 2885 3868; x_wconf 87' lang='lat' dir='ltr'><strong>dominica,</strong></span> <span class='ocrx_word' id='word_1_353' title='bbox 2921 3813 3032 3856; x_wconf 91' lang='lat' dir='ltr'><strong>seu</strong></span> <span class='ocrx_word' id='word_1_354' title='bbox 3076 3795 3315 3857; x_wconf 87' lang='lat' dir='ltr'><strong>feriatis</strong></span> <span class='ocrx_word' id='word_1_355' title='bbox 3358 3802 3513 3857; x_wconf 87' lang='lat' dir='ltr'><strong>tem-</strong></span> 
     </span>
     <span class='ocr_line' id='line_1_65' title="bbox 2015 3893 3515 3977; baseline -0.001 -21"><span class='ocrx_word' id='word_1_356' title='bbox 2015 3895 2301 3977; x_wconf 81' lang='lat' dir='ltr'><strong>poribuS,</strong></span> <span class='ocrx_word' id='word_1_357' title='bbox 2333 3894 2567 3976; x_wconf 90' lang='lat' dir='ltr'><strong>quibus</strong></span> <span class='ocrx_word' id='word_1_358' title='bbox 2599 3893 2936 3975; x_wconf 89' lang='lat' dir='ltr'><strong>prandium</strong></span> <span class='ocrx_word' id='word_1_359' title='bbox 2978 3901 3041 3954; x_wconf 87' lang='lat' dir='ltr'><strong>et</strong></span> <span class='ocrx_word' id='word_1_360' title='bbox 3080 3912 3259 3957; x_wconf 88' lang='lat' dir='ltr'><strong>coena</strong></span> <span class='ocrx_word' id='word_1_361' title='bbox 3289 3893 3515 3955; x_wconf 82' lang='lat' dir='ltr'><strong>Fratri-</strong></span> 
     </span>
     <span class='ocr_line' id='line_1_66' title="bbox 2017 3991 3513 4073; baseline 0 -19"><span class='ocrx_word' id='word_1_362' title='bbox 2017 3993 2134 4054; x_wconf 92' lang='lat' dir='ltr'><strong>bus</strong></span> <span class='ocrx_word' id='word_1_363' title='bbox 2176 3991 2581 4063; x_wconf 90' lang='lat' dir='ltr'><strong>exhibentur,</strong></span> <span class='ocrx_word' id='word_1_364' title='bbox 2618 3991 2899 4073; x_wconf 89' lang='lat' dir='ltr'><strong>psalmus</strong></span> <span class='ocrx_word' id='word_1_365' title='bbox 2941 4008 3067 4053; x_wconf 88' lang='lat' dir='ltr'><strong>non</strong></span> <span class='ocrx_word' id='word_1_366' title='bbox 3105 3991 3361 4065; x_wconf 87' lang='lat' dir='ltr'><strong>dicitur,</strong></span> <span class='ocrx_word' id='word_1_367' title='bbox 3395 4011 3513 4054; x_wconf 92' lang='lat' dir='ltr'><strong>nec</strong></span> 
     </span>
     <span class='ocr_line' id='line_1_67' title="bbox 2014 4088 3513 4172; baseline -0.001 -21"><span class='ocrx_word' id='word_1_368' title='bbox 2014 4108 2215 4172; x_wconf 89' lang='lat' dir='ltr'><strong>quum</strong></span> <span class='ocrx_word' id='word_1_369' title='bbox 2253 4089 2329 4151; x_wconf 85' lang='lat' dir='ltr'><strong>ad</strong></span> <span class='ocrx_word' id='word_1_370' title='bbox 2376 4106 2623 4151; x_wconf 88' lang='lat' dir='ltr'><strong>coenam</strong></span> <span class='ocrx_word' id='word_1_371' title='bbox 2667 4088 2998 4163; x_wconf 84' lang='lat' dir='ltr'><strong>accedunt,</strong></span> <span class='ocrx_word' id='word_1_372' title='bbox 3034 4106 3149 4149; x_wconf 91' lang='lat' dir='ltr'><strong>nec</strong></span> <span class='ocrx_word' id='word_1_373' title='bbox 3192 4107 3390 4168; x_wconf 91' lang='lat' dir='ltr'><strong>quum</strong></span> <span class='ocrx_word' id='word_1_374' title='bbox 3430 4088 3513 4150; x_wconf 92' lang='lat' dir='ltr'><strong>ab</strong></span> 
     </span>
    </p>
   </div>
   <div class='ocr_carea' id='block_1_17' title="bbox 403 4185 3511 4277">
    <p class='ocr_par' dir='ltr' id='par_1_17' title="bbox 403 4185 3511 4277">
     <span class='ocr_line' id='line_1_68' title="bbox 403 4185 3511 4277; baseline -0.004 -19"><span class='ocrx_word' id='word_1_375' title='bbox 403 4197 530 4259; x_wconf 90' lang='lat' dir='ltr'><strong>hoc</strong></span> <span class='ocrx_word' id='word_1_376' title='bbox 579 4194 807 4257; x_wconf 89' lang='lat' dir='ltr'><strong>fuisset</strong></span> <span class='ocrx_word' id='word_1_377' title='bbox 857 4213 1002 4257; x_wconf 81' lang='lat' dir='ltr'><strong>mox</strong></span> <span class='ocrx_word' id='word_1_378' title='bbox 1048 4194 1506 4276; x_wconf 88' lang='lat' dir='ltr'><strong>promulganda</strong></span> <span class='ocrx_word' id='word_1_379' title='bbox 1547 4194 1763 4277; x_wconf 88' lang='lat' dir='ltr'><strong>aliqua</strong></span> <span class='ocrx_word' id='word_1_380' title='bbox 1811 4214 1908 4257; x_wconf 87' lang='lat' dir='ltr'><strong>ca·</strong></span> <span class='ocrx_word' id='word_1_381' title='bbox 1936 4201 1984 4262; x_wconf 92' lang='lat' dir='ltr'>D</span> <span class='ocrx_word' id='word_1_382' title='bbox 2017 4189 2154 4271; x_wconf 87' lang='lat' dir='ltr'><strong>ipsa</strong></span> <span class='ocrx_word' id='word_1_383' title='bbox 2196 4194 2587 4266; x_wconf 88' lang='lat' dir='ltr'><strong>consurgunt</strong></span> <span class='ocrx_word' id='word_1_384' title='bbox 2635 4204 2649 4248; x_wconf 87' lang='lat'>:</span> <span class='ocrx_word' id='word_1_385' title='bbox 2698 4193 2766 4246; x_wconf 90' lang='lat' dir='ltr'><strong>ut</strong></span> <span class='ocrx_word' id='word_1_386' title='bbox 2810 4185 2954 4247; x_wconf 88' lang='lat' dir='ltr'><strong>fieri</strong></span> <span class='ocrx_word' id='word_1_387' title='bbox 2997 4185 3156 4249; x_wconf 88' lang='lat' dir='ltr'><strong>solet</strong></span> <span class='ocrx_word' id='word_1_388' title='bbox 3200 4185 3265 4246; x_wconf 92' lang='lat' dir='ltr'><strong>in</strong></span> <span class='ocrx_word' id='word_1_389' title='bbox 3306 4185 3511 4247; x_wconf 89' lang='lat' dir='ltr'><strong>solen-</strong></span> 
     </span>
    </p>
   </div>
   <div class='ocr_carea' id='block_1_18' title="bbox 403 4292 1910 4571">
    <p class='ocr_par' dir='ltr' id='par_1_18' title="bbox 403 4292 1910 4571">
     <span class='ocr_line' id='line_1_69' title="bbox 403 4292 1910 4375; baseline -0.002 -19"><span class='ocrx_word' id='word_1_390' title='bbox 403 4294 640 4357; x_wconf 88' lang='lat' dir='ltr'><strong>nonica</strong></span> <span class='ocrx_word' id='word_1_391' title='bbox 675 4292 908 4375; x_wconf 86' lang='lat' dir='ltr'><strong>jejunii</strong></span> <span class='ocrx_word' id='word_1_392' title='bbox 953 4292 1188 4373; x_wconf 86' lang='lat' dir='ltr'><strong>regula,</strong></span> <span class='ocrx_word' id='word_1_393' title='bbox 1225 4292 1394 4373; x_wconf 90' lang='lat' dir='ltr'><strong>quod</strong></span> <span class='ocrx_word' id='word_1_394' title='bbox 1443 4310 1569 4355; x_wconf 92' lang='lat' dir='ltr'><strong>non</strong></span> <span class='ocrx_word' id='word_1_395' title='bbox 1615 4292 1910 4356; x_wconf 88' lang='lat' dir='ltr'><strong>observa-</strong></span> 
     </span>
     <span class='ocr_line' id='line_1_70' title="bbox 407 4391 1908 4474; baseline -0.002 -19"><span class='ocrx_word' id='word_1_396' title='bbox 407 4393 500 4455; x_wconf 92' lang='lat' dir='ltr'><strong>tio</strong></span> <span class='ocrx_word' id='word_1_397' title='bbox 526 4392 841 4474; x_wconf 86' lang='lat' dir='ltr'><strong>generalis</strong></span> <span class='ocrx_word' id='word_1_398' title='bbox 880 4398 1204 4465; x_wconf 82' lang='lat' dir='ltr'><strong>statuerat,</strong></span> <span class='ocrx_word' id='word_1_399' title='bbox 1239 4392 1350 4454; x_wconf 87' lang='lat' dir='ltr'><strong>sed</strong></span> <span class='ocrx_word' id='word_1_400' title='bbox 1384 4399 1452 4453; x_wconf 90' lang='lat' dir='ltr'><strong>ut</strong></span> <span class='ocrx_word' id='word_1_401' title='bbox 1492 4392 1689 4453; x_wconf 88' lang='lat' dir='ltr'><strong>semel</strong></span> <span class='ocrx_word' id='word_1_402' title='bbox 1724 4391 1908 4453; x_wconf 89' lang='lat' dir='ltr'><strong>fieret</strong></span> 
     </span>
     <span class='ocr_line' id='line_1_71' title="bbox 407 4488 1502 4571; baseline -0.004 -17"><span class='ocrx_word' id='word_1_403' title='bbox 407 4490 756 4555; x_wconf 77' lang='lat' dir='ltr'><strong>necessitas</strong></span> <span class='ocrx_word' id='word_1_404' title='bbox 799 4488 1094 4571; x_wconf 87' lang='lat' dir='ltr'><strong>specialis</strong></span> <span class='ocrx_word' id='word_1_405' title='bbox 1137 4496 1502 4551; x_wconf 85' lang='lat' dir='ltr'><strong>extorserat.</strong></span> 
     </span>
    </p>
   </div>
   <div class='ocr_carea' id='block_1_19' title="bbox 813 4707 1502 4771">
    <p class='ocr_par' dir='ltr' id='par_1_19' title="bbox 813 4707 1502 4771">
     <span class='ocr_line' id='line_1_72' title="bbox 813 4707 1502 4771; baseline 0 0"><span class='ocrx_word' id='word_1_406' title='bbox 813 4707 1318 4771; x_wconf 80' lang='lat' dir='ltr'><strong>CAPITULUM</strong></span> <span class='ocrx_word' id='word_1_407' title='bbox 1382 4708 1502 4771; x_wconf 91' lang='lat' dir='ltr'><strong>XI.</strong></span> 
     </span>
    </p>
   </div>
   <div class='ocr_carea' id='block_1_20' title="bbox 463 4826 1858 4974">
    <p class='ocr_par' dir='ltr' id='par_1_20' title="bbox 463 4826 1858 4974">
     <span class='ocr_line' id='line_1_73' title="bbox 463 4826 1858 4902; baseline -0.004 -17"><span class='ocrx_word' id='word_1_408' title='bbox 463 4830 538 4885; x_wconf 82' lang='lat' dir='ltr'><strong>In</strong></span> <span class='ocrx_word' id='word_1_409' title='bbox 567 4845 684 4902; x_wconf 84' lang='lat' dir='ltr'><strong>quo</strong></span> <span class='ocrx_word' id='word_1_410' title='bbox 714 4828 1048 4884; x_wconf 74' lang='lat' dir='ltr'><strong>solennitas</strong></span> <span class='ocrx_word' id='word_1_411' title='bbox 1084 4828 1212 4884; x_wconf 83' lang='lat' dir='ltr'><strong>diei</strong></span> <span class='ocrx_word' id='word_1_412' title='bbox 1248 4829 1570 4885; x_wconf 83' lang='lat' dir='ltr'><strong>dominicoe</strong></span> <span class='ocrx_word' id='word_1_413' title='bbox 1607 4826 1858 4898; x_wconf 80' lang='lat' dir='ltr'><strong>differat</strong></span> 
     </span>
     <span class='ocr_line' id='line_1_74' title="bbox 607 4917 1716 4974; baseline -0.005 0"><span class='ocrx_word' id='word_1_414' title='bbox 607 4918 684 4974; x_wconf 85' lang='lat' dir='ltr'><strong>ab</strong></span> <span class='ocrx_word' id='word_1_415' title='bbox 715 4917 980 4973; x_wconf 79' lang='lat' dir='ltr'><strong>aliorum</strong></span> <span class='ocrx_word' id='word_1_416' title='bbox 1005 4918 1244 4974; x_wconf 77' lang='lat' dir='ltr'><strong>dier-um</strong></span> <span class='ocrx_word' id='word_1_417' title='bbox 1270 4917 1716 4973; x_wconf 76' lang='lat' dir='ltr'><strong>consuetudine.</strong></span> 
     </span>
    </p>
   </div>
   <div class='ocr_carea' id='block_1_21' title="bbox 561 5071 1909 5247">
    <p class='ocr_par' dir='ltr' id='par_1_21' title="bbox 561 5071 1909 5247">
     <span class='ocr_line' id='line_1_75' title="bbox 561 5071 1908 5157; baseline -0.01 -16"><span class='ocrx_word' id='word_1_418' title='bbox 561 5077 662 5142; x_wconf 85' lang='lat' dir='ltr'><strong>OC</strong></span> <span class='ocrx_word' id='word_1_419' title='bbox 713 5091 970 5157; x_wconf 90' lang='lat' dir='ltr'><strong>quoque</strong></span> <span class='ocrx_word' id='word_1_420' title='bbox 1020 5071 1374 5143; x_wconf 84' lang='lat' dir='ltr'><strong>sciendum,</strong></span> <span class='ocrx_word' id='word_1_421' title='bbox 1417 5088 1609 5131; x_wconf 91' lang='lat' dir='ltr'><strong>unam</strong></span> <span class='ocrx_word' id='word_1_422' title='bbox 1666 5074 1908 5129; x_wconf 90' lang='lat' dir='ltr'><strong>tantum</strong></span> 
     </span>
     <span class='ocr_line' id='line_1_76' title="bbox 580 5164 1909 5247; baseline -0.011 -9"><span class='ocrx_word' id='word_1_423' title='bbox 580 5176 846 5238; x_wconf 90' lang='lat' dir='ltr'><strong>missam</strong></span> <span class='ocrx_word' id='word_1_424' title='bbox 884 5172 987 5234; x_wconf 86' lang='lat' dir='ltr'><strong>die</strong></span> <span class='ocrx_word' id='word_1_425' title='bbox 1028 5168 1349 5233; x_wconf 86' lang='lat' dir='ltr'><strong>dominica</strong></span> <span class='ocrx_word' id='word_1_426' title='bbox 1385 5174 1531 5229; x_wconf 91' lang='lat' dir='ltr'><strong>ante</strong></span> <span class='ocrx_word' id='word_1_427' title='bbox 1571 5164 1909 5247; x_wconf 87' lang='lat' dir='ltr'><strong>prandium</strong></span> 
     </span>
    </p>
   </div>
   <div class='ocr_carea' id='block_1_22' title="bbox 2015 4283 3512 5248">
    <p class='ocr_par' dir='ltr' id='par_1_22' title="bbox 2015 4283 3512 5248">
     <span class='ocr_line' id='line_1_77' title="bbox 2016 4283 3511 4369; baseline -0.001 -21"><span class='ocrx_word' id='word_1_428' title='bbox 2016 4287 2205 4349; x_wconf 90' lang='lat' dir='ltr'><strong>nibus</strong></span> <span class='ocrx_word' id='word_1_429' title='bbox 2238 4284 2536 4369; x_wconf 78' lang='lat' dir='ltr'><strong>prandiiS,</strong></span> <span class='ocrx_word' id='word_1_430' title='bbox 2569 4291 2757 4365; x_wconf 87' lang='lat' dir='ltr'><strong>atque</strong></span> <span class='ocrx_word' id='word_1_431' title='bbox 2788 4283 3091 4346; x_wconf 88' lang='lat' dir='ltr'><strong>canonica</strong></span> <span class='ocrx_word' id='word_1_432' title='bbox 3115 4283 3511 4364; x_wconf 83' lang='lat' dir='ltr'><strong>jejuniorum</strong></span> 
     </span>
     <span class='ocr_line' id='line_1_78' title="bbox 2015 4381 3508 4465; baseline -0.001 -19"><span class='ocrx_word' id='word_1_433' title='bbox 2015 4385 2381 4459; x_wconf 86' lang='lat' dir='ltr'><strong>refectione,</strong></span> <span class='ocrx_word' id='word_1_434' title='bbox 2434 4401 2625 4465; x_wconf 88' lang='lat' dir='ltr'><strong>quam</strong></span> <span class='ocrx_word' id='word_1_435' title='bbox 2680 4381 3218 4444; x_wconf 89' lang='lat' dir='ltr'><strong>consuetudinarii</strong></span> <span class='ocrx_word' id='word_1_436' title='bbox 3278 4383 3508 4465; x_wconf 87' lang='lat' dir='ltr'><strong>psalmi</strong></span> 
     </span>
     <span class='ocr_line' id='line_1_79' title="bbox 2017 4479 3511 4565; baseline 0.001 -22"><span class='ocrx_word' id='word_1_437' title='bbox 2017 4484 2372 4565; x_wconf 85' lang='lat' dir='ltr'><strong>praecedere</strong></span> <span class='ocrx_word' id='word_1_438' title='bbox 2414 4482 2619 4544; x_wconf 91' lang='lat' dir='ltr'><strong>solent</strong></span> <span class='ocrx_word' id='word_1_439' title='bbox 2648 4487 2711 4544; x_wconf 88' lang='lat' dir='ltr'><strong>et</strong></span> <span class='ocrx_word' id='word_1_440' title='bbox 2749 4479 3073 4562; x_wconf 89' lang='lat' dir='ltr'><strong>subsequi.</strong></span> <span class='ocrx_word' id='word_1_441' title='bbox 3109 4481 3230 4543; x_wconf 92' lang='lat' dir='ltr'><strong>Sed</strong></span> <span class='ocrx_word' id='word_1_442' title='bbox 3261 4482 3511 4563; x_wconf 90' lang='lat' dir='ltr'><strong>simpli-</strong></span> 
     </span>
     <span class='ocr_line' id='line_1_80' title="bbox 2017 4575 3511 4651; baseline -0.001 -9"><span class='ocrx_word' id='word_1_443' title='bbox 2017 4579 2075 4642; x_wconf 91' lang='lat' dir='ltr'><strong>ci</strong></span> <span class='ocrx_word' id='word_1_444' title='bbox 2125 4578 2405 4641; x_wconf 85' lang='lat' dir='ltr'><strong>oratione</strong></span> <span class='ocrx_word' id='word_1_445' title='bbox 2462 4578 2902 4640; x_wconf 87' lang='lat' dir='ltr'><strong>tantummodo</strong></span> <span class='ocrx_word' id='word_1_446' title='bbox 2961 4575 3147 4651; x_wconf 86' lang='lat' dir='ltr'><strong>facta,</strong></span> <span class='ocrx_word' id='word_1_447' title='bbox 3199 4580 3511 4641; x_wconf 88' lang='lat' dir='ltr'><strong>accedunt</strong></span> 
     </span>
     <span class='ocr_line' id='line_1_81' title="bbox 2015 4676 3510 4755; baseline 0.001 -17"><span class='ocrx_word' id='word_1_448' title='bbox 2015 4678 2094 4738; x_wconf 88' lang='lat' dir='ltr'><strong>ad</strong></span> <span class='ocrx_word' id='word_1_449' title='bbox 2143 4694 2413 4749; x_wconf 88' lang='lat' dir='ltr'><strong>coenam,</strong></span> <span class='ocrx_word' id='word_1_450' title='bbox 2466 4694 2659 4755; x_wconf 89' lang='lat' dir='ltr'><strong>quam</strong></span> <span class='ocrx_word' id='word_1_451' title='bbox 2719 4681 2783 4735; x_wconf 88' lang='lat' dir='ltr'><strong>et</strong></span> <span class='ocrx_word' id='word_1_452' title='bbox 2840 4682 3169 4754; x_wconf 84' lang='lat' dir='ltr'><strong>surgentes</strong></span> <span class='ocrx_word' id='word_1_453' title='bbox 3228 4676 3510 4739; x_wconf 87' lang='lat' dir='ltr'><strong>oratione</strong></span> 
     </span>
     <span class='ocr_line' id='line_1_82' title="bbox 2018 4772 3512 4853; baseline -0.002 -16"><span class='ocrx_word' id='word_1_454' title='bbox 2018 4774 2409 4837; x_wconf 92' lang='lat' dir='ltr'><strong>concludunt</strong></span> <span class='ocrx_word' id='word_1_455' title='bbox 2463 4790 2476 4833; x_wconf 91' lang='lat'>:</span> <span class='ocrx_word' id='word_1_456' title='bbox 2527 4790 2603 4835; x_wconf 91' lang='lat' dir='ltr'><strong>eo</strong></span> <span class='ocrx_word' id='word_1_457' title='bbox 2656 4772 2825 4853; x_wconf 91' lang='lat' dir='ltr'><strong>quod</strong></span> <span class='ocrx_word' id='word_1_458' title='bbox 2882 4772 3380 4834; x_wconf 86' lang='lat' dir='ltr'><strong>extraordinaria</strong></span> <span class='ocrx_word' id='word_1_459' title='bbox 3429 4774 3512 4835; x_wconf 90' lang='lat' dir='ltr'><strong>sit</strong></span> 
     </span>
     <span class='ocr_line' id='line_1_83' title="bbox 2018 4868 3510 4943; baseline -0.001 -10"><span class='ocrx_word' id='word_1_460' title='bbox 2018 4873 2190 4934; x_wconf 90' lang='lat' dir='ltr'><strong>inter</strong></span> <span class='ocrx_word' id='word_1_461' title='bbox 2239 4870 2580 4933; x_wconf 85' lang='lat' dir='ltr'><strong>monachos</strong></span> <span class='ocrx_word' id='word_1_462' title='bbox 2629 4870 2748 4931; x_wconf 90' lang='lat' dir='ltr'><strong>ista</strong></span> <span class='ocrx_word' id='word_1_463' title='bbox 2798 4868 3079 4943; x_wconf 88' lang='lat' dir='ltr'><strong>refecti0,</strong></span> <span class='ocrx_word' id='word_1_464' title='bbox 3121 4888 3240 4931; x_wconf 88' lang='lat' dir='ltr'><strong>nec</strong></span> <span class='ocrx_word' id='word_1_465' title='bbox 3290 4888 3510 4932; x_wconf 89' lang='lat' dir='ltr'><strong>omnes</strong></span> 
     </span>
     <span class='ocr_line' id='line_1_84' title="bbox 2017 4967 3511 5049; baseline -0.002 -17"><span class='ocrx_word' id='word_1_466' title='bbox 2017 4970 2096 5032; x_wconf 91' lang='lat' dir='ltr'><strong>ad</strong></span> <span class='ocrx_word' id='word_1_467' title='bbox 2139 4988 2283 5031; x_wconf 89' lang='lat' dir='ltr'><strong>eam</strong></span> <span class='ocrx_word' id='word_1_468' title='bbox 2326 4968 2545 5030; x_wconf 91' lang='lat' dir='ltr'><strong>venire</strong></span> <span class='ocrx_word' id='word_1_469' title='bbox 2594 4975 2917 5049; x_wconf 86' lang='lat' dir='ltr'><strong>cogantur,</strong></span> <span class='ocrx_word' id='word_1_470' title='bbox 2954 4968 3077 5028; x_wconf 92' lang='lat' dir='ltr'><strong>nisi</strong></span> <span class='ocrx_word' id='word_1_471' title='bbox 3116 4976 3225 5030; x_wconf 90' lang='lat' dir='ltr'><strong>aut</strong></span> <span class='ocrx_word' id='word_1_472' title='bbox 3268 4967 3511 5029; x_wconf 86' lang='lat' dir='ltr'><strong>Fratres</strong></span> 
     </span>
     <span class='ocr_line' id='line_1_85' title="bbox 2020 5064 3507 5151; baseline -0.003 -20"><span class='ocrx_word' id='word_1_473' title='bbox 2020 5068 2340 5151; x_wconf 87' lang='lat' dir='ltr'><strong>peregrini</strong></span> <span class='ocrx_word' id='word_1_474' title='bbox 2378 5068 2488 5150; x_wconf 90' lang='lat' dir='ltr'><strong>qui</strong></span> <span class='ocrx_word' id='word_1_475' title='bbox 2536 5066 3040 5147; x_wconf 87' lang='lat' dir='ltr'><strong>supervenerint,</strong></span> <span class='ocrx_word' id='word_1_476' title='bbox 3083 5072 3191 5127; x_wconf 90' lang='lat' dir='ltr'><strong>aut</strong></span> <span class='ocrx_word' id='word_1_477' title='bbox 3240 5064 3507 5141; x_wconf 87' lang='lat' dir='ltr'><strong>infirmi,</strong></span> 
     </span>
     <span class='ocr_line' id='line_1_86' title="bbox 2018 5163 2891 5248; baseline -0.005 -19"><span class='ocrx_word' id='word_1_478' title='bbox 2018 5175 2128 5229; x_wconf 88' lang='lat' dir='ltr'><strong>aut</strong></span> <span class='ocrx_word' id='word_1_479' title='bbox 2156 5167 2267 5248; x_wconf 90' lang='lat' dir='ltr'><strong>qui</strong></span> <span class='ocrx_word' id='word_1_480' title='bbox 2299 5174 2522 5247; x_wconf 88' lang='lat' dir='ltr'><strong>sponte</strong></span> <span class='ocrx_word' id='word_1_481' title='bbox 2556 5163 2891 5227; x_wconf 86' lang='lat' dir='ltr'><strong>voluerint.</strong></span> 
     </span>
    </p>
   </div>
  </div>
 </body>
</html>
