4359 6267
578 1462 843 1568 sshilippan,

869 484 987 551 110

1751 502 1831 549 DF:
1874 504 2204 549 INSTITUTIS
2247 503 2332 549 SS.
2379 502 2642 547 PATRUM.
2688 520 2768 530 —
2807 502 2984 548 LIBER
3021 502 3086 548 xl

871 673 1261 753 fringendOS,
1312 673 1365 735 si
1426 673 1757 755 paululum
1812 671 2230 733 deflectamus
2289 670 2367 731 ad
2400 669 2450 731 A
2481 688 2869 751 quemquam
2918 670 3175 732 aliunde
3222 690 3414 752 quam
3459 670 3536 732 de
3579 670 3710 733 suis
3753 671 3988 732 vulne-

872 772 1158 834 dextram
1208 772 1343 835 sive
1391 772 1734 835 sinistram.
1786 772 1929 833 ldeo
1977 768 2367 852 sapientissi-

578 888 843 937 prowm.
876 890 1018 932 mus
1050 870 1343 933 Salomon
1384 870 1493 944 ait,
1518 869 1608 932 Ne
1643 870 1923 931 declines
1963 868 2042 930 ad
2081 868 2367 929 dextram

872 969 974 1031 vel
1018 970 1096 1031 ad
1138 968 1461 1030 sinistram
1497 987 1509 1029 τ
1545 969 1607 1029 id
1646 974 1765 1042 est,
1798 985 1926 1030 non
1964 966 2083 1028 tibi
2122 966 2201 1028 de
2243 964 2369 1027 tuis

872 1066 1219 1129 virtutibus
1250 1066 1617 1139 blandiaris,
1652 1086 1731 1127 ne
1764 1066 2085 1147 prosperis
2123 1082 2370 1127 succes—

874 1165 1051 1227 sibus
1106 1164 1546 1246 spiritualibus
1595 1164 1954 1242 extollaris3
2007 1182 2125 1225 nec
2172 1162 2367 1225 defle-

873 1264 1062 1325 ctaris
1119 1264 1197 1326 ad
1256 1263 1601 1337 sinistram,
1654 1263 1716 1325 id
1777 1270 1873 1324 est
1921 1263 1996 1324 ad
2045 1262 2367 1323 tramitem

873 1360 1198 1433 vitiorum,
1251 1380 1331 1422 ne
1387 1360 1569 1440 juxta
1626 1360 2021 1441 Apostolum,
2076 1358 2366 1439 acquiras

871 1457 990 1519 tibi
1032 1456 1470 1537 gloriationem
1515 1476 1591 1518 ex
1635 1457 1727 1519 eis
1768 1457 1832 1518 in
1879 1465 2051 1519 tuam
2094 1454 2366 1518 confusi-

873 1574 1080 1618 onem.
1122 1554 1279 1617 Nam
1322 1556 1426 1616 cui
1476 1556 1675 1618 hostis
1718 1572 1845 1617 non
1896 1554 2104 1636 potuit
2136 1572 2366 1615 vanam

870 1653 1139 1735 gloriam
1177 1671 1476 1734 generare
1515 1672 1591 1714 ex
1633 1654 1906 1734 pretiosa
1944 1659 2005 1713 et
2036 1651 2368 1732 splendida

871 1758 1066 1824 veste,
1103 1758 1367 1813 conatur
1395 1770 1534 1811 eam
1568 1751 1844 1811 inserere
1875 1768 1953 1810 ex
1982 1756 2155 1811 veste
2189 1768 2366 1830 squa-

2481 786 2618 829 rare
2649 767 3016 841 virtutibuS,
3050 769 3316 830 tendens
3356 768 3421 829 in
3452 768 3552 830 his
3581 768 3986 831 offendicula

2481 866 2725 939 mortis,
2777 884 2854 926 ex
2903 864 3139 946 quibus
3185 865 3606 947 acquiruntur
3655 866 3986 947 stipendia

2477 964 2644 1026 vitae.
2679 962 2928 1025 Inimici
2973 981 3248 1046 namque
3292 963 3664 1027 insidiantes
3713 963 3982 1045 laqueos

2480 1062 2873 1145 deceptionis
2913 1061 3311 1124 abscondunt
3337 1061 3702 1125 volentibus
3731 1063 3853 1124 iter
3883 1063 3982 1144 pi-

2479 1160 2664 1222 etatis
2705 1178 2779 1221 ac
2823 1158 3234 1241 perfectionis
3285 1159 3598 1233 incedere,
3641 1177 3768 1223 non
3813 1160 3976 1221 alibi

2481 1259 2604 1321 nisi
2637 1259 2701 1319 in
2732 1258 2837 1320 via
2866 1276 2992 1339 qua
3022 1257 3352 1320 ambulant
3380 1258 3588 1337 (juxta
3623 1258 3797 1320 illam
3829 1258 3978 1321 bea·

2479 1358 2525 1418 ti
2565 1358 2761 1419 David
2806 1357 3186 1419 sententiam
3222 1374 3236 1419 :
3271 1358 3340 1419 In
3380 1357 3485 1420 via
3525 1357 3642 1419 hac
3680 1377 3806 1439 qua
3843 1376 3978 1419 am·
4005 1380 4092 1423 1³2.
4105 1394 4206 1426 cm.
4221 1384 4256 1423 ι.

2479 1454 2801 1529 bulabam,
2833 1454 3299 1517 absconderunt
3332 1455 3630 1537 laqueum
3662 1455 3870 1536 mihi),
3904 1465 3978 1517 ut

2480 1553 2544 1614 in
2595 1552 2712 1615 hac
2763 1554 2900 1634 ipsa
2945 1552 3257 1615 virtutum
3301 1552 3404 1615 via
3447 1573 3576 1635 qua
3621 1554 3971 1635 gradimur,

2477 1652 2794 1714 tendendo
2819 1642 2927 1714 'ad
2990 1652 3282 1715 bravium
3347 1672 3636 1735 supernae
3691 1654 3972 1716 vocatio·
4003 1673 4268 1727 Philippum

2479 1750 2599 1824 niS,
2625 1768 2994 1813 corruamus
3025 1750 3196 1823 elati,
3222 1750 3494 1813 inaniter
3521 1751 3862 1833 gloriantes
3893 1752 3974 1814 de
4011 1740 4080 1778 ¹⁴·

873 1849 999 1910 lida
1039 1856 1102 1910 et
1144 1848 1400 1910 inculta.
1436 1849 1635 1921 Quem
1680 1866 1806 1911 non
1852 1847 2059 1929 potuit
2103 1865 2216 1928 per
2259 1847 2366 1909 ho-
2401 1850 2449 1912 B
2479 1849 2710 1911 nostris
2759 1848 3174 1930 profectibuS,
3215 1855 3404 1930 atque
3452 1849 3812 1911 constrictis
3859 1868 3973 1911 no-

872 1965 1091 2009 norem
1132 1946 1428 2027 dejicere,
1463 1946 1823 2008 humilitate
1868 1945 2254 2026 supplantat,
2286 1964 2364 2006 ex

871 2045 1009 2127 ipsa
1039 2044 1399 2107 humilitate
1429 2063 1656 2107 vanam
1697 2043 1963 2123 gloriam
2000 2043 2360 2124 ingerendo.

872 2144 1070 2217 Quem
1120 2143 1408 2225 nequivit
1452 2142 1753 2204 extollere
1800 2150 2025 2203 ornatu
2070 2142 2368 2221 eloquen-

871 2242 975 2303 tiae
1018 2248 1205 2322 atque
1250 2240 1554 2313 scientiae,
1598 2239 1779 2301 elidit
1822 2240 2127 2321 gravitate
2177 2239 2366 2301 silen-

872 2339 962 2401 tii.
1001 2339 1063 2400 Si
1105 2338 1251 2421 quis
1291 2337 1497 2419 palam
1534 2338 1805 2418 jejunet,
1837 2337 2037 2418 gloria
2080 2337 2370 2419 pulsatur

873 2437 1083 2515 inani;
1134 2436 1188 2497 si
1246 2436 1494 2498 occulte
1548 2436 1798 2516 jejunet
1847 2444 1914 2496 ut
1962 2454 2188 2497 vanam
2238 2436 2368 2516 glo-

874 2535 1033 2596 riam
1084 2534 1261 2607 vitet,
1313 2533 1535 2595 eodem
1596 2532 1885 2595 elationis
1944 2533 2369 2614 vanitatisque

872 2632 1030 2695 vitio
1079 2632 1506 2713 impugnatur.
1560 2632 1778 2693 Vitans
1831 2649 2009 2694 orare
2060 2631 2369 2713 prolixius

873 2729 993 2791 sub
1042 2730 1331 2791 Fratrum
1392 2729 1747 2811 praesentia,
1800 2748 1881 2792 ne
1929 2749 2107 2793 vanae
2152 2730 2371 2810 gloriae

874 2827 1230 2889 maculetur
1281 2828 1591 2908 contagio,
1636 2846 1762 2890 non
1812 2828 2024 2891 evadit
2072 2827 2372 2891 vanitatis

871 2926 1066 3007 hujus
1124 2926 1399 2998 aculeOS,
1451 2927 1529 2988 de
1582 2927 1703 2989 hoc
1762 2927 1931 3007 quod
1994 2925 2260 2988 latenter
2308 2935 2372 2989 et

870 3024 1049 3087 nullo
1092 3023 1331 3087 sciente
1374 3024 1466 3086 sic
1509 3032 1663 3087 orat.

950 3122 1111 3184 Hinc
1149 3122 1431 3185 seniores
1472 3122 1739 3205 pulchre
1779 3122 2151 3185 describunt
2194 3131 2370 3185 natu-

873 3240 1007 3287 ram
1048 3219 1187 3283 vitii
1233 3220 1426 3301 hujus
1469 3239 1584 3301 per
1626 3220 2109 3302 dispositionem
2154 3240 2364 3303 caep‘ae,

874 3336 1017 3397 quae
1064 3317 1379 3380 decoriata
1437 3318 1716 3399 tegmine
1767 3336 1914 3393 uno,
1966 3338 2186 3381 rursus
2243 3319 2368 3381 alio

876 3413 1199 3476 invenitur
1248 3415 1509 3494 vestita;
1556 3423 1619 3478 et
1667 3416 1851 3478 toties
1902 3416 2227 3479 invenitur
2275 3418 2366 3480 sic

874 3519 1059 3587 tecta,
1095 3513 1343 3594 quoties
1385 3512 1580 3575 fuerit
1621 3514 1953 3577 denudata.

1292 3768 1795 3832 CAPITULUM
1856 3769 1939 3832 V.

1041 3917 1215 3984 Quod
1250 3933 1356 3973 nec
1392 3916 1725 3973 solitudine
1762 3919 2198 3989 eoestinyuatur

1410 4022 1573 4061 vana
1597 4006 1819 4077 qloria.

2477 1954 2622 2008 strae
2662 1946 2891 2009 animae
2935 1946 3230 2027 pedibuS‚
3264 1946 3673 2009 concidamus
3715 1965 3974 2029 compe-

2476 2044 2592 2106 diti
2634 2044 2997 2107 cenodoxiae
3046 2044 3308 2126 laqueiS.
3352 2044 3584 2126 Sicque
3625 2044 3704 2106 fit
3747 2054 3816 2107 ut
3857 2046 3971 2127 qui

2477 2160 2604 2205 non
2635 2143 2961 2224 potuimus
2991 2142 3469 2224 impugnatione
3497 2142 3840 2206 adversarii
3871 2164 3978 2206 su-

2478 2240 2708 2322 perari,
2732 2240 3066 2302 vincamur
3095 2240 3487 2303 sublimitate
3519 2242 3717 2303 nostri
3747 2242 3976 2303 trium-

2479 2338 2637 2420 phi3
2697 2346 2807 2399 aut
2865 2346 3032 2400 certe
3090 2338 3264 2400 aliud
3320 2357 3520 2419 genus
3579 2339 3976 2421 deceptionis

2481 2436 2855 2508 incidenteS,
2891 2444 2962 2498 ut
2991 2437 3142 2497 dum
3175 2436 3342 2499 ultra
3368 2436 3537 2499 vires
3566 2445 3811 2500 nostras
3837 2437 3980 2500 abs-

2478 2536 2756 2597 tinemus
2800 2542 2909 2597 aut
2953 2553 3184 2616 corpus
3225 2535 3602 2617 affligimus,
3634 2537 3978 2618 perdamus

2480 2632 3015 2715 perseverantiam
3073 2633 3271 2695 nostri
3323 2652 3548 2696 cursus
3597 2633 3978 2697 infirmitate

2480 2732 2763 2813 corporis
2806 2731 3066 2813 proprii.

2890 3019 3392 3083 CAPITULUM
3450 3020 3566 3084 VI.

2479 3189 2651 3257 Quod
2677 3191 3016 3246 cenodoxia
3045 3206 3226 3263 quum
3251 3192 3449 3263 suerit
3476 3192 3734 3263 dejecta,
3763 3195 3975 3250 acrius

2876 3285 3157 3350 resurqat
3184 3281 3268 3337 ad
3288 3296 3576 3353 puqnam.

2609 3512 2802 3574 MNlA
2859 3512 3014 3574 vitia
3071 3521 3366 3595 superata
3422 3513 3857 3590 debilitantur,
3907 3525 3973 3578 et

2629 3611 2800 3672 victa
2842 3610 3194 3672 redduntur
3234 3630 3350 3692 per
3387 3612 3670 3694 singulos
3705 3614 3842 3677 dies
3881 3614 3975 3677 in-

2477 3709 2784 3783 firmiora,
2819 3716 2881 3771 et
2911 3708 3014 3771 vel
3044 3708 3184 3771 loco
3214 3710 3313 3772 vel
3345 3717 3630 3792 ternpore
3671 3712 3972 3775 minuun-

2477 3816 2580 3869 tur
2609 3814 2797 3888 atque
2827 3826 2864 3868 a
2893 3825 3008 3870 suo
3037 3806 3285 3869 fervore
3314 3807 3773 3883 deficiunt,aut
3801 3819 3973 3873 certe

2476 3925 2513 3968 a
2540 3905 2888 3968 virtutibus
2919 3905 3042 3967 sibi
3075 3907 3408 3968 contrariis
3438 3916 3839 3989 superantur,
3861 3919 3973 3972 aut

2477 4005 2758 4067 vitantur
2815 4003 3087 4066 facilius.
3141 4004 3330 4067 Porro
3385 4004 3504 4067 hoc
3554 4006 3782 4068 vitium
3837 4007 3970 4088 jam

2475 4102 2818 4183 dejectum,
2850 4102 3060 4163 acrius
3099 4102 3176 4163 ad
3219 4101 3537 4165 luctamen
3580 4105 3874 4186 resurgit,
3907 4114 3972 4168 et

997 4202 1375 4266 RAETEREA
1422 4222 1583 4266 vana
1636 4202 1838 4283 gloria
1890 4203 2188 4285 persequi
2237 4222 2364 4266 non
2395 4203 2444 4264 D
2474 4202 2626 4264 dum
2668 4207 2927 4282 putatur
2965 4200 3372 4275 exstinctum,
3407 4220 3520 4263 sua
3563 4210 3764 4266 morte
3803 4204 3971 4265 viva-

1024 4301 1272 4363 desistit
1316 4300 1665 4381 fugientem
1710 4300 1776 4362 in
1826 4299 2168 4362 solitudine
2218 4319 2364 4363 con-

872 4399 1065 4461 sortia
1118 4405 1495 4461 cunctorum
1558 4398 1955 4477 mortalium3
2007 4406 2067 4460 et
2127 4408 2365 4481 quanto

870 4496 1016 4578 quis
1073 4496 1349 4577 amplius
1409 4496 1779 4558 universum
1830 4496 2124 4558 vitaverit
2185 4517 2365 4558 mun-

871 4595 1048 4667 dum,
1094 4601 1266 4655 tanto
1305 4612 1452 4655 eum
1493 4594 1703 4656 acrius
1748 4594 2111 4655 insectatur.
2150 4595 2362 4657 Alium

872 4698 1069 4752 tentat
1130 4689 1275 4752 inde
1333 4692 1656 4765 extollere,
1707 4691 1878 4772 quod
1927 4691 2004 4752 ad
2053 4710 2246 4773 opera
2291 4712 2364 4755 ac

873 4788 1117 4851 labores
1181 4788 1683 4870 patientissimus
1744 4796 1967 4862 exstat,
2028 4789 2226 4851 alium
2286 4792 2363 4853 de

870 4886 990 4949 hoc
1034 4886 1205 4968 quod
1247 4885 1327 4947 ad
1368 4885 1795 4948 obediendum
1848 4888 2364 4969 promptissimus

854 4984 1211 5047 invenitur.
1244 4983 1531 5045 Alterum
1567 4992 1830 5046 conatur
1858 4985 2159 5048 extollere
2192 4988 2363 5068 quod

866 5082 1229 5144 humilitate
1260 5088 1501 5144 ceteros
1531 5082 1765 5155 vincat,
1797 5082 1995 5144 alium
2025 5085 2196 5165 quod
2229 5103 2364 5165 pro-

868 5180 1108 5242 lixitate
1140 5179 1505 5260 vigiliarum
1535 5187 1644 5241 aut
1676 5180 1963 5243 lectionis
1996 5182 2129 5243 sive
2161 5182 2361 5244 scien-

2476 4300 2612 4361 cius
2676 4298 3082 4361 convalescit.
3144 4298 3409 4380 Insuper
3471 4307 3680 4361 cetera
3739 4320 3971 4383 genera

2474 4397 2775 4460 vitiorum
2809 4396 3012 4459 solent
3041 4414 3147 4459 eos
3179 4398 3618 4459 tantummodo
3650 4398 3972 4480 impugna·

2476 4514 2542 4557 re
2591 4513 2750 4576 quos
2808 4496 2872 4555 in
2922 4494 3268 4557 certamine
3325 4504 3806 4576 superaverunt,
3859 4498 3968 4559 sed

2476 4612 2637 4656 vana
2682 4592 2880 4673 gloria
2929 4611 3076 4655 suos
3123 4592 3396 4655 victores
3445 4594 3656 4655 acrius
3705 4594 3968 4657 insecta-

2476 4698 2609 4769 tur3
2651 4699 2714 4753 et
2752 4699 2988 4773 quanto
3023 4684 3320 4754 validius*
3344 4692 3538 4753 fuerit
3579 4693 3964 4774 propulsata,

2475 4798 2650 4852 tanto
2680 4789 3121 4851 vehementius
3163 4790 3572 4872 congreditur
3609 4809 3723 4853 seu
3761 4791 3967 4873 impu-

2473 4895 2623 4970 gnat
2672 4888 2808 4969 ipsa
2857 4888 3127 4949 elatione
3177 4908 3306 4951 suae
3353 4887 3655 4952 victoriae.
3711 4889 3786 4951 Et
3835 4890 3968 4953 haec

2473 4994 2569 5048 est
2608 4985 2860 5047 subtilis
2902 4985 3146 5047 inimici
3189 4986 3488 5059 versutia,
3523 4995 3592 5047 ut
3625 4987 3812 5049 faciat
3853 4988 3968 5049 mi·

2475 5084 2650 5145 litem
2709 5083 2940 5146 Christi
2999 5084 3274 5166 propriis
3323 5084 3466 5146 telis
3524 5084 3964 5159 succumbere,

2469 5200 2662 5264 quem
2709 5200 2835 5245 non
2887 5182 3093 5263 potuit
3140 5182 3336 5245 armis
3386 5182 3728 5246 hostilibus
3777 5202 3962 5265 supe-

866 5278 956 5340 tia
1004 5278 1086 5339 sit
1122 5278 1458 5340 excellens.
1500 5278 1628 5340 Nec
1672 5278 1931 5341 morbus
1976 5278 2092 5341 iste
2132 5278 2358 5341 nititur
2469 5297 2625 5340 rare.
