4359 6267
413 3091 619 3136 ·Lxx.

502 3851 767 3906 Gemxxxvu,

803 492 923 556 354

1462 512 1878 559 COLLATIONUM
1921 513 2006 558 SS.
2040 513 2284 558 PATRUM
2325 512 2501 558 LIBER
2541 513 2604 559 11.
2652 530 2731 540 -·-
2770 513 3057 560 COLLATIO
3095 515 3247 560 xvm

806 681 921 743 ivit
952 681 1017 743 in
1048 682 1268 745 orbem
1299 690 1632 757 terrarum,
1659 684 2116 766 imitanturque
2147 702 2294 746 eum
2328 681 2379 744 A
2409 683 2606 746 facies
2652 683 2742 746 illi
2790 684 2898 766 qui
2939 685 3059 747 hoc
3104 685 3244 767 ipso
3289 685 3487 766 magis
3528 685 3909 759 offenditur,

804 780 914 862 qui
947 788 1095 842 sunt
1135 801 1210 843 ex
1243 791 1418 864 parte
1461 783 1653 845 illius.
1690 783 1939 845 Etenim
1981 783 2145 844 sicut
2187 783 2296 845 ille

803 879 912 961 qui
959 881 1206 962 primus
1251 889 1585 964 corruptus
1635 888 1730 943 est
1769 881 1927 944 vitio
1971 883 2168 964 pestis
2219 881 2296 943 is-

803 977 952 1051 tiuS,
999 997 1126 1041 non
1170 981 1427 1042 admisit
1473 980 1864 1063 poenitentiae
1911 980 2293 1042 medicinam

803 1095 919 1138 nec
961 1078 1162 1140 ullum
1204 1079 1548 1141 curationis
1588 1079 1966 1152 fomentum,
2002 1079 2086 1140 ita
2124 1086 2185 1140 et
2226 1080 2290 1142 hi

803 1177 912 1257 qui
961 1177 1356 1240 tradiderunt
1414 1197 1482 1241 se
1541 1178 1987 1261 percutiendos
2037 1179 2295 1242 invidiae

803 1275 1142 1349 morsibus,
1183 1277 1531 1339 excludunt
1569 1295 1820 1340 omnem
1864 1295 2050 1358 opem
2091 1277 2290 1338 sancti

803 1372 1210 1437 incantatoris
1255 1393 1270 1437 τ
1311 1377 1464 1457 quia
1504 1395 1701 1457 quum
1753 1376 2117 1438 crucientur
2165 1393 2292 1438 non

802 1472 998 1546 vitiis,
1051 1474 1159 1535 sed
1211 1474 1740 1557 prosperitatibus
1787 1493 2008 1537 eorum
2057 1474 2293 1556 quibus

802 1571 1000 1634 livent
1047 1591 1158 1634 seu
1211 1573 1519 1646 invident,
1573 1573 2019 1636 erubescentes
2071 1573 2293 1655 prode-

799 1689 868 1732 re
915 1670 1269 1746 veritatem,
1324 1671 1656 1753 inquirunt.
1713 1671 1837 1734 sibi
1895 1671 2293 1734 extrinsecus

800 1769 1107 1850 quasdam
1137 1788 1358 1831 causas
1389 1769 1853 1849 offensionum3
1886 1789 2155 1852 quarum
2190 1789 2293 1832 cn-

2409 799 2537 863 quo
2576 789 2637 844 te
2677 783 3082 846 humiliorem
3116 782 3680 866 benignioremque
3718 804 3915 867 expe-

2409 881 2613 959 ritnr;
2660 900 2853 963 quem
2902 882 3193 944 accendit
3234 883 3312 944 ad
3357 883 3515 944 iram
3558 900 3685 946 non
3728 884 3915 964 cupi—

2409 980 2593 1054 ditas,
2645 999 2785 1062 quae
2843 1001 3105 1044 munere
3160 982 3514 1061 delinitur;
3564 1001 3751 1064 quem
3812 983 3913 1045 in—

2410 1079 2560 1140 citat
2610 1096 2733 1142 non
2788 1079 3039 1160 injuriae
3091 1081 3263 1144 laesio
3310 1098 3566 1144 amorve
3618 1081 3910 1154 ultioniS‚

2408 1197 2550 1259 quae
2582 1178 2861 1239 vincitur
2891 1177 3345 1241 blandimentis
3374 1178 3763 1252 officiorum,
3792 1181 3911 1242 sed

2409 1277 2582 1338 solus
2630 1295 2963 1339 successus
3010 1277 3233 1340 alienae
3284 1277 3720 1361 prosperitatis
3763 1279 3910 1340 irri-

2407 1378 2541 1436 tat?
2583 1374 2733 1448 Quis
2786 1381 2883 1438 est
2930 1384 3145 1438 autem
3199 1376 3309 1459 qui
3362 1395 3429 1439 se
3481 1383 3655 1459 optet
3704 1395 3741 1438 a
3792 1377 3907 1439 bo-

2408 1474 2507 1536 nis
2551 1491 2866 1548 corruere,
2900 1482 3009 1537 aut
3048 1475 3465 1558 prosperitate
3504 1475 3760 1558 privari,
3790 1485 3908 1537 aut

2406 1572 2619 1654 aliqua
2680 1573 3037 1635 calamitate
3098 1573 3359 1648 involvi,
3424 1583 3490 1635 ut
3555 1573 3909 1636 satisfaciat

2408 1670 2763 1733 invidenti?

2488 1770 2645 1832 Hinc
2690 1790 2769 1833 ne
2814 1770 3143 1833 infernalis
3189 1770 3524 1834 basiliscus
3569 1791 3696 1835 uno
3741 1791 3911 1837 mor—

804 1867 962 1929 ratio
1004 1886 1167 1929 vana
1216 1875 1333 1942 est,
1377 1869 1527 1950 quia
1578 1869 1840 1932 omnino
1892 1877 2040 1931 sunt
2092 1868 2288 1943 falsae,
2330 1870 2377 1932 B
2408 1889 2481 1930 su
2512 1869 2653 1931 vitii
2685 1869 2878 1949 hujus
2910 1869 3235 1931 interimat
3273 1869 3587 1952 quidquid
3620 1871 3683 1932 in
3716 1872 3909 1934 nobis

803 1987 1002 2048 quum
1037 1967 1434 2030 mortiferum
1466 1968 1642 2030 virus
1678 1968 1847 2050 quod
1882 1969 2148 2050 prodere
2188 1986 2295 2030 no-

807 2067 967 2140 lunt,
1011 2065 1198 2128 lateat
1241 2067 1307 2128 in
1351 2067 1668 2129 medullis,
1714 2067 1800 2128 De
1842 2066 2078 2148 quibus
2127 2067 2295 2130 Salo-

505 2182 775 2290 ·Ecczeffini,
806 2183 951 2227 mon
995 2171 1428 2247 competenter
1466 2165 1716 2228 locutus
1754 2174 1847 2228 est
1884 2185 1897 2229 :
1942 2164 2004 2227 Si
2046 2166 2294 2228 mordet

503 2252 630 2300 Juxta
765 2282 774 2292 .

803 2281 1066 2345 serpens
1125 2262 1190 2324 in
1249 2262 1523 2337 silentio,
1566 2281 1693 2326 non
1751 2271 1846 2325 est
1904 2263 2293 2325 abundantia

803 2361 1195 2424 incantatori.
1238 2361 1346 2423 Isti
1387 2361 1561 2422 enim
1606 2361 1782 2424 taciti
1825 2369 1973 2423 sunt
2018 2379 2288 2436 morsuS,

799 2460 1036 2542 quibus
1073 2460 1224 2523 solis
1259 2477 1387 2522 non
1421 2460 1718 2524 subvenit
1747 2462 2133 2544 sapientium
2167 2480 2293 2523 me-

795 2559 1026 2620 dicina.

871 2659 941 2719 In
971 2665 1216 2719 tantum
1249 2657 1489 2740 quippe
1521 2657 1893 2720 incurabilis
1925 2665 2020 2720 est
2050 2658 2292 2720 malitia

796 2757 938 2830 ista,
991 2765 1060 2819 ut
1118 2755 1572 2818 blandimentis
1629 2764 2058 2838 exasperetur,
2111 2756 2292 2819 obse—

797 2854 967 2937 quiis
1008 2854 1130 2917 sibi
1171 2852 1474 2916 exhibitis
1515 2853 1872 2926 extollatur,
1917 2853 2289 2916 muneribus

500 2968 767 3075 srqmtzvn,
797 2953 1102 3026 irritetur,
1127 2954 1280 3034 quia
1309 2961 1379 3016 ut
1410 2953 1703 3016 Salomon
1733 2952 1820 3014 ait
1857 2970 1871 3014 ε
1903 2951 2072 3014 Nihil
2106 2952 2290 3014 susti-

531 3062 542 3080 ,
580 3045 658 3086 Jux

2407 1967 2823 2048 spiritualiter
2872 1967 3030 2028 vivit
3078 1974 3142 2029 et
3192 1968 3372 2050 quasi
3422 1968 3600 2030 vitali
3650 1977 3907 2050 vegeta-

2405 2066 2578 2128 tione
2628 2065 2835 2127 Sancti
2890 2065 3163 2147 Spiritus
3211 2067 3553 2140 animatur‚
3604 2068 3909 2150 implore-

2408 2184 2549 2226 mus
2590 2164 2827 2245 jugiter
2869 2164 3161 2226 divinum
3205 2165 3539 2239 auxilium,
3583 2165 3684 2228 cui
3736 2167 3905 2229 nihil

2407 2262 2804 2344 impossibile
2842 2270 3063 2324 exstat.
3110 2263 3328 2325 Cetera
3366 2263 3607 2346 quippe
3648 2284 3909 2346 serpen-

2408 2361 2566 2422 tium
2601 2378 2865 2434 venena,
2897 2361 2963 2422 id
2999 2369 3095 2423 est
3132 2370 3391 2442 peccata
3428 2362 3723 2436 carnalia,
3756 2365 3906 2445 qui-

2404 2459 2523 2522 bus
2555 2459 2717 2520 sicut
2751 2459 3030 2521 humana
3052 2459 3363 2540 fragilitas
3393 2461 3522 2523 cito
3553 2461 3906 2524 involvitur

2405 2557 2490 2619 ita
2532 2566 2592 2620 et
2638 2556 2825 2619 facile-
2869 2567 3279 2639 expurgatur,
3314 2558 3545 2620 habent
3592 2560 3659 2621 in
3707 2579 3905 2623 carne

2401 2655 2615 2737 aliqua
2655 2655 2994 2718 vulnerum
3044 2674 3306 2718 suorum
3353 2656 3620 2738 vestigia
3663 2659 3758 2720 vel
3804 2659 3903 2721 ef-

2403 2753 2607 2816 fectus
2659 2761 2764 2815 aut
2820 2753 3047 2834 signa:
3089 2753 3325 2836 quibus
3377 2755 3553 2817 vitiis
3604 2757 3905 2837 quamvis

2402 2870 2548 2915 caro
2582 2851 3121 2934 perniciosissime
3161 2852 3563 2933 subjiciatur,
3598 2862 3806 2917 tamen
3844 2857 3901 2918 si

2401 2950 2633 3033 aliquis
2674 2951 3100 3032 peritissimus
3135 2951 3498 3013 divinorum
3540 2953 3903 3016 carminum

797 3059 905 3113 net
941 3052 1131 3113 zelus.
1175 3052 1309 3114 Imo
1355 3058 1594 3134 quanto
1632 3051 1791 3112 alter
1831 3049 2030 3131 magis
2069 3068 2289 3113 occur·
2326 3051 2369 3114 C
2402 3049 2754 3111 incantator
2794 3048 3157 3112 adhibuerit
3201 3049 3466 3130 dignum
3516 3051 3899 3124 remedium,

796 3168 934 3212 rere
964 3157 1071 3211 aut
1102 3150 1399 3232 prodesse
1430 3147 1704 3211 voluerit
1733 3147 2108 3210 humilitatis
2140 3147 2287 3210 sub-

791 3248 1092 3329 jectione,
1139 3247 1466 3330 patientia,
1515 3245 1912 3319 liberalitate,
1961 3254 2133 3309 tanto
2174 3247 2285 3329 qui

795 3347 1035 3409 invidet
1086 3346 1385 3408 incitatur
1432 3345 1829 3427 gravioribus
1878 3344 2134 3408 invidiae
2181 3346 2289 3408 sti-

794 3445 1008 3519 mulis,
1054 3444 1206 3526 quia
1247 3462 1374 3507 non
1427 3445 1824 3526 concupiscit
1866 3442 1990 3506 nisi
2035 3445 2284 3506 ruinam

793 3551 856 3607 et
898 3550 1167 3605 mortem
1219 3541 1360 3622 ejus
1412 3541 1514 3603 cui
1559 3541 1651 3603 sic
1693 3541 1952 3603 invidet.
2001 3541 2286 3623 Denique

795 3642 1093 3704 undecim
1126 3640 1626 3722 patriarcharum
1661 3639 1901 3702 invidia
1932 3640 1998 3700 in
2037 3647 2286 3703 tantum

794 3740 1048 3803 deliniri
1081 3758 1208 3802 non
1239 3738 1441 3820 potuit
1475 3738 1598 3800 ulla
1639 3736 2034 3818 subjectione
2073 3737 2285 3800 fratris

796 3836 1062 3909 innoxii,
1105 3845 1172 3898 ut
1219 3837 1544 3918 Scriptura
1586 3844 1870 3908 testetur,
1913 3836 2286 3898 Invidebant

793 3943 1006 3998 autem
1049 3935 1108 3998 ei
1153 3935 1378 3998 fratres
1421 3935 1543 4007 sui,
1587 3953 1663 3997 eo
1706 3935 1874 4016 quod
1917 3943 2093 4017 pater
2131 3955 2285 3998 suus

793 4034 1084 4116 diligeret
1140 4053 1311 4108 eum,
1363 4042 1427 4096 et
1475 4051 1600 4096 non
1652 4040 1941 4117 poterant
1998 4033 2054 4094 ei
2110 4034 2283 4115 loqui

789 4133 1138 4216 quidquam
1169 4132 1548 4215 pacificum3
1581 4132 1783 4194 donec
1812 4149 2036 4194 rancor
2063 4150 2281 4194 eorum

2399 3155 2507 3210 aut
2564 3147 2739 3208 illam
2798 3146 3140 3209 verborum
3200 3148 3574 3210 salutarium
3636 3149 3901 3212 medici-

2399 3266 2570 3320 nam,
2605 3246 2923 3308 virulenta
2952 3245 3255 3328 iniquitas
3288 3265 3415 3310 non
3449 3249 3773 3330 perveniet
3812 3251 3898 3312 ad

2400 3351 2773 3427 perpetuam
2822 3345 3052 3408 animae
3102 3352 3391 3408 mortem.
3444 3346 3631 3408 Virus
3678 3357 3897 3410 autem

2400 3444 2657 3506 invidiae
2699 3442 2980 3506 effusum
3020 3445 3199 3526 quasi
3240 3464 3276 3506 a
3316 3445 3534 3526 regulo
3576 3456 3895 3528 serpente,

2362 3542 2679 3608 excludit
2729 3541 2925 3604 vitam
2977 3543 3181 3624 ipsam
3232 3543 3559 3625 religionis
3605 3564 3679 3606 ac
3738 3544 3897 3607 fidei

2398 3642 2764 3725 priusquam
2791 3641 3012 3702 vulnus
3035 3641 3341 3702 sentiatur
3367 3641 3431 3703 in
3456 3661 3735 3724 corpore.
3756 3643 3897 3706 Non

2396 3738 2569 3803 enim
2600 3740 2903 3802 adversus
2934 3739 3277 3814 hominem,
3304 3741 3413 3802 sed
3447 3751 3665 3804 contra
3692 3742 3894 3805 Deum

2396 3839 2722 3902 extollitur
2748 3838 3099 3901 invidiosus
3128 3846 3433 3920 tanquam
3458 3839 3897 3922 blasphemus,

2396 3938 2503 4021 qui
2564 3937 2727 3999 nihil
2791 3937 2965 3999 aliud
3022 3937 3084 3998 in
3144 3936 3339 3998 fratre
3397 3938 3761 4021 discerpens
3818 3961 3897 4004 ac

2397 4056 2786 4120 persequens
2826 4036 2950 4099 nisi
2986 4036 3225 4098 bonum
3260 4038 3561 4100 meritum
3600 4039 3761 4119 ejus,
3800 4059 3896 4102 re-

2396 4135 2734 4218 prehendit
2783 4153 2909 4196 non
2960 4134 3238 4198 hominis
3288 4135 3566 4219 culpam,
3617 4139 3725 4200 sed
3776 4138 3891 4202 be-

787 4250 912 4296 non
952 4232 1293 4294 admittens
1342 4231 1556 4313 aliqua
1602 4230 2030 4292 blandimenta
2069 4230 2283 4292 fratris
2316 4237 2364 4298 D
2396 4232 2630 4296 neficia
2670 4232 2801 4294 Dei.

783 4331 1194 4413 obsequentis
1235 4349 1308 4392 ac
1351 4330 1613 4405 subditi,
1659 4330 1769 4392 sed
1815 4330 2081 4412 cupiens
2125 4348 2286 4393 mor-

785 4439 912 4493 tem
970 4429 1134 4510 ejuS,
1196 4429 1410 4491 satiari
1469 4428 1576 4489 vix
1648 4428 1854 4510 potuit
1915 4429 2281 4492 venditione

784 4529 978 4591 illius.

867 4628 1120 4690 Constat
1159 4643 1308 4706 ergo
1346 4623 1653 4687 invidiam
1691 4643 1830 4687 esse
1871 4625 2282 4707 perniciosio-

785 4744 921 4788 rem
979 4732 1040 4786 et
1088 4723 1164 4786 ad
1217 4724 1570 4785 curandum
1620 4722 2056 4786 difficiliorem
2107 4724 2280 4786 vitiis

787 4823 1102 4886 universis
1157 4840 1170 4884 ε
1229 4841 1370 4904 quae
1435 4822 1632 4902 magis
1695 4822 2064 4884 accenditur
2123 4823 2281 4905 ipsis

788 4921 1086 4985 remediis
1131 4919 1366 5003 quibus
1408 4919 1533 4982 alia
1570 4919 1725 4982 vitia
1767 4920 2278 5001 exstinguuntur.

785 5023 943 5085 Nam
984 5021 1158 5084 verbi
1202 5020 1422 5102 gratia,
1457 5018 1568 5101 qui
1609 5019 1778 5082 dolet
1818 5029 2078 5102 propter
2114 5022 2286 5084 dam-

789 5141 942 5183 num
989 5118 1112 5182 sibi
1157 5119 1426 5192 illatum,
1474 5119 2060 5198 recompensatione
2107 5119 2287 5201 largi-

789 5219 937 5281 tatis
985 5226 1281 5296 curat-ur3
1327 5216 1439 5300 qui
1491 5235 1568 5278 ex
1619 5216 1792 5278 illata
1839 5216 2077 5297 injuria
2127 5217 2286 5280 indi-

789 5325 1040 5400 gnatur,
1073 5315 1299 5378 humili
1333 5313 1762 5377 satisfactione
1795 5315 2097 5398 placatur.
2125 5315 2284 5390 Quid

2474 4333 2617 4395 Haec
2647 4350 2796 4413 ergo
2826 4340 2918 4394 est
2951 4331 3060 4394 illa
3088 4331 3526 4394 amaritudinis
3559 4334 3736 4396 radix
3765 4355 3892 4397 sur·
3954 4363 4135 4408 ΗΘΜ,
4168 4383 4259 4416 ω,

2394 4451 2535 4493 sum
2566 4431 2953 4512 germinans,
2988 4451 3129 4513 quae
3160 4449 3227 4492 se
3266 4430 3517 4512 erigens
3554 4433 3633 4494 ad
3672 4453 3891 4515 super-
3922 4427 4006 4469 ¹⁵·

2394 4548 2495 4602 na,
2530 4529 2814 4592 extendit
2844 4547 2910 4590 se
2943 4529 3021 4590 ad
3062 4529 3515 4591 contumeliam
3551 4531 3887 4608 CreatoriS,

2394 4627 2505 4710 qui
2537 4627 2781 4691 homini
2813 4627 3051 4690 bonum
3084 4644 3273 4690 omne
3306 4627 3587 4710 largitur.
3621 4629 3749 4692 Nec
3777 4632 3895 4694 ali-

2393 4745 2585 4808 quem
2631 4735 2879 4788 moveat
2920 4725 3091 4808 quod
3133 4725 3299 4788 Deus
3352 4726 3776 4790 comminatur
3816 4749 3889 4793 se
3917 4754 4256 4814 Jer.=—m‚1:·,
4319 4739 4321 4744 '

2394 4825 2741 4887 missurum
2800 4831 3125 4905 serpentes
3184 4825 3512 4906 pessimoS‚
3562 4827 3670 4908 qui
3732 4845 3892 4890 mor·

2394 4924 2583 4985 deant
2622 4939 2729 4984 eos
2768 4939 3042 5004 quorum
3087 4923 3465 4985 criminibus
3512 4925 3647 5007 ipse
3688 4924 3893 4988 offen-

2393 5022 2584 5082 ditur.
2618 5019 2777 5082 Nam
2809 5021 3099 5102 quamvis
3132 5020 3215 5082 sit
3244 5029 3487 5083 certum
3529 5022 3730 5084 Deum
3761 5043 3891 5088 non

2398 5136 2581 5201 posse
2621 5135 2759 5179 esse
2796 5126 3117 5179 auctorem
3161 5117 3437 5192 invidiae,
3480 5127 3759 5184 attamen
3793 5123 3896 5203 ju-

2397 5224 2567 5279 stum
2598 5224 2692 5278 est
2722 5225 2783 5278 et
2814 5216 3032 5278 divino
3058 5216 3304 5297 judicio
3331 5215 3615 5298 dignum,
3639 5228 3705 5282 ut
3738 5221 3895 5284 dum

2397 5315 2564 5378 bona
2602 5315 2745 5378 data
2784 5315 3200 5378 conferuntur
3236 5316 3615 5393 humilibus,
3648 5328 3710 5382 et
3748 5320 3899 5384 sub·
