4359 6267
570 2550 673 2595 Aet.
686 2563 755 2602 xx,
770 2554 838 2593 33-

571 2616 637 2656 35.

573 4313 611 4418 1⁹!
626 4313 838 4365 Thessali,

574 4518 677 4562 Act.
688 4532 758 4570 xx,
773 4522 839 4562 35.

865 484 983 548 106
1770 504 1849 551 nn
1892 503 2221 549 ms‘rrrtms
2265 504 2348 547 33.
2385 502 2648 549 mmm.
2691 521 2774 531 —
2813 504 2990 550 maan
3027 506 3070 549 x

863 673 993 741 πίε,
1028 674 1202 733 venit
1236 674 1617 734 Corinthum
1634 694 1661 741 ,·
1689 683 1750 732 et
1782 674 2121 732 inveniens
2151 692 2366 751 quem·
2395 672 2445 735 A
2556 671 2631 733 Et
2683 672 2801 734 hoc
2853 674 3062 754 ipsum
3118 673 3276 735 dicit
3321 692 3459 736 esse
3513 674 3744 737 Christi
3799 694 3984 736 man-

864 771 1018 827 dam
1043 772 1347 829 Judaeum
1378 771 1638 828 nomine
1662 771 1999 848 Aquila-m,
2016 771 2360 831 Ponticum

856 884 1121 942 yenere,
1173 877 1232 926 el
1284 857 1667 929 Priscilla-m
1722 887 1990 927 umorem
2044 869 2210 944 ejuS,
2262 886 2362 925 ac-

863 966 1050 1024 cessit
1083 967 1173 1024 ad
1204 984 1330 1034 eoS,
1362 985 1429 1024 eo
1468 968 1640 1043 quod
1683 966 1969 1042 ejusdem
2012 973 2219 1024 essent
2256 985 2363 1024 ar-

866 1062 975 1132 tis,
1020 1072 1081 1122 ec
1130 1065 1428 1122 manebat
1479 1082 1627 1122 cum
1674 1065 1791 1133 eis,
1836 1072 1897 1123 et
1943 1064 2361 1139 operabatur.

862 1163 1081 1222 Erant
1131 1162 1302 1221 eni-m
1346 1162 1828 1235 scenofactorioe
1868 1163 2060 1222 arcis.

1230 1406 1730 1470 CAPITULUM
1790 1406 2005 1468 XVII.

871 1535 1043 1601 Quod
1091 1540 1324 1590 tantum
1369 1541 1654 1606 operatus
1699 1536 1782 1589 sit
1819 1534 2163 1606 Apostolus,
2205 1535 2366 1607 quod

933 1640 1055 1679 non
1092 1624 1398 1696 suffecerit
1426 1626 1485 1679 ei
1514 1626 1859 1687 dumtaxat,
1890 1624 1994 1679 sed
2019 1625 2366 1679 exsistenti-

936 1712 1046 1768 bus
1091 1728 1319 1776 secum,·
1359 1720 1415 1770 et
1452 1714 1743 1787 quomodo
1782 1713 2245 1784 intelliqendum
2281 1714 2364 1767 sit

938 1800 1139 1857 illud:
1169 1804 1421 1858 Beatius
1458 1809 1545 1859 est
1574 1804 1769 1873 maqis
1797 1803 1948 1857 dare
1986 1818 2167 1874 quam
2203 1802 2362 1857 acci-

924 1906 1100 1962 pere:
1122 1898 1303 1964 atque
1332 1892 1669 1963 exemplum
1697 1892 1769 1946 de
1797 1907 1863 1946 eo
1884 1891 1993 1963 qui
2012 1890 2362 1946 laborantes

931 1982 1220 2035 eoetraoeit
1247 1980 1320 2035 de
1346 1981 1733 2036 monasterio.

1003 2148 1236 2211 EINDE
1279 2149 1506 2212 Paulus
1546 2150 1896 2230 procedens
1934 2148 2242 2221 Miletum,
2276 2155 2362 2208 at-

1030 2264 1155 2327 que
1194 2245 1274 2307 ab
1314 2264 1389 2308 66
1433 2247 1571 2308 1666
1610 2245 1929 2327 Ephesum
1977 2245 2257 2317 mittens,
2298 2251 2362 2305 et

866 2343 1268 2425 presbyteros
1315 2344 1735 2425 Ephesiorum
1778 2362 2011 2405 vocans
2056 2344 2133 2404 ad
2177 2362 2266 2413 se,
2299 2350 2361 2404 et

865 2440 1022 2522 ipsis
1064 2440 1442 2521 praecipiens
1481 2440 1755 2522 qualiter
1784 2460 1850 2501 se
1880 2440 2140 2502 absente
2177 2439 2362 2501 debe-

864 2545 1005 2599 rent
1034 2537 1143 2599 Dei
1178 2536 1527 2599 Ecclesiam
1561 2556 1798 2618 regere,
1823 2538 1911 2599 ait
1945 2557 1959 2601 :
1993 2541 2362 2614 Aryentum

864 2645 927 2695 et
968 2655 1209 2695 aarum
1258 2638 1513 2695 nullius
1560 2637 1923 2711 concupivi,
1966 2636 2096 2710 ipsi
2136 2637 2318 2694 scitis
2336 2656 2365 2703 ,-

864 2734 1175 2812 quoniam
1234 2736 1321 2794 ad
1376 2736 1595 2793 omnia
1653 2755 1728 2793 ea
1781 2754 1925 2812 quw
1982 2734 2151 2792 milli
2204 2751 2365 2809 opus

865 2839 1080 2899 erant,
1111 2840 1171 2891 et
1212 2832 1316 2891 llis
1358 2832 1477 2909 qui
1517 2852 1764 2891 mecum
1806 2841 1983 2900 sunl,
2024 2832 2364 2889 ministra-

864 2938 1100 2989 verunt
1138 2949 1373 2989 manus
1411 2932 1573 2989 istcc.
1612 2931 1845 2993 Omnia
1876 2931 2132 2989 ostendi
2160 2930 2359 2999 vobis,

863 3028 1020 3105 quia
1060 3028 1153 3086 sio
1193 3029 1578 3095 laborantes,
1610 3036 1856 3103 oportet
1897 3028 2222 3102 suscipere
2266 3028 2362 3085 in-
2400 3021 2443 3084 C
2476 3020 2574 3082 nis
2618 3038 2745 3102 quo
2786 3020 3084 3093 vescitur,
3120 3039 3197 3081 ex
3242 3020 3416 3082 Pauli
3459 3021 3792 3094 sententia,
3827 3040 3974 3083 con-
4001 3047 4041 3089 ιι
4059 3048 4278 3095 Theaua

861 3128 1111 3201 firmos,
1142 3144 1217 3183 ac
1246 3126 1613 3184 meminisse
1644 3127 1827 3185 verbi
1852 3126 2123 3185 Domini
2150 3127 2366 3183 nostri

862 3224 1017 3281 Jesu
1048 3224 1317 3291 Christi,
1342 3224 1649 3300 quoniam
1685 3224 1817 3299 ipse
1846 3224 2025 3291 distic
2046 3242 2068 3279 .·
2089 3224 2364 3282 Bealz'us

864 3328 957 3377 est
1006 3321 1215 3395 mayis
1262 3322 1425 3379 dare
1472 3340 1664 3397 quam
1716 3322 2027 3395 accipere.
2068 3320 2362 3399 Magnum

864 3422 927 3476 et
966 3416 1236 3477 arduum
1285 3416 1469 3478 nobis
1519 3417 1777 3497 reliquit
1824 3418 2190 3497 exemplum
2234 3437 2362 3480 suae

866 3514 1387 3586 conversationiS,
1423 3533 1621 3595 quum
1654 3521 1919 3575 testatur
1950 3533 2015 3575 36
2046 3533 2184 3575 6336
2215 3531 2362 3595 ope-

867 3620 1073 3672 ratum
1124 3628 1249 3672 non
1306 3613 1511 3674 solum
1562 3621 1873 3693 quantum
1932 3612 2360 3674 necessarium

865 3708 989 3771 fuit
1031 3710 1476 3772 sustentationi
1520 3710 1802 3792 corporis
1848 3710 1969 3784 sui,
2013 3711 2123 3771 sed
2167 3709 2360 3771 etiam

863 3808 1034 3889 quod
1079 3806 1380 3869 sufficere
1421 3808 1626 3890 potuit
1667 3808 1809 3869 usui
1858 3827 2078 3870 eorum
2120 3809 2230 3890 qui
2271 3828 2363 3870 se-

870 3924 1017 3966 cum
1053 3913 1252 3978 erant,
1287 3905 1388 3967 his
1418 3906 1660 3967 scilicet
1693 3906 1806 3987 qui
1838 3906 2212 3968 necessariis
2245 3907 2362 3967 mi-

865 4002 1147 4065 nisteriis
1208 4002 1648 4083 spiritualibus
1700 4003 1985 4084 quotidie
2043 4004 2359 4085 occupati,

868 4118 995 4162 non
1046 4109 1336 4181 poterant
1386 4101 1507 4162 sibi
1559 4102 1715 4183 ipsis
1771 4102 2099 4183 acquirere
2151 4121 2364 4164 neces-

2474 770 2713 844 datum‚
2764 793 2797 829 «
2828 772 3129 852 quoniam
3181 772 3316 853 ipse
3353 794 3386 829 >³
3436 772 3742 834 Dominus
3790 774 3980 834 Jesus
4011 791 4274 837 Acamas.
4318 808 4319 825 t

2478 868 2712 941 «dixit,
2746 869 2998 931 Beatius
3037 877 3136 931 est
3167 870 3367 951 magis
3401 871 3548 933 dare
3578 889 3774 952 quam
3815 871 3982 933 acci-

2476 985 2627 1047 pere
2648 989 2704 1040 »,
2739 967 2858 1029 1166
2893 976 3011 1041 est,
3045 968 3288 1030 beatior
3317 975 3412 1030 est
3443 968 3697 1049 largitas
3739 968 3978 1050 imper-

2474 1064 2694 1125 tientis
2742 1083 2853 1127 seu
2902 1066 3130 1139 dantiS‚
3184 1085 3376 1147 quam
3425 1066 3693 1148 penuria
3739 1066 3980 1147 accipi-

2474 1162 2640 1223 entis
2692 1180 2706 1224 :
2756 1182 2899 1244 quae
2952 1163 3206 1245 largitas
3265 1163 3658 1245 impenditur
3717 1181 3844 1227 non
3897 1165 3976 1226 de

2474 1260 2747 1339 pecunia
2773 1280 2888 1341 per
2919 1260 3368 1324 infidelitatem
3399 1269 3508 1323 aut
3539 1261 3976 1324 diffidentiam

2475 1366 2811 1431 reservata,
2844 1377 2962 1420 nec
3009 1359 3085 1420 de
3131 1359 3475 1421 reconditis
3517 1359 3800 1423 avaritiae
3841 1359 3980 1421 the-

2476 1455 2702 1530 sauris,
2763 1456 2873 1518 sed
2931 1456 3268 1518 exhibetur
3323 1458 3401 1519 de
3461 1457 3703 1539 proprii
3761 1458 3978 1539 operis

2479 1551 2690 1613 fructu
2731 1570 2804 1613 ac
2852 1552 2959 1633 pio
3003 1553 3250 1614 sudore.
3287 1553 3364 1614 Et
3404 1553 3547 1615 ideo
3591 1553 3835 1615 beatius
3879 1562 3976 1615 est

2479 1650 2676 1730 magis
2709 1651 2854 1711 dare
2885 1668 3077 1732 quam
3107 1650 3418 1731 accipere,
3443 1652 3594 1732 quia
3622 1670 3822 1733 quum
3855 1652 3977 1713 iste

2478 1747 2586 1829 qui
2628 1747 2872 1821 tribuit,
2907 1748 3137 1810 habeat
3178 1756 3616 1830 paupertatem
3657 1748 3832 1811 illius
3860 1750 3974 1831 qui

2399 1842 2447 1904 B
2475 1846 2728 1927 accipit,
2762 1846 3019 1908 festinat
3050 1847 3310 1928 proprio
3352 1846 3563 1909 labore
3602 1866 3675 1909 ac
3707 1847 3812 1929 pia
3851 1847 3976 1909 sol-

2478 1944 2808 2006 licitudine
2849 1963 3186 2025 procurare
3229 1963 3354 2007 non
3395 1945 3602 2007 solum
3645 1944 3976 2007 sufficien-

2472 2042 2628 2103 tiam
2674 2062 2804 2105 suae
2845 2043 3263 2116 necessitatis,
3297 2061 3520 2104 verum
3565 2044 3756 2106 etiam
3801 2044 3972 2126 quod

2475 2148 2729 2221 praestet
2775 2139 3109 2221 egentibus
3157 2158 3170 2201 :
3218 2148 3436 2223 utpote
3485 2142 3725 2223 duplici
3773 2142 3976 2223 gratia

2473 2238 2825 2311 decoratus,
2859 2239 3011 2320 quia
3049 2239 3395 2320 perfectam
3429 2239 3662 2301 Christi
3705 2258 3974 2321 pauper-

2473 2344 2666 2398 tatem
2699 2337 2978 2418 possidet
3007 2337 3366 2417 abjectione
3397 2338 3842 2399 universarum
3876 2356 3972 2400 re-

2474 2451 2615 2493 rum
2646 2452 2926 2506 suarum,
2959 2441 3020 2494 et
3055 2432 3498 2495 liberalitatem
3539 2434 3756 2496 divitis
3798 2434 3972 2496 exhi-

2475 2528 2580 2590 bet
2625 2549 2702 2591 ex
2747 2529 2985 2591 effectu
3035 2531 3134 2592 sui
3186 2530 3454 2609 laboris3
3499 2531 3719 2613 sicque
3767 2533 3970 2593 Deum
3999 2558 4277 2603 promus,

2474 2626 2739 2689 honorat
2780 2628 2856 2689 de
2898 2628 3089 2708 justis
3134 2629 3267 2690 suis
3314 2628 3658 2703 laboribuS,
3691 2628 3972 2692 offerens
3995 2620 4276 2675 ‹imm-xx·
4318 2626 4319 2693 ἶ

2473 2725 2531 2785 ei
2563 2726 2640 2786 de
2673 2725 2988 2788 fructibus
3019 2746 3147 2789 suae
3175 2726 3459 2806 justitiae.
3483 2726 3593 2788 Ille
3623 2745 3794 2802 vero,
3821 2735 3974 2809 puta

2471 2824 2816 2905 accipienS,
2851 2824 3166 2886 resolutus
3211 2832 3463 2906 torpore
3509 2832 3698 2906 atque
3744 2826 3974 2887 inertia

2473 2922 2608 2995 otii,
2641 2923 2917 2984 ostendit
2957 2942 3022 2985 se
3068 2922 3259 2983 etiam
3301 2922 3636 3003 indignum
3680 2924 3826 2985 cibo
3863 2943 3971 3004 pa-

2475 3125 2570 3178 tra
2611 3117 2796 3197 cujus
2841 3117 3339 3199 prohibitionem
3379 3118 3619 3179 otiosus
3660 3119 3972 3181 exsistens
4003 3114 4078 3152 ¹⁰·

2475 3217 2856 3278 manducare
2889 3216 3238 3297 praesumit,
3271 3234 3399 3279 non
3439 3216 3578 3278 sine
3617 3224 3791 3279 reatu
3829 3236 3972 3299 pec-

2473 3314 2616 3374 cati.

2551 3412 2857 3474 Novimus
2890 3412 3168 3474 Fratrem
3197 3412 3420 3493 (quem
3459 3411 3838 3475 nominatim
3869 3432 3976 3475 ex-

2475 3509 2918 3591 primeremuS,
2963 3510 3014 3571 si
3060 3529 3138 3571 ex
3187 3510 3306 3572 hoc
3357 3510 3560 3591 major
3609 3518 3978 3573 nasceretur

2476 3608 2837 3687 instructio)
2884 3608 2995 3689 qui
3044 3627 3243 3689 quum
3303 3608 3370 3669 in
3429 3609 3814 3671 monasterio
3873 3609 3978 3671 ha-

2477 3706 2726 3781 bitaret,
2759 3714 2822 3767 et
2852 3724 2929 3767 ex
2960 3706 3412 3768 commissione
3443 3706 3568 3767 sibi
3609 3705 3775 3769 facta
3803 3724 3978 3769 com-

2478 3804 2822 3886 pelleretur
2853 3803 3188 3884 praefixum
3228 3811 3418 3886 atque
3452 3804 3814 3885 injunctum
3851 3805 3976 3867 sibi

2476 3920 2636 3982 opus
2673 3900 2955 3982 quotidie
2993 3901 3366 3983 adimplere,
3403 3911 3465 3964 et
3498 3919 3828 3965 oeconomo
3863 3922 3976 3965 seu

2475 3999 2895 4080 dispensatori
2962 3999 3025 4060 id
3088 4000 3352 4073 tradere,
3413 3999 3803 4081 vidissetque
3863 4000 3976 4063 ali-

2475 4117 2666 4180 quem
2699 4100 2976 4160 Fratrem
3019 4099 3285 4161 intrasse
3315 4098 3702 4174 coenobium‚
3737 4100 3848 4180 qui
3878 4119 3976 4161 ar-

867 4198 1033 4259 saria
1080 4199 1279 4261 victui
1332 4199 1627 4261 manibus
1678 4199 1829 4261 suis.
1864 4200 2148 4281 Denique
2199 4201 2365 4261 sicut
2395 4202 2444 4263 D
2476 4196 2626 4258 dore
2669 4195 2823 4256 fidei
2871 4196 3062 4257 vellet
3107 4196 3353 4277 aliquid
3399 4197 3565 4257 ultra
3607 4196 3972 4276 injunctum

867 4297 946 4358 ad
978 4297 1569 4359 Thessalonicenses
1611 4296 1771 4359 dixit
1810 4317 1875 4359 se
1906 4305 2260 4378 operatum,
2295 4306 2364 4358 ut

868 4393 995 4455 illis
1045 4395 1222 4456 daret
1269 4394 1539 4457 formam
1586 4394 1665 4455 ad
1717 4394 2095 4455 imitandum
2148 4413 2236 4469 se,
2282 4395 2367 4456 ita

867 4499 931 4553 et
970 4491 1074 4553 hic
1120 4492 1243 4553 tale
1290 4492 1446 4573 quid
1494 4492 1737 4553 addidit
1784 4511 1799 4554 :
1849 4514 1882 4550 <c
1916 4492 2139 4553 Omnia
2171 4515 2204 4550 »
2245 4493 2368 4573 (in-

866 4588 1122 4670 quiens)
1163 4611 1196 4646 «
1227 4589 1471 4651 ostendi
1517 4588 1720 4661 vobiS,
1756 4588 1906 4670 quia
1948 4590 2039 4650 sic
2084 4590 2366 4651 laboran-

868 4693 981 4759 teS‚
1036 4693 1284 4767 oportet
1333 4686 1657 4767 suscipere
1710 4685 2091 4761 infirmos»,
2148 4688 2212 4748 id
2270 4695 2366 4749 est

866 4791 1081 4845 mente
1112 4783 1212 4844 vel
1255 4802 1516 4865 corpore
1556 4783 1822 4858 debileS,
1859 4792 1928 4846 ut
1957 4803 2064 4847 eos
2106 4785 2364 4847 festine-

866 4900 1009 4943 mus
1040 4880 1306 4942 reficere
1339 4882 1549 4962 potius
1579 4891 1795 4945 nostro
1830 4883 2062 4955 labore,
2096 4902 2168 4944 ac
2202 4902 2367 4945 sum-

866 4987 979 5061 ptu
1018 4980 1334 5061 acquisito
1372 4979 1569 5041 nostri
1603 4980 1813 5062 operis
1856 4982 2107 5055 sudore,
2142 4988 2206 5042 et
2237 4999 2363 5043 non

864 5077 943 5140 de
1000 5077 1326 5159 opulentia
1388 5085 1623 5151 nostra,
1684 5098 1891 5161 neque
1950 5080 2027 5141 de
2092 5080 2366 5161 pecunia

863 5176 1161 5256 reposita,
1195 5177 1303 5238 sed
1338 5194 1455 5237 nec
1485 5177 1563 5238 de
1593 5176 1863 5239 aliorum
1909 5178 2195 5258 largitate
2228 5178 2362 5239 sive

866 5274 1239 5336 substantia.

2475 4312 2635 4375 opus
2677 4293 2960 4355 laborare
2995 4313 3010 4356 :
3045 4294 3461 4375 persuadebat
3492 4294 3552 4355 ei
3584 4295 3796 4376 pravis
3828 4313 3974 4357 con—

2475 4392 2636 4453 siliis
2677 4410 2749 4453 ac
2789 4390 3353 4465 susurrationibus,
3389 4399 3458 4452 ut
3491 4410 3530 4452 a
3567 4392 3840 4454 claustro
3879 4411 3974 4453 re-

2475 4490 2746 4561 cederet,
2782 4490 3034 4571 quando
3075 4507 3200 4551 non
3242 4497 3487 4570 poterat
3516 4507 3664 4550 eum
3705 4490 3972 4553 occultis

2475 4587 3017 4649 susurrationibus
3059 4604 3354 4648 revocare
3383 4587 3464 4648 ab
3496 4587 3846 4650 intentione
3886 4589 3973 4650 la-

2476 4685 2738 4747 borandi
2805 4693 2932 4745 tam
2995 4684 3264 4757 fortiter,
3335 4702 3413 4746 ne
3477 4684 3974 4748 confunderetur

2475 4784 2768 4865 exemplo
2825 4784 3021 4857 illius,
3073 4784 3174 4845 vel
3229 4802 3310 4845 ne
3360 4784 3504 4864 plus
3564 4784 3847 4847 laborare
3895 4804 3972 4847 ex

2476 4884 2595 4945 hoc
2627 4890 2973 4963 cogeretur.
3010 4883 3318 4963 Denique,
3353 4890 3424 4942 ut
3461 4882 3742 4945 Fratrem
3781 4882 3972 4945 talem

2475 4981 2710 5042 faceret
2769 4980 3024 5042 facilius
3071 4999 3108 5041 a
3156 4980 3448 5042 coenobio
3499 4982 3970 5061 transmigrare,

2476 5078 2788 5140 confinxit
2837 5098 2903 5140 se
2952 5095 3204 5160 quoque
3256 5077 3390 5158 jam
3437 5078 3591 5140 olim
3648 5078 3971 5141 offensum

2475 5196 2552 5239 ex
2608 5176 2826 5237 multis
2887 5175 3115 5249 causiS,
3168 5176 3332 5238 velle
3385 5195 3423 5237 a
3475 5175 3634 5237 cella
3688 5176 3972 5238 discede-

2478 5294 2566 5349 re,
2600 5274 2652 5336 si
2694 5273 3022 5335 habuisset
3059 5274 3356 5336 solatium
3391 5274 3510 5337 viae
3547 5282 3656 5336 aut
3695 5274 3965 5337 socium.
