4359 6267
845 492 963 557 158

1564 511 1980 559 COLLA'rloNtm
2021 512 2106 557 SS.
2140 510 2386 556 PATmm
2426 510 2602 556 mum
2641 512 2681 556 1.
2727 530 2808 539 —
2848 510 3136 559 cottATto
3177 512 3222 558 11

847 682 975 743 lam
1024 700 1203 744 suam
1264 688 1707 755 reverteretur,
1758 698 2032 761 moxque
2078 687 2209 742 tota
2251 680 2342 742 fe·
2369 681 2422 741 A
2453 680 2714 761 insuper
2770 680 3129 761 perniciosa
3175 682 3612 764 desperatione
3669 681 3948 763 fregisti,

846 780 1186 843 stinatione
1231 780 1510 862 perrexit
1548 780 1626 843 ad
1672 779 2127 843 monasterium
2171 778 2341 839 senis

847 878 1115 960 praefati.
1152 879 1267 941 Cui
1311 897 1513 960 quum
1556 878 2067 960 propinquasset,
2108 895 2341 958 expan-

847 978 1004 1039 dens
1046 996 1273 1039 manus
1312 977 1515 1039 oravit
1545 994 1692 1038 cum
1735 975 2036 1048 lacrimis,
2069 975 2288 1036 dicens
2323 993 2337 1037 z

844 1075 1133 1147 Domine,
1178 1074 1288 1156 qui
1338 1074 1511 1137 solus
1555 1093 1621 1135 es
1669 1072 1908 1136 arbiter
1952 1072 2097 1153 pius
2147 1071 2344 1134 medi-

851 1191 1091 1254 cusque
1155 1172 1465 1234 discretus
1524 1172 1759 1234 virium
1822 1170 2218 1233 occultarum
2279 1178 2342 1231 et

846 1271 1239 1333 infirmitatis
1296 1270 1611 1346 humanae,
1664 1277 1960 1333 converte
2010 1270 2341 1350 impugna·

844 1370 1085 1432 tionem
1127 1368 1384 1450 juvenis
1430 1369 1602 1431 illius
1644 1369 1707 1430 in
1759 1386 1976 1431 senem
2021 1368 2240 1440 istum,
2272 1374 2342 1427 ut

845 1465 1071 1529 saltem
1111 1466 1177 1528 in
1221 1472 1546 1527 senectute
1577 1484 1692 1527 sua
1728 1465 1929 1527 discat
1961 1464 2340 1527 condescen-

844 1566 995 1626 dere
1052 1583 1125 1626 ac
1175 1555 1451 1645 compati
1512 1562 1996 1626 infirmitatibus
2055 1561 2342 1624 laboran-

845 1662 1009 1724 tium
1073 1662 1528 1744 fragilitatique
1591 1660 1940 1742 juniorum.
2006 1660 2342 1741 Quumque

846 1779 994 1823 cum
1045 1761 1286 1841 gemitu
1335 1759 1496 1822 hanc
1548 1777 1803 1841 precem
1855 1758 2130 1831 finisset,
2180 1758 2342 1820 vidit

2450 784 2512 839 et
2562 786 2870 859 quantum
2933 779 3000 840 in
3057 787 3120 841 te
3168 786 3284 855 est,
3337 780 3635 842 manibus
3693 779 3952 841 inimici

2451 876 2680 939 dedisti
2721 876 2798 938 ad
2844 877 3278 940 devorandum
3327 878 3681 959 lugubriter
3720 878 3802 941 ab
3843 896 3954 941 eo-

2450 975 2615 1037 dem.
2661 975 2776 1049 Qui
2826 976 2964 1038 sine
3011 976 3208 1040 dubio
3257 978 3538 1040 Fratrem
3585 978 3770 1040 illum
3813 996 3952 1041 non

2449 1073 2678 1135 fuisset
2734 1081 2864 1135 tam
2914 1074 3277 1137 vehementi
3336 1075 3642 1138 conflictu
3699 1096 3956 1157 aggres-

2451 1190 2580 1243 suS,
2613 1171 2853 1253 quippe
2899 1172 3010 1253 qui
3053 1179 3116 1234 et
3154 1172 3529 1253 dedignatus
3573 1182 3670 1236 est
3711 1175 3956 1237 hucus-

2451 1287 2575 1350 que
2623 1276 2686 1330 te
2733 1269 3010 1351 aggredi,
3052 1270 3178 1332 nisi
3226 1270 3442 1333 futuro
3491 1272 3722 1334 Fratris
3769 1273 3952 1335 illius

2452 1367 2764 1448 profectui
2824 1367 3138 1443 invidens,
3189 1367 3551 1431 festinasset
3596 1370 3952 1451 anticipare

2449 1472 2638 1546 atque
2670 1465 3038 1528 subvertere
3074 1467 3306 1547 jaculis
3337 1468 3469 1529 suis
3509 1468 3726 1548 ignitis
3766 1468 3950 1531 illam

2451 1564 2755 1626 virtutem
2799 1583 2989 1645 quam
3036 1565 3212 1627 cordi
3254 1565 3394 1645 ejus
3437 1565 3734 1627 cernebat
3779 1566 3949 1629 ines-

2452 1679 2540 1733 se,
2595 1660 2954 1742 intelligens
3015 1681 3163 1724 eum
3216 1671 3277 1724 te
3325 1662 3677 1738 fortiorem,
3727 1672 3952 1727 contra

2452 1777 2643 1839 quem
2675 1758 2938 1838 dignum
2971 1759 3152 1821 duxit
3174 1760 3578 1823 vehementia
3602 1768 3778 1823 tanta
3806 1780 3956 1824 con-

844 1867 1079 1921 tetrum
1111 1858 1470 1940 AEthiopem
1512 1865 1782 1919 stantem
1815 1864 2033 1920 contra
2063 1856 2234 1917 senis
2267 1856 2339 1917 il-
2375 1855 2423 1918 B
2452 1856 2696 1937 fligere.
2723 1857 2856 1919 Tuo
2895 1857 3087 1937 igitur
3116 1857 3290 1920 disce
3330 1859 3624 1941 exemplo
3663 1859 3954 1922 laboran-

846 1957 971 2019 lius
1012 1957 1261 2031 cellam,
1295 1964 1358 2019 et
1390 1957 1586 2037 ignita
1621 1956 1834 2036 jacula
1874 1955 2232 2016 mittentem
2273 1954 2338 2015 in

845 2054 1091 2117 cellam.
1114 2054 1355 2128 Quibus
1387 2053 1494 2116 ille
1526 2053 1866 2126 sauciatuS,
1890 2052 2101 2115 statim
2134 2070 2339 2133 egres-

847 2173 955 2215 sus
987 2161 1082 2215 est
1113 2153 1362 2227 cellam,
1396 2160 1460 2214 et
1488 2160 1792 2233 tanquam
1821 2170 2041 2213 amens
2071 2169 2143 2212 ac
2174 2149 2341 2211 ebri-

844 2270 920 2313 us
961 2251 1155 2331 coepit
1194 2250 1498 2341 cursitare
1541 2250 1691 2311 hinc
1737 2249 1920 2328 inde3
1963 2267 2080 2310 nec
2122 2247 2340 2309 valens

844 2347 911 2410 in
944 2348 1104 2410 cella
1134 2347 1778 2430 persistere,arripuit
1802 2348 1972 2409 viam
2005 2365 2117 2428 per
2146 2363 2337 2426 quam

843 2453 907 2509 et
933 2446 1191 2527 juvenis
1221 2446 1329 2508 ille
1356 2445 1611 2508 abierat.
1633 2444 1873 2519 Quibus
1902 2444 2077 2517 visis,
2102 2444 2342 2505 intelle-

847 2545 940 2607 xit
967 2544 1195 2627 Apollo
1233 2544 1498 2625 ignitam
1539 2544 1831 2624 sagittam
1870 2562 2060 2624 quam
2095 2542 2339 2604 viderat

844 2662 983 2707 esse
1022 2642 1289 2705 infixam
1332 2642 1505 2704 cordi
1547 2642 1718 2704 senis
1754 2640 1948 2715 illius,
1982 2649 2044 2702 et
2078 2658 2338 2701 causare

845 2741 911 2803 in
974 2759 1051 2804 eo
1112 2748 1350 2803 tantam
1409 2739 1853 2803 confusionem
1916 2738 2337 2820 perturbatio-

846 2857 1123 2921 nemque
1165 2838 1381 2901 animi.

921 2936 1243 2999 Accedens
1284 2954 1434 3016 ergo
1467 2935 1543 2997 ad
1584 2954 1755 3007 eum,
1788 2934 1947 2996 dixit
1982 2954 1995 2997 :
2029 2934 2162 3007 Quo
2193 2950 2334 3015 pro-

2451 1953 2623 2015 tibus
2653 1953 3086 2035 compati,nec
3109 1962 3379 2018 tentatos
3409 1974 3482 2017 ac
3513 1956 3950 2037 periclitantes

2450 2051 2527 2112 ad
2561 2051 3064 2132 desperationem
3100 2053 3423 2127 inducere,
3447 2071 3656 2134 neque
3685 2055 3952 2117 durissi-

2451 2149 2572 2210 mis
2603 2149 3005 2212 sermonibus
3035 2168 3440 2232 exasperare3
3468 2152 3578 2213 sed
3607 2152 3805 2214 refice
3833 2170 3948 2214 eos

2450 2246 2878 2308 consolatione
2923 2246 3153 2308 blanda
3194 2266 3268 2309 ac
3313 2248 3476 2322 miti,
3518 2256 3580 2310 et
3619 2249 3802 2329 juxta
3847 2269 3948 2311 sa-

2449 2344 2834 2425 pientissimi
2869 2345 3223 2408 Salomonis
3258 2354 3669 2428 praeceptum,
3703 2348 3944 2409 Eruere

2448 2461 2555 2504 eos
2586 2443 2697 2523 qui
2729 2442 3051 2504 ducuntur
3088 2444 3168 2505 ad
3208 2450 3502 2517 mortem,
3535 2450 3598 2506 et
3627 2445 3942 2507 redimere

2448 2558 2555 2603 eos
2606 2542 2718 2622 qui
2777 2541 3276 2615 interficiuntur,
3329 2561 3408 2604 ne
3457 2562 3714 2625 parcas3
3764 2544 3944 2607 Chri-

3987 2368 4278 2416 ᾖσι-,ψῃ

3975 2435 4054 2479 1¹,
4085 2434 4228 2486 Juxta

3973 2493 4110 2536 Lxx.

2447 2640 2526 2701 sti
2557 2657 2810 2721 quoque
2841 2640 3134 2721 exemplo
3171 2641 3547 2703 arundinem
3579 2650 3940 2723 quassatam
3971 2663 4178 2708 uacca.
4197 2680 4278 2709 ιι..

2446 2756 2572 2799 non
2619 2746 2926 2813 conteraS,
2959 2746 3021 2800 et
3060 2738 3262 2801 linum
3311 2738 3630 2820 fumigans
3671 2757 3800 2802 non
3837 2760 3944 2803 ex-

2445 2836 2749 2916 stinguas,
2792 2844 2856 2897 et
2901 2837 3167 2917 gratiam
3219 2838 3392 2900 illam
3439 2856 3477 2900 a
3519 2838 3788 2901 Domino
3834 2856 3945 2920 po-

2445 2934 2631 3007 stula,
2666 2953 2792 3015 qua
2831 2934 3079 3016 adepta,
3113 2934 3323 2997 valeas
3363 2935 3751 2998 fiducialiter
3779 2936 3943 2998 veri-

844 3053 1049 3118 peras,
1100 3042 1210 3096 aut
1257 3053 1397 3115 quae
1450 3052 1653 3095 causae
1703 3040 1831 3095 tam
1894 3031 2226 3114 pueriliter
2274 3038 2334 3093 te
2372 3036 2415 3099 C
2445 3038 2571 3093 tate
2615 3050 2687 3093 ac
2730 3050 2922 3114 opere
2966 3034 3300 3095 decantare
3349 3050 3362 3095 :
3410 3034 3717 3097 Dominus
3763 3035 3942 3097 dedit

845 3133 1199 3213 inquietant
1257 3132 1527 3193 oblitum
1587 3131 1912 3212 gravitatis
1971 3129 2214 3203 seniliS,
2275 3136 2337 3191 et

844 3238 1077 3313 cogunt
1115 3238 1176 3292 te
1214 3230 1423 3292 taliter
1466 3230 1816 3292 cursitare?
1854 3230 2190 3310 Quumque
2230 3228 2336 3289 ille

844 3328 1147 3392 confusus
1196 3335 1373 3390 reatu
1423 3327 1826 3389 conscientiae
1876 3346 2005 3389 suae
2047 3345 2120 3388 ac
2163 3326 2336 3408 turpi

844 3426 1244 3507 cogitatione,
1278 3427 1563 3487 crederet
1604 3424 1893 3487 ardorem
1938 3443 2067 3487 suae
2107 3441 2338 3487 concu-

844 3524 1173 3606 piscentiae
1222 3524 1714 3606 deprehensum,
1766 3541 1885 3584 nec
1934 3523 2194 3585 auderet
2242 3542 2337 3584 re-

844 3623 1253 3705 sponsionem
1302 3621 1581 3703 aliquam
1627 3622 1776 3683 dare
1824 3621 2153 3702 quaerenti,
2197 3621 2337 3700 ejus

842 3740 1071 3783 arcana
1111 3720 1358 3793 scienti,
1390 3719 1552 3781 dixit
1593 3720 1671 3782 ad
1710 3738 1857 3781 eum
1901 3719 2095 3781 abbas
2130 3737 2144 3779 ε
2182 3719 2336 3781 Redi

842 3821 921 3881 ad
983 3817 1208 3881 cellam
1268 3826 1463 3892 tuam,
1516 3825 1579 3880 et
1626 3818 1880 3879 tandem
1941 3817 2225 3898 intellige
2276 3825 2335 3880 te

841 3918 1174 3998 hucusque
1220 3935 1257 3978 a
1299 3916 1551 3979 diabolo
1602 3916 1958 3997 ignoratum
2004 3923 2113 3976 aut
2162 3934 2334 3996 spre-

837 4024 999 4090 tum,
1042 4033 1160 4077 nec
1205 4014 1272 4076 in
1314 4032 1535 4077 eorum
1581 4032 1849 4076 numero
1896 4020 2334 4094 computatum

839 4122 1057 4177 contra
1085 4131 1244 4195 quos
1278 4114 1383 4175 ille
1416 4112 1753 4193 instigatur
1782 4111 2127 4192 confligere
2158 4111 2334 4173 omni

2447 3129 2603 3191 mihi
2650 3130 2930 3211 linguam
2977 3131 3313 3205 eruditam,
3347 3140 3418 3193 ut
3457 3133 3652 3195 sciam
3693 3140 3942 3196 susten-

2445 3235 2576 3291 tare
2636 3247 2783 3290 eum
2845 3230 2956 3310 qui
3021 3229 3222 3291 lassus
3285 3238 3381 3292 est
3438 3231 3650 3293 verbe.
3713 3231 3940 3293 Nullus

2445 3328 2683 3390 etenim
2725 3336 2938 3408 posset
2969 3327 3240 3389 sufferre
3273 3328 3535 3391 insidias
3576 3329 3844 3402 inimici,
3877 3338 3942 3391 et

2445 3433 2635 3489 aestus
2667 3425 2948 3487 carnales
2979 3427 3249 3488 naturali
3281 3427 3486 3489 calore
3515 3428 3808 3489 ardentes
3835 3446 3940 3489 ex-

2445 3525 2764 3604 stinguere
2812 3523 2944 3586 sive
2993 3524 3361 3606 reprimere,
3409 3525 3533 3586 nisi
3577 3526 3778 3606 gratia
3826 3526 3936 3587 Dei

2443 3630 2725 3684 nostram
2775 3622 3218 3683 infirmitatem
3260 3623 3534 3704 juvaret,
3579 3623 3682 3685 vel
3730 3632 3937 3705 prote-

2443 3728 2617 3800 geret
2675 3728 2738 3782 et
2796 3721 3093 3783 muniret.
3153 3721 3396 3783 Idcirco
3455 3721 3640 3783 finita
3695 3722 3938 3785 ratione

2444 3818 2934 3900 dispensationis
2979 3818 3170 3900 hujus
3215 3819 3510 3892 salubris,
3554 3839 3681 3901 qua
3725 3820 3938 3882 Domi-

2444 3936 2564 3978 nus
2591 3917 2792 3979 voluit
2816 3917 3119 3998 juvenem
3153 3916 3334 3978 illum
3365 3937 3402 3978 a
3431 3918 3806 3999 perniciosis
3837 3919 3938 3979 bis

2443 4015 2702 4077 aestibus
2753 4015 3042 4087 liberare,
3087 4024 3276 4097 teque
3322 4016 3575 4078 erudire
3625 4017 3702 4078 de
3749 4017 3940 4079 vehe-

2445 4114 2682 4175 mentia
2722 4114 3144 4176 tentationum
3183 4121 3243 4176 et
3283 4115 3745 4195 compassionis
3785 4115 3940 4178 affe-

836 4212 961 4286 die,
998 4219 1375 4294 provocatus
1410 4211 1637 4272 studiis
1673 4210 2193 4293 profectibusque
2233 4228 2334 4271 eo-
2365 4218 2412 4279 D
2444 4218 2572 4285 ctu,
2613 4212 3063 4273 communibus
3108 4211 3406 4293 precibus
3449 4231 3598 4274 eum
3641 4230 3938 4294 rogemus

836 4329 979 4372 rum
1015 4327 1029 4371 ε
1064 4310 1175 4391 qui
1221 4316 1363 4391 post
1404 4315 1492 4370 tot
1533 4326 1733 4371 annos
1777 4326 1935 4389 quos
1980 4308 2047 4369 in
2092 4307 2332 4389 profes-

835 4408 1012 4471 sione
1052 4408 1169 4470 hac
1203 4407 1679 4489 consumpsisti,
1715 4424 1843 4469 non
1884 4406 2167 4488 potuisti,
2204 4426 2331 4469 non

835 4506 1043 4568 dicam
1074 4506 1522 4587 respuere‚sed
1552 4525 1669 4567 nec
1694 4504 1964 4567 sufferre
1996 4525 2109 4587 per
2140 4525 2330 4567 unam

835 4605 1005 4667 diem
1066 4622 1267 4665 unum
1318 4602 1553 4666 diaboli
1609 4602 1895 4683 jaculum
1955 4603 2019 4665 in
2067 4613 2129 4665 te
2181 4604 2330 4666 mis-

834 4722 977 4764 sum
1033 4720 1161 4784 quo
1212 4702 1378 4764 Deus
1439 4702 1730 4782 permisit
1780 4710 1840 4763 te
1896 4702 2208 4780 sauciari3
2259 4710 2329 4764 ut

834 4800 1060 4863 saltem
1102 4800 1167 4861 in
1208 4800 1387 4861 senio
1425 4799 1631 4861 discas
1671 4798 1897 4861 alienis
1944 4798 2328 4862 infirmitati-

833 4898 955 4960 bus
996 4898 1355 4969 condolere,
1390 4897 1607 4979 sicque
1646 4896 1903 4978 propria
1932 4898 2327 4979 experientia

830 5004 894 5058 et
923 4996 1016 5057 tui
1058 4995 1261 5078 ipsius
1291 4995 1584 5077 exemplo
1623 4995 1906 5058 docearis
1943 4996 2325 5058 condescen-

828 5096 977 5159 dere
1008 5093 1458 5176 fragilitatibus
1494 5094 1845 5175 juniorum,
1879 5093 1991 5174 qui
2017 5094 2320 5174 juvenem

828 5193 1012 5255 illum
1051 5191 1364 5255 diabolica
1407 5191 1884 5274 impugnatione
1930 5191 2320 5255 laborantem

827 5308 957 5354 non
1000 5290 1207 5354 solum
1252 5290 1428 5353 nulla
1470 5289 1897 5353 consolatione
1936 5289 2176 5366 fovisti,
2210 5292 2318 5353 sed

2443 4317 2513 4371 ut
2557 4309 2780 4390 jubeat
2824 4309 3103 4372 amoveri
3154 4328 3191 4371 a
3237 4317 3298 4371 te
3353 4310 3522 4372 istud
3581 4309 3932 4391 flagellum,

2442 4409 2611 4489 quod
2671 4407 2787 4469 tibi
2854 4407 3088 4469 inferre
3146 4407 3438 4488 dignatus
3497 4416 3591 4470 est
3655 4427 3770 4490 pro
3827 4417 3938 4470 tua

2441 4505 2713 4567 utilitate
2756 4505 2921 4587 (ipse
2967 4506 3139 4567 enim
3184 4506 3474 4567 vulnerat
3515 4515 3578 4568 et
3621 4506 3932 4579 medetur,

2443 4605 2719 4685 percutit
2749 4611 2810 4665 et
2842 4622 3066 4665 manus
3097 4603 3238 4683 ejus
3270 4603 3616 4682 sanabunt;
3649 4604 3787 4685 ipse
3819 4604 3934 4665 hu-

2442 4700 2646 4761 miliat
2676 4709 2739 4762 et
2769 4702 3022 4773 exaltat,
3051 4701 3285 4763 occidit
3315 4709 3377 4762 et
3406 4701 3714 4773 vivificat,
3737 4701 3934 4763 dedu-

2440 4799 2527 4860 cit
2568 4800 2645 4861 ad
2693 4798 3016 4861 infernum
3063 4806 3126 4860 et
3168 4798 3477 4879 reducit);
3529 4798 3748 4880 sicque
3791 4816 3934 4861 rore

2440 4897 2713 4978 Spiritus
2745 4897 2956 4959 Sancti
2990 4897 3339 4977 restinguat
3368 4896 3566 4977 ignita
3592 4895 3804 4977 jacula
3829 4897 3937 4959 Za-

2439 4995 2599 5069 buli,
2632 5015 2774 5077 quae
2807 5014 2907 5056 me
2940 4995 3195 5057 conscio
3226 4994 3517 5076 permisit
3547 4994 3664 5056 tibi
3696 4994 3928 5075 infligi.

2513 5092 2798 5174 Denique
2842 5092 3136 5173 quamvis
3179 5092 3346 5154 Deus
3399 5092 3812 5153 tentationem
3857 5092 3933 5152 il-

2433 5190 2557 5252 lam
2599 5190 2688 5252 ita
2733 5190 3023 5253 celeriter
3067 5190 3330 5252 abstulit
3375 5190 3452 5251 ad
3501 5208 3694 5251 unam
3743 5190 3936 5252 orati-

2430 5306 2619 5352 onem
2674 5289 2921 5353 abbatis
2982 5288 3320 5373 Apollinis,
3379 5307 3570 5373 quam
3637 5290 3765 5352 cito
3823 5306 3930 5352 eo-

4015 3051 4092 3093 1⁸.
4117 3066 4164 3101 L,
4191 3058 4238 3096 4.

3989 4525 4084 4568 lob
4103 4540 4150 4571 τ.
4181 4532 4260 4569 ts.

3979 4622 4138 4677 incy.
4161 4631 4276 4671 η.6,
