4359 6267
159 2599 342 2653 Immxvi,

155 2665 196 2702 15.

181 2793 190 2836 l
207 2794 280 2839 Cor.
297 2811 342 2850 m,

173 3284 294 3331 Hasta.
309 3305 344 3341 v,

155 3349 198 3388 μ.

158 4361 284 4412 Ησυυι.
298 4384 308 4411 ι

159 4425 198 4470 13.
219 4431 264 4471 19.

1037 537 1452 585 COLLATIONUM
1493 538 1578 583 SS.
1611 535 1856 582 PATRUM
1896 534 2071 580 LIBER
2111 535 2174 580 11.
2220 551 2301 561 —-·
2339 533 2626 580 COLLATIO
2664 534 2728 579 XI

710 763 1214 831 CAPITULUM
1277 764 1462 827 VIII.

371 926 525 994 Quod
573 925 802 980 caritas
855 939 978 980 non
1031 922 1222 978 solum
1260 920 1459 992 faciat
1503 920 1689 992 filios,
1734 919 1838 974 sed

428 1016 602 1070 etiam
650 1012 928 1084 conferat
983 1012 1310 1082 imaqinem
1367 1015 1423 1065 et
1477 1008 1836 1065 similitudi-

427 1121 552 1162 nem
575 1105 702 1160 Dei.

487 1305 536 1366 D
582 1320 801 1365 vocem
861 1308 1074 1364 autem
1132 1308 1264 1362 tam
1321 1298 1586 1362 humilis
1639 1298 1838 1381 poeni-

513 1401 720 1464 tentiae
771 1407 951 1483 pater
981 1390 1339 1482 ‘prosiliens
1388 1399 1454 1460 in
1496 1417 1834 1460 occursum

368 1500 542 1575 illius,
583 1507 790 1562 motus
841 1499 1096 1580 pietate,
1142 1496 1440 1579 promisit
1487 1495 1546 1559 ei
1597 1495 1838 1576 majora

370 1618 541 1680 quam
570 1597 884 1680 perdidit3
917 1614 1037 1659 nec
1075 1602 1410 1659 contentus
1450 1595 1598 1657 dare
1638 1594 1839 1656 mino-

368 1717 444 1769 ra,
483 1697 750 1759 reddidit
785 1696 844 1758 ei
883 1695 1256 1776 dignitatem
1296 1694 1632 1776 pristinam
1673 1693 1838 1755 filio-

368 1815 516 1870 rum,
563 1803 1000 1857 transcurrens
1053 1793 1344 1856 celeriter
1396 1794 1662 1874 gradum
1712 1811 1837 1854 ser-

366 1912 570 1956 vorum
607 1912 678 1956 ac
719 1893 1278 1955 mercenariorum.
1325 1892 1642 1953 Festinare
1687 1909 1836 1972 ergo
1871 1898 1918 1960 Β

367 1993 648 2054 debemus
699 1999 770 2053 ut
809 1991 1226 2054 ascendamus
1271 2009 1385 2072 per
1430 1989 1836 2053 indissolubi-

370 2092 478 2154 lem
514 2091 774 2174 gratiam
815 2090 1068 2172 pietatis
1107 2091 1184 2152 ad
1224 2090 1492 2170 gradum
1525 2088 1833 2162 filiorum,

369 2190 464 2272 qui
493 2191 752 2252 credunt
792 2209 908 2251 sua
945 2207 1083 2252 esse
1123 2188 1339 2252 omnia
1375 2207 1516 2270 quae
1556 2195 1702 2250 sunt
1736 2206 1838 2268 pa-

369 2289 487 2362 tris,
517 2289 732 2370 sicque
773 2306 1134 2350 mereamur
1173 2288 1457 2368 recipere
1494 2286 1835 2366 imaginem

367 2407 430 2450 ac
457 2386 936 2450 similitudinem
972 2386 1171 2449 Patris
1206 2385 1506 2458 coelestiS,
1540 2392 1729 2466 atque
1760 2385 1837 2446 ad

369 2486 763 2549 imitationem
804 2486 938 2548 veri
981 2493 1044 2547 et
1088 2484 1401 2566 unigeniti
1439 2483 1580 2545 Filii
1627 2484 1838 2545 dicere

367 2585 664 2648 valeamus
709 2603 722 2646 :
767 2584 996 2648 Omnia
1043 2603 1184 2665 quea
1232 2582 1423 2644 habet
1464 2583 1664 2655 Pater,
1700 2601 1838 2644 mea

367 2692 514 2746 sunt.
557 2685 731 2758 Quod
781 2685 860 2746 de
911 2681 1096 2744 nobis
1144 2681 1426 2744 affirmat
1474 2681 1835 2762 ApostoluS,

366 2781 560 2845 dicens
606 2800 621 2844 τ
667 2782 897 2846 Omnia
937 2788 1148 2843 vestra
1189 2786 1358 2852 sunt,
1405 2779 1538 2841 sive
1585 2778 1835 2854 PauluS‚

367 2880 484 2942 sive
531 2880 778 2962 Ap0110,
831 2879 966 2942 sive
1027 2879 1292 2961 Cephas,
1345 2877 1479 2938 sive
1538 2877 1836 2950 munduS,

366 2980 486 3042 sive
526 2981 671 3056 vita,
715 2980 852 3042 sive
892 2997 1085 3053 mor-S,
1129 2978 1262 3041 sive
1312 2977 1670 3059 praesentia,
1705 2976 1838 3040 sive

3315 511 3437 574 275

1863 700 1918 765 A
1943 701 2144 783 gratia
2181 702 2307 765 nisi
2348 710 2577 765 nostrae
2615 702 2837 764 salutis
2877 720 3084 764 causa.
3127 699 3437 774 Quamob-

1946 820 2080 862 rem
2122 802 2376 864 studere
2426 802 2733 864 debemus
2779 809 2848 863 ut
2886 799 3169 882 perfecto
3205 798 3436 861 mentis

1944 901 2168 963 ardore
2200 901 2577 963 scandamus
2608 900 2685 962 de
2717 900 2943 962 timore
2974 899 3095 962 isto
3122 897 3433 983 ad-spem,

1945 1000 2022 1061 de
2058 1018 2173 1082 spe
2211 1000 2288 1062 ad
2330 999 2656 1061 caritatem
2687 1018 2760 1060 ac
2790 998 3101 1059 virtutum
3130 1014 3437 1071 amorem,

1946 1105 2008 1160 et
2040 1098 2561 1179 transmigrantes
2600 1117 2675 1160 ac
2713 1095 3141 1158 transformati
3182 1096 3249 1157 in
3290 1095 3439 1177 ipsi-

1949 1215 2023 1257 us
2074 1196 2225 1258 boni
2274 1195 2603 1270 affectum,
2649 1194 3065 1258 immobiliter
3112 1201 3442 1256 teneamus

1948 1295 2117 1376 quod
2149 1293 2390 1356 bonum
2422 1301 2540 1367 est,
2564 1301 2873 1376 quantum
2906 1299 3107 1355 exstat
3136 1290 3441 1374 possibile

1947 1401 2188 1456 naturae
2230 1393 2543 1456 humanae.

2348 1648 2852 1713 CAPITULUM
2916 1649 3035 1712 IX.

2083 1800 2387 1866 Quantum
2415 1797 2719 1853 excellant
2748 1799 2857 1870 qui
2875 1812 2995 1869 per
3020 1797 3309 1853 caritatis

2244 1887 2524 1960 affectum
2551 1887 2863 1943 declinant
2890 1903 2931 1943 a
2958 1887 3153 1942 vitiis.

2106 2086 2365 2150 ULTUM
2404 2087 2643 2149 etenim
2681 2086 2900 2149 differt
2940 2086 3107 2150 inter
3142 2105 3291 2148 eum
3332 2087 3442 2169 qui

2131 2185 2484 2266 exstinguit
2541 2186 2607 2246 in
2666 2204 2733 2247 se
2787 2185 3087 2248 vitiorum
3150 2185 3446 2247 incendia

1947 2292 2118 2345 metu
2149 2283 2456 2364 gehennae
2496 2290 2606 2345 aut
2646 2302 2759 2365 spe
2798 2283 3235 2346 retributionis
3266 2291 3443 2345 aeter-

1949 2402 2068 2456 nae,
2100 2390 2163 2444 et
2204 2381 2369 2443 inter
2406 2400 2555 2443 eum
2595 2382 2705 2464 qui
2746 2381 3053 2444 malitiam
3101 2382 3443 2444 immundi-

1949 2481 2231 2561 tiamque
2262 2480 2561 2542 abhorret
2600 2479 2838 2542 affectu
2878 2479 3155 2542 caritatis
3185 2480 3439 2554 divium,

1950 2579 2422 2662 puritatemque
2492 2581 2772 2661 possidet
2830 2579 3037 2642 solum
3096 2597 3311 2641 amore
3368 2598 3441 2641 ac

1949 2677 2267 2740 desiderio
2325 2676 2645 2755 caritatis3
2706 2685 2769 2738 et
2827 2677 3031 2739 efficit
3089 2676 3255 2739 bona
3312 2695 3440 2740 non

1946 2775 2078 2856 jam
2143 2775 2503 2857 adspiciens
2573 2775 3145 2838 remunerationem
3209 2773 3442 2838 futurae

1950 2874 2415 2956 promissioniS,
2480 2875 2589 2936 sed
2648 2874 2995 2936 delectatus
3052 2873 3443 2936 conscientia

1949 2980 2196 3035 tantum
2238 2973 2389 3037 boni
2432 2973 2783 3055 praesentiS,
2824 2989 2951 3034 non
2994 2972 3441 3036 consideratio-

365 3078 590 3158 futura3
620 3079 838 3142 omnia
868 3085 1078 3142 vestra
1115 3083 1282 3139 sunt.
1316 3076 1409 3138 Ad
1441 3094 1632 3157 quam
1673 3075 1844 3137 simi·
1875 3078 1920 3142 C
1951 3091 2030 3134 ne
2082 3092 2437 3154 poenarum,
2486 3073 2594 3134 sed
2643 3072 3058 3134 delectatione
3104 3071 3438 3134 virtutum.

369 3177 682 3241 litudinem
724 3184 1040 3261 praecepta
1078 3177 1270 3239 etiam
1313 3174 1545 3237 Christi
1585 3192 1701 3236 nos
1737 3194 1841 3238 ex-

370 3278 547 3339 citant
590 3295 603 3340 :
651 3278 864 3339 Estote
913 3275 1179 3356 (inquit)
1226 3274 1515 3356 perfecti,
1567 3273 1735 3335 sicut
1777 3281 1842 3335 et

369 3377 530 3438 Pater
563 3384 772 3438 vester
803 3375 1124 3458 perfectus
1163 3381 1276 3436 est.
1314 3374 1383 3434 In
1425 3372 1625 3436 servis
1666 3393 1840 3435 nam-

369 3494 477 3556 que
505 3484 565 3539 et
595 3473 1004 3538 mercenariis
1045 3471 1316 3536 affectus
1352 3472 1651 3534 bonitatis
1683 3472 1840 3534 solet

367 3572 682 3656 aliquando
741 3572 1143 3653 interrumpi,
1197 3571 1348 3632 dum
1404 3570 1584 3651 vigor
1639 3569 1837 3631 animi

369 3672 658 3735 relaxatus
696 3680 918 3754 tepore
957 3679 1067 3733 aut
1106 3669 1544 3742 delectatione,
1578 3669 1839 3750 deponit

368 3771 434 3832 ad
478 3779 723 3854 tempus
774 3777 1016 3832 metum
1074 3768 1380 3850 gehennae
1438 3776 1546 3830 aut
1599 3767 1840 3830 deside-

367 3869 518 3931 rium
564 3876 964 3932 aeternorum.
1019 3867 1254 3949 Estque
1316 3867 1378 3927 in
1429 3866 1558 3928 illis
1606 3865 1837 3947 gradus

368 3968 675 4047 cujusdam
711 3965 1057 4050 profectus,
1087 3983 1200 4027 nos
1233 3965 1552 4027 instruens
1585 3971 1652 4026 ut
1683 3965 1836 4026 dum

367 4066 507 4128 vitia
540 4067 857 4129 declinare
899 4064 1245 4146 incipimus
1288 4071 1458 4125 metu
1504 4081 1837 4145 poenarum

369 4173 464 4226 aut
491 4185 596 4247 spe
626 4164 1060 4247 praemiorum,
1095 4163 1362 4224 transire
1404 4163 1723 4244 possimus
1760 4163 1836 4225 ad

1952 3170 2118 3234 Talis
2148 3171 2321 3233 enim
2356 3189 2481 3233 non
2522 3178 2729 3252 potest
2766 3170 2943 3233 abuti
2983 3171 3315 3234 occasione
3354 3171 3445 3234 fa-

1954 3271 2208 3332 cultatis
2250 3270 2577 3352 peccandi,
2621 3289 2830 3351 neque
2869 3289 2983 3352 per
3025 3271 3303 3333 occultas
3349 3288 3447 3332 co—

1951 3369 2288 3450 gitationes
2330 3369 2859 3432 delectationibus
2889 3369 3134 3441 violari,
3168 3369 3362 3430 etiam
3393 3369 3445 3431 si

1951 3469 2168 3530 nullus
2202 3468 2538 3530 hominum
2569 3469 2925 3542 adsit,dum
2959 3467 3329 3530 medullitus
3360 3487 3449 3530 re-

1953 3568 2161 3629 tinens
2194 3566 2498 3630 affectum
2535 3568 2737 3649 ipsius
2768 3568 3045 3641 virtutiS,
3079 3585 3205 3629 non
3238 3567 3445 3630 solum

1952 3684 2080 3728 non
2111 3665 2361 3748 recipit,
2387 3685 2610 3728 verum
2641 3667 2833 3728 etiam
2870 3667 3126 3728 horrore
3168 3667 3445 3728 maximo

1951 3766 2300 3827 detestatur
2358 3765 2669 3847 quidquid
2725 3764 2943 3827 virtuti
3003 3764 3438 3826 contrariatur.

1917 3863 2138 3928 ‚Aliud
2190 3883 2465 3945 namque
2506 3871 2602 3929 est
2644 3863 3011 3944 quempiam
3061 3862 3441 3925 delectatum

1952 3963 2248 4044 praesenti
2282 3961 2450 4024 bono
2481 3963 2788 4023 virtutum
2821 3960 2997 4022 odire
3033 3961 3321 4043 contagia
3349 3963 3441 4023 vi-

1950 4063 2182 4124 tiorum
2234 4079 2305 4122 ac
2356 4060 2584 4133 carnis,
2626 4060 2797 4121 aliud
2846 4059 3098 4121 illicitas
3144 4062 3443 4142 concupi-

1951 4161 2224 4223 scentias
2269 4158 2591 4221 refrenare
2635 4157 2869 4218 intuitu
2916 4159 3443 4222 remunerationis

369 4264 608 4342 gradum
658 4273 724 4326 et
769 4263 1018 4344 apicem
1074 4261 1373 4334 caritatiS‚
1423 4262 1572 4343 quia
1631 4270 1698 4322 ut
1751 4263 1838 4324 ait
1869 4263 1920 4325 D
1951 4259 2217 4338 futurae3
2259 4257 2432 4318 aliud
2483 4274 2735 4338 quoque
2784 4262 2880 4317 est
2930 4274 3206 4336 praesens
3255 4257 3445 4319 detri-

307 4386 342 4422 τ,
369 4360 670 4444 Scriptura
703 4380 718 4424 ε
750 4361 966 4424 Timor
1004 4379 1131 4422 non
1171 4367 1268 4422 est
1308 4359 1374 4421 in
1415 4360 1694 4434 caritate,
1729 4363 1836 4422 sed

371 4459 627 4540 perfecta
657 4459 885 4522 caritas
917 4457 1083 4521 foras
1117 4457 1312 4519 mittit
1341 4457 1659 4531 timorem,
1685 4475 1838 4538 quo-

370 4557 522 4619 niam
564 4559 752 4620 timor
796 4575 1050 4639 poenam
1095 4554 1303 4617 habet.
1348 4556 1464 4629 Qui
1505 4564 1717 4618 autem
1764 4557 1839 4618 ti-

373 4661 504 4728 met,
551 4673 678 4719 non
733 4661 830 4718 est
885 4652 1209 4736 perfectus
1263 4653 1328 4713 in
1382 4653 1660 4714 caritate.
1714 4652 1838 4716 Nos

371 4769 500 4833 ergo
535 4754 872 4836 diligamus
903 4753 1104 4815 Deum
1145 4751 1296 4832 quia
1334 4751 1500 4812 Deus
1541 4751 1715 4832 prior
1747 4751 1838 4813 di-

371 4849 504 4913 lexit
547 4870 677 4915 nos.
729 4851 868 4915 Non
917 4850 1091 4913 enim
1139 4849 1324 4910 aliter
1370 4849 1710 4911 ascendere
1760 4852 1838 4912 ad

373 4967 565 5012 veram
596 4948 1051 5034 perfectionem
1085 4948 1457 5029 poterimus,
1483 4946 1606 5009 nisi
1636 4949 1840 5010 Deum

373 5048 687 5132 diligamus
732 5049 910 5112 nullo
953 5048 1187 5110 intuitu
1236 5047 1362 5110 alio
1409 5047 1533 5108 nisi
1574 5045 1839 5109 obtentu

371 5147 459 5208 sui
492 5149 743 5222 amoris,
777 5166 890 5210 seu
932 5153 1192 5229 propter
1229 5145 1551 5228 propriam
1596 5145 1840 5208 bonita-

371 5252 484 5308 tem
527 5254 588 5310 et
631 5244 1090 5310 amabilitatem
1151 5244 1374 5326 ipsius,
1426 5244 1839 5326 quemadmo-

373 5342 508 5407 dum
553 5345 686 5428 ipse
735 5344 958 5407 dilexit
998 5362 1112 5407 nos
1156 5342 1396 5404 nullius
1438 5341 1700 5404 alterius
1745 5342 1833 5405 rei

1952 4364 2240 4419 mentum
2290 4362 2595 4428 metuere,
2642 4353 2813 4415 aliud
2864 4353 3153 4416 futurum
3203 4355 3445 4437 suppli-

1952 4455 2123 4517 cium
2182 4454 2544 4517 formidare.
2604 4453 2926 4515 Postremo
2986 4453 3187 4514 multo
3245 4453 3447 4534 perfe-

1953 4555 2116 4615 ctius
2165 4561 2262 4615 est
2312 4559 2571 4634 propter
2632 4552 2843 4633 ipsum
2904 4550 3144 4613 bonum
3195 4550 3363 4613 nolle
3410 4569 3447 4611 a

1954 4653 2120 4714 bono
2151 4652 2498 4722 discedere,
2535 4669 2727 4731 quam
2760 4659 3020 4732 propter
3051 4657 3292 4712 metum
3326 4669 3451 4712 ma·

1952 4752 1997 4812 li
2041 4769 2165 4813 non
2219 4749 2501 4832 praebere
2546 4767 2929 4810 consensum
2974 4749 3176 4811 malis.
3221 4751 3290 4811 In
3337 4748 3447 4812 illo

1950 4849 2191 4930 quippe
2241 4848 2671 4911 voluntarium
2731 4845 2972 4908 bonum
3031 4856 3147 4920 est,
3201 4848 3265 4909 in
3324 4848 3447 4911 isto

1951 4955 2164 5008 autem
2206 4947 2386 5028 quasi
2430 4951 2743 5017 coactum,
2777 4953 2841 5007 et
2872 4953 3172 5027 tanquam
3208 4945 3447 5008 violen-

1952 5053 2047 5107 ter
2076 5065 2112 5106 a
2153 5045 2406 5107 nolente
2448 5051 2766 5106 extortum
2804 5051 2976 5106 metu
3008 5043 3309 5127 supplicii
3342 5063 3446 5106 cu-

1953 5143 2295 5226 piditateve
2366 5141 2633 5223 praemii.
2696 5141 2811 5215 Qui
2871 5142 3043 5203 enim
3103 5160 3139 5202 a
3202 5140 3446 5203 blandi-

1955 5243 2187 5305 mentis
2227 5242 2503 5304 abstinet
2533 5241 2837 5304 vitiorum
2878 5260 2955 5303 ex
2997 5248 3191 5314 metu,
3226 5260 3445 5303 rursus

1953 5341 2188 5404 redibit
2245 5341 2322 5404 ad
2382 5341 2624 5403 malum
2684 5340 2853 5421 quod
2912 5339 3141 5421 diligit,
3195 5338 3443 5402 sublato
