4359 6267
159 1319 270 1362 Inue.
286 1333 370 1368 xvi.

141 1385 191 1424 10.

153 1813 238 1854 Act.
253 1826 292 1862 u,
313 1815 354 1854 t.

1078 546 1495 593 COLLA'rtoNtm
1537 547 1622 592 SS.
1656 546 1900 592 PATRUM
1941 544 2115 590 LIBER
2158 545 2220 590 11.
2266 561 2347 573 -
2386 541 2671 589 coLLA'rlo
2711 543 2816 588 xxt

395 724 931 799 exspectaverunt
962 717 1236 799 Spiritus
1266 715 1476 780 Sancti
1517 715 1896 794 adventum;
1926 713 1979 776 A

395 815 636 897 quibus
666 815 958 897 expletis,
973 822 1392 897 susceperunt
1423 814 1728 896 Spiritum
1756 812 1901 875 San-

397 921 576 976 ctum
625 931 777 975 cum
824 913 1056 995 gaudio
1101 913 1628 994 quinquagesima
1671 911 1796 985 die,
1839 917 1902 972 et

399 1011 492 1072 ita
531 1029 648 1093 per
689 1011 824 1074 haec
873 1010 1176 1092 impletus
1219 1017 1315 1072 est
1353 1008 1903 1092 Quinquagesimae

401 1127 734 1171 numerus.
789 1109 987 1182 Quem
1038 1109 1103 1170 in
1153 1109 1350 1172 veteri
1398 1126 1652 1191 quoque
1701 1109 1906 1170 Testa-

403 1214 626 1270 mento
653 1207 928 1288 legimus
957 1207 1312 1288 figuraliter
1341 1207 1815 1289 praesignatum,
1839 1207 1905 1267 in

401 1324 533 1388 quo
577 1313 829 1387 septem
873 1305 1382 1368 hebdomadibus
1424 1305 1904 1378 consummatiS,

401 1405 590 1486 panis
640 1403 1072 1486 primitiarum
1119 1403 1463 1484 jubebatur
1509 1404 1637 1465 Deo
1684 1401 1908 1464 offerri

405 1521 522 1585 per
554 1502 938 1576 sacerdoteS,
971 1502 1082 1583 qui
1126 1519 1241 1583 per
1270 1501 1715 1582 Apostolorum
1755 1519 1909 1582 prae-

402 1601 794 1664 dicationem
825 1601 1128 1683 probatur
1152 1601 1420 1663 Domino
1443 1601 1768 1663 verissime
1801 1600 1912 1662 im-

405 1700 706 1775 molatuS,
749 1719 876 1782 qua
918 1699 1368 1781 praedicatione
1413 1699 1710 1780 leguntur
1750 1699 1913 1780 Apo-

403 1799 551 1861 stoli
613 1799 856 1881 populo
914 1797 1321 1862 sermocinati
1381 1797 1910 1878 quinquagesima

3377 516 3491 582 381

2362 769 2865 834 CAPITULUM
2918 769 3139 832 XXII.

2171 918 2502 989 Responsio
2528 917 2602 972 de
2630 917 2928 973 servando
2956 916 3350 972 continentiae

2520 1011 2995 1078 temperamento.

2147 1204 2451 1268 HEONAS
2504 1224 2517 1269 ε
2571 1205 2633 1268 Si
2695 1205 2993 1268 universa
3039 1223 3180 1286 quae
3235 1203 3516 1285 gerimus

2174 1303 2634 1366 rationabiliter
2692 1302 3151 1375 examinemus,
3202 1309 3390 1382 atque
3440 1301 3517 1362 de

2023 1403 2299 1483 puritate
2330 1402 2535 1465 cordis
2571 1403 2771 1464 nostri
2804 1400 3211 1463 consulamus
3246 1417 3373 1462 non
3410 1398 3521 1460 ali-

2021 1519 2205 1562 orum
2249 1499 2587 1580 judicium,
2622 1500 2731 1561 sed
2776 1497 3232 1561 conscientiam
3277 1496 3520 1578 propri-

2021 1617 2142 1672 am,
2177 1607 2423 1660 ccrtum
2462 1604 2558 1660 est
2598 1598 2768 1680 quod
2813 1596 3219 1678 intercapedo
3260 1614 3371 1658 seu
3413 1613 3516 1676 ge-

2023 1697 2288 1759 minatio
2327 1697 2448 1759 ista
2484 1695 2849 1758 refectionis
2888 1713 3015 1756 non
3056 1693 3258 1776 possit
3292 1693 3516 1757 obesse

2021 1795 2404 1858 districtioni
2456 1795 2643 1876 justae
2700 1801 2809 1855 aut
2865 1792 3137 1855 discreto
3195 1791 3409 1872 rigori,
3461 1791 3516 1852 si

403 1898 512 1960 die
559 1897 672 1960 illa
715 1915 728 1958 :
773 1916 983 1972 veruS,
1032 1897 1317 1978 inquam,
1365 1895 1548 1977 panis
1598 1895 1907 1976 primitia·
1945 1895 1992 1958 B
2023 1911 2203 1955 mens
2263 1893 2630 1975 incorrupta
2685 1891 2820 1974 pari
2874 1890 3275 1973 perpendens
3335 1889 3513 1951 lance

405 2016 550 2058 rum
601 1996 890 2078 prolatus
949 1994 1348 2056 institutione
1399 2011 1530 2055 suae
1577 2009 1756 2054 novae
1805 1992 1909 2054 do-

405 2095 648 2168 cti-inae,
693 2093 804 2175 qui
857 2092 1098 2155 satiatis
1147 2092 1433 2173 quinque
1485 2089 1773 2152 millibus
1817 2090 1906 2152 vi-

405 2212 624 2255 rorum
677 2209 942 2254 munere
989 2191 1118 2252 cibi
1167 2191 1290 2265 sui,
1338 2189 1735 2252 consecravit
1781 2189 1910 2250 Deo

405 2291 812 2374 primitivum
837 2289 1338 2353 Christianorum
1371 2289 1682 2370 populum
1713 2288 1792 2350 de
1813 2288 1913 2349 Ju-

403 2389 579 2451 daeis.
621 2388 786 2450 Hinc
835 2404 1088 2469 quoque
1132 2387 1197 2448 hi
1242 2387 1464 2449 decem
1515 2385 1651 2448 dies
1699 2385 1910 2448 obser-

404 2487 596 2549 vandi
647 2494 802 2548 sunt
849 2486 984 2566 pari
1034 2484 1412 2546 solennitate
1455 2490 1644 2565 atque
1693 2484 1909 2546 laetitia

405 2604 556 2648 cum
617 2582 1125 2666 praecedentibus
1185 2583 1601 2664 quadraginta
1658 2582 1902 2644 diebus,

403 2683 602 2765 Cujus
648 2681 1012 2744 festivitatis
1057 2680 1461 2743 observantia
1504 2699 1616 2742 seu
1661 2680 1909 2742 institu-

402 2782 498 2844 tio
525 2780 900 2842 transmissa
938 2798 1051 2861 per
1081 2778 1463 2861 apostolicos
1494 2779 1663 2841 viros
1705 2796 1906 2859 usque

401 2880 486 2941 ad
531 2895 670 2952 noS,
714 2878 938 2940 eodem
983 2884 1201 2939 tenore
1250 2878 1558 2939 servanda
1604 2884 1716 2938 est.
1761 2876 1906 2938 Ideo

403 2995 686 3059 namque
715 2994 924 3057 genua
957 2993 1085 3038 non
1118 2994 1456 3037 curvamus
1493 2976 1558 3036 in
1595 2974 1750 3056 ipsis
1780 2974 1909 3036 die-

2021 2010 2269 2072 aequam
2321 2010 2685 2054 mensuram
2744 1989 3147 2052 relaxationis
3195 2005 3268 2050 ac
3318 1986 3517 2050 conti-

2021 2089 2274 2163 nentiae,
2310 2089 2573 2170 castiget
2608 2107 2681 2151 ac
2712 2088 2869 2150 vitet
2902 2086 3198 2151 similiter
3227 2084 3519 2148 nimieta-

2020 2195 2150 2249 tem
2192 2195 2562 2268 utramque3
2595 2193 2658 2249 et
2695 2205 2843 2248 vera
2881 2184 3261 2247 discretione
3300 2182 3522 2245 distin-

2020 2292 2172 2366 guat
2221 2293 2437 2346 utrum
2481 2285 2730 2365 pondus
2778 2283 3156 2346 deliciarum
3205 2281 3523 2364 deprimat

2022 2383 2323 2466 spiritum
2380 2390 2692 2456 nostrum,
2743 2402 2825 2444 an
2873 2399 3025 2444 vero
3076 2381 3278 2462 major
3330 2379 3523 2442 absti-

2024 2481 2257 2544 nentiae
2296 2481 2466 2561 rigor
2500 2499 2756 2542 carnem
2798 2486 3079 2543 nostram
3119 2479 3402 2553 inclinet,
3438 2479 3523 2541 ita

2021 2586 2090 2640 ut
2133 2579 2514 2660 comprimat
2561 2586 2671 2643 aut
2718 2578 3009 2641 sublevet
3052 2585 3296 2660 partem
3343 2577 3518 2639 illam

2022 2696 2215 2759 quam
2246 2677 2464 2740 extolli
2495 2677 2765 2739 senserit
2795 2676 2894 2739 vel
2925 2676 3191 2757 gravari.
3216 2675 3375 2738 Nam
3405 2675 3525 2738 Do:

2022 2775 2236 2837 minus
2297 2783 2512 2838 noster
2568 2775 2729 2836 nihil
2788 2774 2927 2837 vult
2984 2773 3129 2836 fieri
3190 2773 3267 2834 ad
3326 2792 3514 2835 suum

2019 2873 2325 2936 honorem
2372 2882 2435 2935 et
2483 2873 2727 2934 cultum
2786 2871 3025 2954 absque
3083 2870 3513 2934 moderatione

2017 2971 2440 3044 discretioni&
2482 2971 2786 3052 quoniam
2828 2971 3029 3033 honor
3071 2969 3236 3051 regis
3276 2967 3508 3050 judici-

401 3077 550 3148 bus,
603 3075 759 3157 quia
815 3073 1102 3135 curvatio
1160 3091 1440 3153 genuum
1499 3073 1754 3152 signum
1813 3080 1909 3133 est
1941 3071 1984 3136 C
2016 3087 2126 3130 um
2176 3069 2403 3149 diligit.
2446 3070 2591 3132 Ideo
2639 3070 2933 3131 Salomon
2982 3068 3280 3130 admonet
3322 3075 3393 3129 ut
3438 3066 3505 3128 in

404 3175 618 3236 luctus
669 3190 743 3233 ac
795 3171 1206 3254 poenitentiae.
1255 3171 1429 3233 Unde
1475 3171 1765 3233 eamdem
1815 3187 1910 3232 so-

405 3270 784 3334 lennitatem
812 3270 1210 3332 custodimus
1243 3288 1355 3350 per
1383 3269 1598 3331 omnia
1629 3267 1756 3330 illis
1785 3267 1911 3329 die-

402 3371 528 3432 bus
561 3388 756 3450 quam
789 3375 850 3430 et
881 3367 985 3430 die
1016 3367 1358 3441 dominica,
1385 3367 1448 3427 in
1479 3385 1604 3447 qua
1637 3365 1906 3445 maJ‘orcs

405 3467 609 3530 nostri
649 3473 1009 3528 statuerunt
1037 3484 1156 3527 nec
1183 3483 1390 3546 genua
1423 3483 1561 3525 esse
1591 3462 1907 3524 flectenda

387 3575 528 3628 'nec
555 3565 1002 3646 jejunandum,
1038 3571 1296 3645 propter
1325 3562 1660 3625 dominicae
1699 3579 1904 3622 resur-

407 3665 712 3728 rectionis
757 3664 1082 3727 honorem.

785 3888 1288 3954 GAPITULUM
1348 3887 1534 3950 XXI.

405 4010 846 4083 InterroyatiO,
877 4026 960 4066 an
999 4009 1312 4065 relaoeatio
1355 4009 1479 4063 ista
1504 4007 1751 4079 jejunii
1789 4023 1910 4063 non

771 4100 930 4156 obsit
957 4099 1232 4170 corporis
1260 4098 1558 4154 castitati.

2016 3174 2307 3228 neutram
2339 3173 2583 3248 partem
2615 3166 3031 3239 declinemuS,
3068 3169 3362 3247 vergente
3394 3183 3505 3227 seu

2015 3264 2355 3326 deficiente
2413 3265 2814 3328 discretionis
2867 3263 3111 3346 judicio
3166 3283 3180 3327 :
3235 3263 3505 3338 Honora,

2018 3362 2337 3443 inquiens,
2380 3362 2721 3424 Dominum
2766 3363 2843 3424 de
2880 3363 3070 3445 justis
3114 3362 3241 3424 tuis
3285 3360 3512 3423 labori-

2020 3460 2161 3534 buS‚
2197 3469 2259 3522 et
2288 3459 2501 3522 deliba
2528 3461 2587 3522 ei
2619 3461 2696 3522 de
2730 3459 3041 3523 fructibus
3069 3460 3334 3540 justitiae
3363 3467 3505 3522 tuae.

2020 3558 2273 3623 Residet
2296 3560 2535 3641 quippe
2565 3559 2632 3620 in
2664 3558 3051 3621 conscientia
3078 3566 3291 3621 nostra
3316 3557 3513 3639 judex

2021 3657 2285 3739 quidam
2344 3657 2749 3738 incorruptus
2799 3675 2872 3718 ac
2919 3675 3129 3731 veruS,
3181 3655 3293 3738 qui
3340 3655 3513 3718 solus

2022 3773 2149 3818 non
2181 3754 2426 3817 fallitur
2455 3755 2533 3817 de
2565 3761 2731 3817 statu
2763 3754 3057 3837 puritatis
3087 3763 3339 3828 nostrae,
3370 3753 3513 3816 aliis

2019 3854 2267 3916 cunctis
2300 3872 2759 3936 nonnunquam
2792 3854 2937 3915 inde
2967 3852 3343 3915 errantibus.
3374 3852 3517 3915 Om-

2020 3952 2086 4014 ni
2137 3969 2289 4033 ergo
2338 3971 2491 4014 cura
2547 3970 2621 4014 ac
2671 3951 2998 4032 diligentia
3052 3950 3189 4032 jugi
3246 3950 3515 4013 intentio

2022 4051 2471 4132 circumspecti
2522 4049 2728 4113 cordis
2788 4057 3095 4123 servetur,
3146 4067 3227 4112 ne
3272 4048 3516 4130 judicio

2021 4148 2422 4213 discretionis
2470 4156 2699 4211 nostrae
2745 4147 2960 4230 aliquo
3008 4148 3194 4210 modo
3242 4155 3512 4220 errante,

555 4251 916 4316 ERMANUS
952 4252 1287 4314 :Potestne
1333 4267 1480 4312 caro
1525 4259 1738 4312 nostra
1781 4251 1912 4312 ille·
1943 4255 1992 4316 D
2023 4247 2315 4310 succensi
2376 4265 2589 4309 amore
2637 4245 3039 4308 abstinentiae
3094 4245 3519 4309 inconsidera-

573 4359 674 4413 cta
717 4349 992 4413 insolitis
1033 4348 1488 4411 blandimentis
1531 4357 1659 4410 tam
1710 4348 1912 4430 longae

407 4449 776 4513 festivitatis
824 4465 952 4510 non
1010 4447 1366 4528 germinare
1415 4447 1656 4528 aliquid
1706 4447 1916 4528 perni—

408 4549 658 4612 ciosum
707 4554 899 4628 atque
949 4546 1282 4628 spinosum
1332 4545 1410 4608 de
1457 4544 1680 4607 fomite
1728 4545 1912 4608 vitio-

407 4665 578 4720 rum,
624 4644 919 4727 quamvis
966 4644 1236 4718 abscis0,
1280 4650 1389 4705 aut
1433 4662 1613 4706 mens
1657 4653 1914 4707 onerata

405 4744 685 4828 dapibus
721 4743 889 4804 ultra
917 4743 1442 4805 consuetudinem
1480 4743 1754 4824 sumptis
1784 4762 1911 4807 non

409 4843 744 4904 inflectere
784 4840 1212 4922 castigationis
1253 4841 1526 4923 rigorem
1572 4841 1740 4904 circa
1780 4861 1912 4904 cor-

409 4961 534 5025 pus
565 4939 830 5004 servile:
856 4940 1208 5021 praesertim
1239 4959 1439 5021 quum
1472 4939 1738 5003 viridior
1765 4948 1914 5002 aetas

409 5041 544 5103 cito
585 5039 663 5101 ad
714 5037 1129 5100 rebellionem
1181 5039 1381 5119 possit
1422 5038 1487 5099 in
1535 5038 1720 5100 nobis
1769 5038 1916 5100 sub-

409 5137 548 5201 dita
605 5136 894 5200 membra
940 5135 1323 5218 compellere
1371 5144 1482 5198 aut
1531 5153 1807 5208 movere,
1860 5137 1913 5198 si

411 5237 714 5300 licentius
755 5254 1215 5317 praesumamus
1251 5253 1426 5296 escas
1468 5234 1774 5310 insolitaS,
1807 5245 1916 5298 aut

414 5343 589 5397 certe
619 5333 1050 5396 abundantius
1085 5332 1411 5415 capiamus
1447 5333 1661 5395 solitas
1696 5338 1916 5396 escas?

2024 4356 2124 4421 tae,
2144 4355 2253 4408 aut
2285 4345 2480 4407 illecti
2512 4344 2827 4406 desiderio
2856 4343 3069 4406 nimiae
3099 4343 3513 4417 remissioniS‚

2027 4445 2335 4507 libremus
2394 4443 2816 4505 substantiam
2866 4442 3100 4504 virium
3158 4449 3516 4505 nostrarum

2026 4542 2490 4605 examinatione
2533 4541 2789 4604 trutinae
2833 4539 3198 4622 inaequalis3
3238 4541 3347 4602 sed
3396 4540 3519 4603 col-

2028 4642 2306 4704 locantes
2337 4640 2679 4723 puritatem
2710 4640 2937 4702 animae
2966 4639 3033 4701 in
3065 4638 3245 4702 lance
3276 4658 3421 4714 una,
3454 4647 3519 4702 et

2027 4739 2310 4821 corporis
2357 4739 2523 4801 vires
2583 4740 2648 4800 in
2707 4738 2853 4812 alia,
2903 4738 2989 4800 ita
3045 4740 3397 4822 pendamus
3443 4757 3517 4801 ac

2027 4839 2450 4921 ponderemus
2508 4844 2852 4918 utrumque
2897 4836 3141 4918 judicio
3192 4837 3515 4901 conscien-

2024 4937 2129 5000 tiae
2159 4955 2331 5011 vero,
2365 4942 2436 4997 ut
2475 4935 2536 4996 in
2580 4943 2869 4998 neutram
2908 4944 3152 5017 partem
3193 4936 3518 5017 propensi-

2027 5057 2102 5099 us
2133 5034 2513 5096 inclinemus
2545 5033 2773 5096 libram
2804 5033 3201 5116 aequalitatiS,
3234 5033 3515 5115 corrupti

2027 5132 2545 5216 praeponderante
2590 5132 2779 5194 unius
2823 5132 3019 5214 partis
3066 5131 3324 5206 affectu,
3366 5151 3518 5214 qua-

2027 5243 2211 5296 tenus
2250 5250 2368 5294 nec
2398 5232 2477 5296 ad
2515 5230 2993 5293 immoderatam
3030 5229 3511 5307 districtionem,

2032 5351 2149 5415 nec
2179 5332 2258 5394 ad
2288 5330 2552 5393 nimiam
2593 5315 3029 5392 remissionem
3063 5328 3420 5406 flectamur,
3452 5339 3517 5394 et

3535 2988 3801 3039 mecvunt.

3552 3275 3684 3318 erno.
3696 3277 3800 3324 ms,

3533 3338 3659 3392 Juxta
3682 3334 3801 3380 Lxx.
