4359 6267
874 465 993 529 136

1603 484 2021 532 COLLATIONUM
2064 484 2147 529 SS.
2182 483 2428 529 PATRUM
2469 484 2643 530 LIBER
2683 485 2723 528 1.
2769 502 2850 511 —
2891 483 3176 530 coLLA'rlo
3218 485 3240 528 1

872 669 1163 713 eroemus
1198 670 1325 715 non
1361 653 1567 715 solum
1602 652 2101 734 infatigabiliter,
2138 653 2268 715 imo
2305 658 2368 713 et
2399 649 2448 711 A
2479 651 2782 726 minibus,
2819 671 2936 714 nec
2974 653 3158 715 aliter
3187 652 3455 715 confidit
3489 671 3555 714 se
3589 652 3980 733 adepturum

870 757 1211 829 gratanter,
1260 758 1523 813 cunctos
1585 750 1850 813 labores.
1898 750 1990 813 Ob
2044 768 2237 831 quem
2279 749 2369 830 je-

869 846 1199 927 juniorum
1262 848 1531 911 afflictio
1593 868 1706 912 nos
1772 868 1897 912 non
1962 849 2203 929 fatigat,
2259 848 2369 909 sed

873 952 937 1005 et
974 944 1339 1025 vigiliarum
1385 946 1689 1009 lassitudo
1732 946 2023 1019 delectat,
2064 945 2253 1007 leetio
2295 962 2368 1005 ac

874 1042 1201 1105 meditatio
1244 1043 1713 1125 Scripturarum
1759 1053 2039 1105 mentem
2088 1050 2368 1105 nostram

873 1158 1001 1203 non
1032 1141 1251 1219 satiat3
1286 1142 1684 1205 incessabilis
1725 1143 1915 1204 etiam
1957 1141 2154 1214 labor,
2190 1141 2370 1203 nudi-

874 1247 1095 1320 tasque
1126 1246 1188 1300 et
1217 1241 1507 1302 omnium
1541 1240 1913 1302 facultatum
1946 1239 2241 1321 privatio,
2273 1239 2371 1319 ju-

875 1338 1264 1399 cundissime
1315 1338 1681 1411 tolerantur,
1733 1357 1849 1399 nec
1899 1338 2122 1399 horror
2176 1338 2370 1418 hujus

873 1436 1248 1498 vastissimae
1278 1436 1640 1499 solitudinis
1674 1444 1877 1498 terret.
1894 1436 2154 1517 Propter
2182 1453 2371 1516 quem

874 1534 1076 1596 finem
1107 1552 1217 1596 vos
1250 1534 1372 1616 ipsi
1404 1535 1626 1615 procul
1656 1534 1854 1597 dubio
1884 1533 2213 1615 sprevistis
2247 1551 2373 1594 car-

875 1633 1085 1695 nalem
1114 1632 1420 1695 affectum
1447 1633 1978 1715 praesentiamque
2009 1638 2366 1713 parentum,

873 1750 947 1793 ac
982 1732 1251 1813 patriam
1291 1738 1567 1793 vestram
1605 1739 1795 1812 atque
1834 1730 2116 1803 deliciaS,
2149 1737 2242 1792 tot
2280 1748 2371 1791 re-

2477 749 2870 830 opulen'tiam
2915 750 3068 811 finis
3112 751 3335 831 quieti,
3371 751 3493 811 nisi
3540 770 3657 812 usu
3703 758 3765 811 et.
3801 758 3975 811 actu.

2477 847 2742 929 Insuper
2799 849 3151 929 negotiator
3209 867 3334 911 non
3392 849 3654 929 deponit
3700 867 3736 909 a
3783 849 3979 910 corde

2479 963 2594 1007 suo
2623 946 3011 1007 desiderium
3046 947 3356 1008 mercium
3389 947 3826 1020 emendarum,
3861 965 3982 1029 per

2479 1044 2647 1124 quod
2694 1044 2894 1125 possit
2933 1045 3111 1106 lucro
3149 1064 3294 1106 suas
3338 1044 3592 1106 divitias
3639 1062 3980 1125 congrega-

2479 1160 2546 1203 re
2599 1159 2614 1203 z
2667 1143 2968 1222 quoniam
3029 1141 3281 1204 frustra·
3320 1150 3648 1224 appeteret
3694 1143 3976 1217 lucrum,

2479 1239 2603 1301 nisi
2647 1239 2906 1319 eligeret
2949 1239 3119 1301 viam
3169 1258 3294 1320 qua
3340 1240 3594 1301 tendere
3641 1246 3854 1321 posset
3893 1241 3979 1301 ad

2479 1336 2658 1398 illud.
2683 1338 2758 1398 Et
2786 1338 2895 1418 qui
2929 1338 3196 1419 eupiunt
3227 1338 3586 1419 promoveri
3619 1338 3809 1400 certis
3839 1340 3982 1419 qui-

2481 1436 2727 1516 busque
2785 1436 3200 1516 dignitatibus
3263 1436 3458 1515 hujus
3521 1438 3767 1509 mundi,
3829 1446 3978 1499 ante

2481 1534 2882 1595 considerant
2927 1542 2989 1595 et
3031 1540 3398 1615 proponunt
3441 1535 3543 1595 cui
3593 1533 3813 1597 officio
3861 1554 3978 1597 seu

2480 1630 2685 1693 ordini
2735 1649 2802 1693 se
2850 1631 3120 1693 debeant
3169 1632 3554 1713 mancipare,
3603 1640 3672 1693 ut
3718 1652 3832 1713 per
3880 1652 3982 1694 re—

2481 1738 2648 1790 ctam
2705 1736 2892 1811 atque
2952 1730 3243 1792 idoneam
3304 1731 3594 1792 semitam
3656 1750 3785 1793 suae
3837 1732 3976 1812 spei

875 1829 1171 1909 gionibus
1215 1830 1583 1911 peragratiS,
1618 1837 1687 1890 ut
1726 1829 2061 1910 pervenire
2099 1828 2368 1909 possetis
2406 1828 2453 1889 B
2480 1828 2788 1908 attingere
2828 1835 3064 1908 queant
3104 1826 3306 1889 finem
3351 1828 3673 1908 dignitatis
3719 1829 3973 1910 cupitae.

874 1928 953 1988 ad
997 1946 1111 1990 nos
1154 1928 1444 1990 homines
1490 1927 1715 1989 idiotas
1757 1945 1830 1989 ac
1872 1927 2163 2001 rusticOS,
2197 1934 2260 1986 et
2302 1926 2368 1986 in

876 2026 1168 2106 squalore
1197 2025 1395 2087 eremi
1426 2032 1901 2088 commorantes.
1919 2026 2177 2105 Propter
2207 2023 2369 2105 quod

878 2124 1252 2205 respondete
1284 2124 1440 2185 mihi
1475 2143 1617 2205 quae
1656 2124 1738 2185 sit
1768 2123 2105 2185 destinatio
2137 2129 2367 2195 vestra,

877 2221 978 2282 vel
1023 2220 1174 2283 sinis
1214 2222 1325 2303 qui
1370 2228 1672 2302 provocat
1714 2238 1827 2283 vos
1870 2221 1949 2282 ad
1994 2220 2210 2281 omnia
2253 2219 2372 2281 ista

880 2318 1300 2381 libentissime
1340 2320 1725 2381 sustinenda.

1234 2548 1808 2610 CAPITULUM
1872 2547 2010 2610 ΠΙ.

1332 2669 1663 2741 Responsio
1692 2674 1921 2723 nostra.

1023 2822 1377 2895 UUMQUE
1436 2820 1757 2882 insisteret
1804 2820 2033 2881 elicere
2092 2826 2370 2881 nostram

885 2820 1015 3021 Q
1056 2921 1535 3003 responsionem
1589 2937 1781 3000 super
1830 2919 1945 2979 hac
1998 2918 2368 2999 quaestione,

2480 1926 2570 1986 Ita
2617 1932 2680 1986 et
2733 1924 2886 1986 sinis
2933 1926 3052 1986 viae
3101 1934 3331 1988 nostrae
3379 1934 3472 1987 est
3521 1944 3788 2007 regnum
3838 1927 3976 1988 Dei.

2479 2025 2626 2098 Quae
2670 2041 2822 2085 vero
2865 2024 2948 2084 sit
2990 2023 3329 2086 destinatio
3377 2024 3832 2105 inquirendum
3881 2034 3984 2087 est

2479 2124 2817 2204 diligenter
2850 2143 2863 2185 ε
2899 2123 3050 2203 quia
3083 2122 3136 2183 si
3173 2140 3300 2185 non
3330 2124 3778 2203 agnoverimus
3807 2143 3978 2197 eam,

2481 2221 2716 2283 frustra
2773 2220 3187 2302 fatigabimur
3251 2220 3610 2293 laborando,
3673 2222 3980 2303 quoniam

2481 2320 2591 2401 qui
2637 2320 2908 2381 tendunt
2955 2318 3092 2381 sine
3143 2326 3314 2381 recta
3360 2319 3484 2393 via,
3537 2319 3818 2383 laborem
3867 2321 3982 2383 ha-

2481 2418 2634 2479 bent
2673 2418 2942 2491 itineris,
2977 2435 3103 2479 non
3148 2416 3524 2499 profectum.
3560 2417 3654 2480 Ad
3697 2419 3832 2482 haec
3871 2420 3981 2481 ad-

2483 2515 2863 2578 mirantibus
2903 2514 3088 2578 nobis
3130 2515 3346 2577 intulit
3383 2534 3577 2578 senex
3611 2536 3626 2579 :
3659 2516 3831 2579 Finis
3871 2536 3987 2580 no-

2481 2623 2626 2678 s'trae
2665 2614 3101 2697 professioniS‚
3135 2619 3207 2675 ut
3240 2613 3542 2689 diximuS,
3575 2622 3670 2676 est
3709 2632 3983 2695 regnum

2481 2714 2592 2776 Dei
2626 2732 2738 2775 seu
2779 2731 3044 2794 regnum
3078 2712 3422 2791 coelorum3
3458 2712 3796 2775 destinatio
3827 2732 3986 2777 vero

2481 2818 2578 2873 est
2620 2810 2861 2892 puritas
2907 2810 3135 2883 cordiS,
3178 2810 3315 2872 sine
3358 2828 3486 2890 qua
3535 2828 3722 2873 nemo
3771 2818 3986 2891 potest

2481 2910 2559 2971 ad
2604 2908 2804 2970 finem
2851 2909 3032 2970 illum
3080 2908 3459 2989 pertingere.
3495 2910 3784 2989 Figentes
3829 2927 3986 2991 ergo

876 3020 1323 3101 respondimus
1380 3018 1679 3080 universa
1737 3017 1870 3079 haec
1920 3015 2169 3078 tolerari
2230 3033 2372 3096 pro·
2409 3012 2453 3074 C
2486 3008 2550 3068 in
2590 3007 2707 3067 hae
2739 3006 3160 3067 destinatione
3201 3006 3506 3068 intuitum
3546 3015 3775 3069 nostras
3807 3026 3988 3068 men-

879 3125 1020 3199 pter
1062 3135 1328 3197 regnum
1374 3114 1699 3177 coelorum.

1286 3340 1789 3403 CAPITULUM
1853 3340 1967 3402 IV.

878 3463 1209 3534 Responsio
1239 3460 1481 3517 abbatis
1502 3461 1727 3531 Moysis
1754 3474 1938 3529 super
1948 3459 2374 3530 propositione

1458 3550 1783 3621 proedicta.

1020 3704 1070 3765 D
1110 3702 1277 3784 quod
1327 3701 1431 3763 ille
1468 3719 1479 3761 :
1514 3701 1703 3774 Bene,
1740 3699 1968 3781 inquit,
2004 3708 2064 3761 et
2104 3699 2376 3780 pruden-

1048 3808 1143 3862 ter
1177 3799 1591 3881 respondistis
1630 3798 1707 3859 de
1743 3795 1893 3859 fine.
1930 3797 2046 3870 Qui
2086 3814 2234 3859 vero
2273 3797 2376 3857 de-

879 3899 1025 3961 beat
1083 3917 1219 3961 esse
1279 3914 1525 3978 scopOS,
1585 3896 1647 3957 id
1704 3903 1799 3957 est
1857 3895 2217 3967 destinatio,
2272 3894 2374 3955 cui

877 3997 1115 4078 jugiter
1159 3996 1537 4059 inhaerentes
1583 3994 1905 4056 valeamus
1949 3994 2258 4073 attingere
2304 3991 2378 4053 fi-

880 4115 1050 4170 nem,
1097 4095 1341 4157 debetis
1390 4093 1554 4155 scire
1603 4111 1732 4174 prae
1779 4091 2098 4153 omnibus.
2147 4091 2378 4163 Quum-

2485 3107 2586 3181 tis,
2619 3105 2954 3186 dirigimus
2987 3113 3154 3166 recte
3186 3123 3444 3166 cursum
3477 3113 3766 3167 nostrum
3795 3106 3987 3187 quasi

2485 3223 2598 3286 per
2636 3203 2870 3265 lineam
2917 3210 3172 3263 certam.
3207 3202 3397 3264 Porro
3435 3203 3490 3263 si
3529 3203 3824 3283 cogitatio
3869 3222 3986 3266 no-

2483 3311 2611 3364 stra
2668 3301 3001 3383 paululum
3049 3300 3129 3361 ab
3178 3300 3294 3361 hac
3342 3301 3764 3363 destinatione
3811 3320 3986 3364 erra-

2482 3400 2666 3473 verit,
2711 3398 3092 3459 recurrendo
3142 3416 3287 3459 mox
3334 3397 3414 3465 ad
3457 3398 3596 3478 ejus
3647 3398 3982 3475 intuitum,

2484 3497 2930 3578 cogitationem
2991 3503 3270 3558 nostram
3332 3515 3553 3558 rursus
3615 3504 3785 3559 recte
3843 3515 3988 3560 cor-

2484 3596 2762 3676 rigamus
2813 3603 3112 3674 tanquam
3170 3593 3248 3654 ad
3307 3593 3589 3673 regulam
3637 3595 3987 3675 quamdam

2485 3712 2596 3754 seu
2643 3693 2894 3754 lineam.
2939 3691 3086 3764 Quae
3115 3690 3426 3773 ,cogitatio
3470 3708 3771 3753 revocans
3819 3711 3992 3753 sem-

2485 3814 2598 3876 per
2641 3813 2862 3856 omncs
2911 3800 3158 3856 nostros
3206 3792 3450 3854 labores
3493 3793 3573 3854 ad
3616 3812 3815 3855 unum
3861 3793 3992 3856 hoc

2485 3894 2763 3973 signum,
2797 3893 2915 3953 hoc
2945 3898 3039 3952 est
3068 3892 3146 3952 ad
3187 3890 3674 3953 destinationem
3713 3909 3826 3952 seu
3869 3910 3994 3972 pu-

2487 3991 2736 4053 ritatem
2783 3990 2984 4052 oordis
3033 3987 3382 4069 praefatam,
3425 3989 3719 4050 emendat
3767 3990 3994 4051 statim

2487 4096 2550 4150 et
2605 4090 2884 4169 corrigit,
2945 4088 2998 4149 si
3059 4105 3239 4148 mens
3303 4094 3517 4148 nostra
3574 4086 3674 4147 vel
3735 4088 3994 4149 modice

881 4213 1004 4275 que
1062 4193 1445 4255 dixissemus
1511 4209 1624 4253 nos
1688 4190 1976 4270 ignorare
2033 4189 2175 4261 hoc,
2240 4188 2376 4269 ipse
2409 4192 2458 4253 D
2487 4188 2767 4249 deviaret
2797 4207 2833 4249 a
2863 4185 3185 4267 proposita
3223 4185 3591 4258 directione,
3626 4203 3736 4246 seu
3779 4184 3994 4247 inten-

879 4292 1115 4373 adjecit
1156 4310 1170 4354 ε
1214 4292 1283 4352 In
1335 4290 1532 4363 omni,
1580 4296 1650 4349 ut
1699 4288 1853 4361 dixi,
1896 4293 2027 4347 arte
2078 4294 2141 4347 et
2189 4286 2377 4346 disei-

882 4390 1059 4471 plina
1108 4389 1407 4470 praecedit
1454 4387 1653 4448 finem
1704 4385 1965 4466 quidam
2017 4402 2264 4465 scopOS,
2314 4384 2376 4445 id

882 4495 978 4549 est
1020 4486 1357 4549 destinatio
1399 4484 1648 4555 animae,
1682 4502 1795 4544 seu
1842 4481 2243 4543 incessabilis
2288 4480 2378 4541 in-

881 4585 1081 4646 tentio
1125 4583 1355 4645 mentis
1392 4601 1405 4644 z
1440 4600 1630 4662 quam
1676 4580 1799 4641 nisi
1844 4579 1987 4660 quis
2031 4578 2378 4640 servaverit

882 4702 1031 4745 oum
1063 4681 1236 4744 omni
1267 4681 1477 4742 studio
1507 4686 2007 4761 perseveranter,
2042 4678 2376 4758 pervenire

883 4800 1011 4844 non
1059 4779 1289 4862 poterit
1334 4779 1411 4841 ad
1462 4777 1661 4839 finem
1718 4775 1965 4837 fruetus
2013 4775 2370 4837 desiderati.

880 4880 1061 4953 Nam,
1112 4886 1184 4940 ut
1234 4878 1387 4951 dixi,
1438 4876 1713 4957 agricola
1771 4874 2011 4935 habens
2071 4892 2187 4954 pro
2246 4872 2376 4935 fine

879 4980 1094 5041 vivere
1152 4996 1373 5039 secure
1430 4994 1503 5037 ac
1552 4974 1805 5055 copiose
1864 4973 1931 5033 in
1989 4971 2379 5034 abundantia

879 5077 1228 5149 fructuum,
1275 5074 1464 5136 habet
1513 5091 1629 5155 pro
1678 5071 2097 5134 destinatione
2148 5088 2377 5151 expur-

878 5194 1024 5257 gare
1056 5192 1277 5256 agrum
1311 5192 1497 5234 suum
1528 5191 1565 5233 a
1594 5170 1882 5233 sentibus
1915 5169 2184 5241 cunctis,
2209 5186 2380 5229 eum·

880 5292 1003 5357 que
1034 5290 1339 5337 evacuare
1368 5270 1449 5333 ab
1474 5269 1773 5332 omnibus
1805 5266 2216 5331 infructuosis
2246 5283 2380 5347 gra-

2491 4294 2550 4347 ta
2581 4284 3082 4348 consideratione
3107 4282 3552 4345 'destinationis
3583 4301 3656 4344 ac
3688 4283 3995 4364 puritatis

2489 4384 2771 4446 internae.

2909 4627 3412 4691 CAPITULUM
3475 4627 3558 4691 V.

2595 4776 2680 4829 De
2717 4776 3168 4846 comparatione
3205 4774 3341 4845 ejus
3375 4775 3484 4847 qui
3523 4775 3873 4846 saqittando

2823 4870 3080 4919 conatur
3109 4870 3356 4935 tanqere
3383 4865 3639 4934 siynum.

2495 5066 3170 5267 QUEMADMODUM
3201 5069 3268 5130 hi
3299 5068 3409 5150 qui
3449 5024 3679 5131 bellica
3709 5068 3830 5131 tela
3857 5076 3994 5133 tra-

2662 5176 2854 5242 ctant,
2879 5168 3032 5229 dum
3069 5166 3338 5247 cupiunt
3366 5166 3797 5229 demonstrare
3823 5169 3992 5231 artis

2489 5284 2619 5327 suae
2663 5264 2958 5345 peritiam
3001 5282 3214 5327 coram
3255 5282 3398 5345 rege
3439 5271 3711 5339 terreno,
3747 5282 3992 5329 conan-
