4359 6267
871 468 951 533 64
1775 488 1856 533 nn
1897 487 2225 533 msrmms
2267 486 2351 533 ss.
2386 486 2646 532 runnu.
2692 504 2773 513 —
2812 486 2987 530 mnan
3024 484 3064 531 v

871 658 1188 739 Quidquid
1237 666 1451 721 autem
1501 652 1678 720 extra
1725 657 2253 720 consuetudinem
2301 664 2362 718 et
2393 655 2446 718 A
2473 675 2616 718 mus
2650 656 2715 717 in
2757 656 3156 719 monasteriis
3195 655 3537 719 Palaestinae
3564 654 3822 735 edocti),
3858 652 3993 715 sed

871 763 1090 817 contra
1145 774 1551 819 communem
1607 757 1892 818 Fratrum
1952 774 2138 817 usum
2192 755 2363 837 quis·
2472 773 2876 837 quocumque
2924 754 3345 828 venissemuS‚
3392 753 3760 835 quotidiana
3803 751 3997 832 jeju-

871 872 1060 934 quam
1095 854 1442 936 prae-sumit,
1477 854 1596 917 hoc
1627 855 2071 936 antiquissima
2108 854 2363 916 Patrum
2473 853 2645 915 natio
2683 853 3054 925 solveretur,
3090 852 3391 933 legitimis
3428 857 3650 933 quarta
3687 869 3761 911 ac
3792 857 3995 911 sexta

868 952 1157 1015 doctrina
1187 954 1429 1017 notavit
1461 961 1760 1036 tanquam
1793 954 2107 1036 pollutum
2140 953 2365 1015 morbo

867 1052 1186 1126 vanitatiS,
1220 1060 1282 1113 et
1313 1053 1750 1115 ostentationis
1781 1072 2084 1133 vanaeque
2123 1051 2359 1132 gloriae.

871 1149 1155 1230 Denique
1201 1168 1328 1212 non
1373 1151 1786 1231 cognovimus
1836 1168 2223 1232 quemquam
2267 1167 2366 1211 eo-

871 1266 1014 1309 rum
1045 1266 1204 1330 quos
1234 1248 1512 1311 vidimus
1550 1250 1775 1311 ceteris
1818 1248 2204 1331 praefulsisse
2236 1267 2365 1309 me-

872 1345 992 1406 rito
1037 1345 1436 1408 discretionis
1485 1352 1674 1428 atque
1717 1346 2018 1418 scientiae,
2061 1346 2161 1407 vel
2207 1363 2364 1426 quos

870 1442 1071 1521 gratia
1100 1443 1330 1505 Christi
1363 1443 1708 1526 praeposuit
1735 1442 2032 1505 omnibus
2063 1449 2366 1523 tanquam

873 1541 1388 1621 splendidissima
1437 1541 1776 1604 luminaria
1816 1541 1894 1603 ad
1945 1541 2363 1622 sequendum,

872 1638 1256 1702 abstinuisse
1297 1660 1334 1702 a
1372 1659 1557 1723 pane,
1593 1639 1702 1721 qui
1748 1640 1916 1721 apud
1955 1658 2063 1701 eos
2101 1640 2249 1701 vilis
2293 1658 2364 1701 ac

873 1736 1079 1799 facilis
1124 1737 1492 1817 habebatur.
1538 1738 1665 1800 Nec
1711 1756 1992 1819 unquam
2039 1738 2367 1819 conspexi-

2474 951 2651 1013 feriis
2710 951 3021 1033 demptis3
3071 969 3271 1033 quum
3331 949 3803 1012 sciscitaremur
3852 966 3991 1010 cur

2474 1050 2841 1130 quotidiana
2875 1050 3121 1130 jejunia
3161 1047 3603 1111 indifferenter
3640 1047 3733 1109 sic
3764 1046 3987 1109 solve-

2474 1156 2634 1222 rent,
2667 1148 2925 1229 quidam
2970 1149 3293 1211 seniorum
3336 1148 3429 1209 sic
3468 1146 3795 1227 respondit
3826 1163 3842 1207 ε
3877 1146 3991 1208 Je-

2469 1247 2726 1327 junium
2783 1265 3037 1328 semper
3091 1253 3186 1308 est
3244 1263 3532 1323 mecum;
3581 1262 3694 1306 vos
3751 1252 3987 1306 autem

2474 1363 2633 1425 quos
2663 1345 2875 1406 statim
2906 1344 3387 1419 dimittam,non
3419 1361 3681 1425 possum
3712 1360 3987 1404 mecum

2471 1441 2707 1523 jugiter
2746 1450 2979 1504 tenere.
3016 1443 3093 1504 Et
3120 1442 3413 1524 quamvis
3449 1441 3771 1522 jejunium
3810 1440 3987 1501 utile

2476 1542 3033 1623 necessariumque
3091 1541 3413 1614 consistat,
3466 1539 3823 1602 voluntaria
3880 1546 3985 1600 ta-

2476 1659 2623 1702 men
2655 1639 2890 1702 oblatio
2921 1648 3051 1718 est3
3084 1658 3244 1722 opus
3284 1647 3496 1700 autem
3537 1637 3814 1699 caritatis
3856 1637 3986 1698 im—

2476 1738 2637 1820 pleri
2665 1738 2861 1819 exigit
2890 1739 3191 1821 praecepti
3234 1737 3595 1800 necessitas,
3629 1735 3873 1798 Idcirco
3906 1736 3981 1797 in

870 1855 1012 1897 mus
1042 1855 1424 1918 quemquam
1452 1854 1668 1899 eorum
1693 1837 1804 1917 qui
1837 1835 2159 1917 praesatam
2192 1854 2367 1916 regu·
2400 1836 2447 1898 B
2476 1836 2656 1898 vobis
2696 1837 3053 1918 suscipiens
3084 1836 3427 1910 Christum,
3463 1836 3727 1898 reficere
3766 1834 3982 1897 debeo

871 1935 996 1996 lam
1038 1935 1451 2007 declinanteS‚
1493 1936 1714 1997 sectati
1763 1943 1912 1997 sunt
1951 1934 2363 1997 refectionem

869 2034 1114 2095 olerum
1145 2052 1256 2095 seu
1291 2032 1836 2113 leguminum,aut
1865 2050 2223 2114 pomorum,
2245 2052 2361 2094 usu

871 2131 1053 2213 panis
1088 2131 1332 2205 relicto,
1367 2130 1656 2192 habitum
1689 2130 1854 2191 inter
1884 2129 2363 2212 probatissimos

870 2229 1147 2303 Patrum,
1209 2246 1328 2290 nec
1384 2229 1576 2290 etiam
1637 2229 1903 2309 gratiam
1961 2228 2364 2291 discretionis

871 2327 1006 2389 sive
1039 2326 1320 2389 scientiae
1352 2334 1784 2389 consecutum.
1819 2327 1976 2390 Nam
2011 2327 2365 2389 docuerunt

873 2425 1256 2487 monachum
1300 2443 1426 2487 non
1469 2425 1675 2487 solum
1719 2443 1846 2487 non
1887 2425 2116 2487 debere
2157 2425 2365 2507 requi-

872 2540 1011 2585 rere
1043 2523 1218 2586 cibos
1259 2522 1401 2585 aliis
1445 2523 1800 2596 inusitatos,
1833 2542 1912 2585 ne
1943 2524 2365 2586 conversatio-

875 2622 974 2684 nis
1005 2641 1134 2684 suae
1165 2640 1390 2684 cursus
1419 2629 1722 2703 tanquam
1753 2622 1818 2683 in
1851 2622 2189 2685 manifesto
2218 2642 2369 2683 cun—

875 2720 993 2783 ctis
1036 2720 1384 2802 expositus,
1415 2728 1632 2802 pereat
1673 2720 1894 2783 morbo
1933 2720 2148 2802 gloriae
2190 2740 2369 2783 vanae

875 2819 1084 2881 inanis
1133 2818 1338 2881 factus
1381 2838 1452 2881 ac
1497 2836 1772 2896 vacuus;
1815 2819 1924 2882 sed
1976 2820 2237 2900 insuper
2281 2819 2371 2880 di-

876 2925 1029 2979 cunt
1069 2936 1475 2979 communem
1515 2917 1908 2998 jejuniorum
1948 2916 2368 2980 afflictionem

875 3033 1002 3079 non
1033 3024 1324 3097 oportere
1353 3016 1546 3078 alicui
1581 3015 1857 3078 faciliter
1887 3016 2227 3099 propalari,
2261 3017 2370 3078 sed
2406 3020 2448 3083 C

876 3122 1187 3196 quantum
1243 3114 1386 3177 fieri
1448 3122 1675 3195 potest,
1727 3114 2028 3177 abscondi
2088 3133 2163 3177 ac
2220 3114 2367 3195 tegi.

876 3212 1233 3274 virtuosius
1273 3228 1527 3293 quoque
1569 3220 1977 3274 asseruerunt
2014 3211 2249 3274 offerre
2292 3212 2373 3273 si-

879 3330 956 3372 ve
989 3310 1358 3391 impendere
1388 3310 1691 3371 virtutem
1732 3308 2145 3372 humanitatis
2177 3329 2251 3371 ac
2282 3310 2373 3372 di-

881 3408 1171 3471 lectionis
1230 3408 1718 3469 advenientibus
1782 3408 2126 3482 FratribuS,
2180 3427 2372 3489 quam

880 3506 1287 3571 manifestare
1326 3506 1567 3568 eisdem
1606 3506 2006 3569 abstinentiae
2039 3507 2375 3569 districtio-

881 3625 1028 3669 nem
1073 3614 1261 3686 atque
1306 3604 1613 3687 propositi
1659 3604 2013 3686 quotidiani
2056 3606 2372 3685 rigorem3

880 3713 943 3767 et
995 3724 1074 3767 ne
1122 3705 1522 3766 attendamus
1581 3704 1736 3786 quid
1797 3711 2007 3766 nostra
2056 3705 2370 3778 voluntaS,

879 3804 1014 3865 sive
1065 3802 1326 3877 utilitas,
1369 3811 1478 3864 aut
1527 3802 1770 3884 proprii
1815 3802 2110 3865 desiderii
2163 3802 2375 3866 fervor

877 3907 1197 3983 exposcat,
1217 3900 1326 3962 sed
1359 3918 1786 3982 praeparemus
1817 3908 1878 3962 et
1907 3908 2226 3981 gratanter
2258 3900 2373 3962 im-

880 4000 1166 4081 pleamus
1211 3998 1379 4080 quod
1424 3998 1620 4078 exigit
1665 4000 1915 4081 requies
1954 4006 2063 4062 aut
2101 3998 2375 4060 infirmi-

876 4104 972 4159 tas
1014 4096 1245 4159 Fratris
1286 4095 1700 4159 advenientis.

1218 4350 1723 4415 CAPITULUM
1784 4351 2035 4415 XXIV.

877 4500 1050 4569 Quod
1067 4500 1398 4556 viderimus
1419 4501 1486 4555 in
1498 4502 1756 4572 AE'yypto
1779 4500 2203 4573 indifferenter
2216 4502 2372 4557 solvi

982 4590 1352 4662 quotidiana
1369 4589 1628 4660 jeju-nia
1658 4590 1725 4644 in
1754 4594 1959 4646 nostro
1990 4591 2269 4648 adventu.

1021 4786 1190 4849 UUM
1238 4787 1316 4849 de
1365 4786 1653 4867 partibus
1703 4786 1896 4870 Syriae
1954 4788 2369 4851 intrassemus

1035 4886 1398 4967 AEgyptum,
1452 4885 1782 4966 cupientes
1836 4893 2067 4948 statuta
2124 4886 2368 4949 discere

874 4983 1222 5057 seniorum,
1275 4991 1338 5044 et
1389 4983 1769 5045 miraremur
1821 5002 1934 5046 nos
1994 5004 2141 5046 cum
2197 4993 2370 5048 tanta

874 5081 1080 5143 cordis
1124 5081 1448 5144 alacritate
1491 5081 1730 5164 suscipi
1777 5082 1890 5155 ibi,
1924 5082 2012 5144 ita
2055 5091 2124 5145 ut
2165 5103 2367 5165 usque

869 5178 948 5241 ad
989 5178 1316 5260 praefixam
1358 5179 1588 5261 jejunii
1630 5180 1850 5243 horam
1889 5181 2064 5243 nulla
2106 5199 2366 5264 prorsus

868 5284 1226 5339 servaretur
1281 5278 1498 5359 regula
1557 5278 1922 5341 refectionis
1978 5279 2173 5360 (sicut
2230 5298 2362 5343 era-

2400 4204 2452 4265 D

2475 1954 2622 1997 eum
2642 1953 2659 2013 ;
2701 1953 2812 1997 vos
2853 1953 3003 1997 vero
3040 1935 3381 2009 deducenS,
3416 1942 3635 2017 potero
3672 1932 3984 1995 districti-

2474 2034 2568 2095 ori
2605 2033 2854 2113 jejunio
2898 2051 3381 2115 recompensare
3422 2033 3488 2095 in
3533 2050 3634 2094 me
3674 2031 3813 2113 ipso
3850 2032 3979 2092 hu-

2476 2132 2866 2205 manitatem,
2883 2150 2994 2192 seu
3022 2131 3255 2212 Jejunii
3285 2130 3758 2203 relaxationem,
3773 2148 3977 2211 quam

2476 2228 2707 2291 Christi
2764 2247 2977 2291 amore
3028 2229 3210 2291 vobis
3258 2228 3549 2291 exhibeo.
3603 2227 3738 2290 Non
3792 2226 3977 2289 enim
4012 2244 4273 2349 2ssu‘*''³⁸'
4325 2212 4326 2295 ἷ

2478 2335 2762 2408 possunt·
2782 2326 2904 2388 filii
2945 2328 3162 2408 sponsi
3204 2328 3441 2407 lugere,
3475 2326 3777 2409 quamdiu
3818 2345 3975 2388 cum

2475 2426 2603 2487 illis
2660 2434 2755 2487 est
2814 2444 3119 2508 sponsus3
3182 2426 3291 2488 sed
3348 2446 3548 2507 quum
3606 2425 3981 2488 discesserit

2476 2540 2769 2605 sponsuS,
2804 2523 2975 2585 licite
3001 2523 3403 2605 jejunabunt.

2834 2760 3336 2824 CAPITULUM
3392 2762 3608 2826 XXV.

2479 2885 2565 2938 De
2610 2882 2935 2937 sobrietate
2980 2883 3142 2936 senis
3188 2884 3299 2954 qui
3346 2884 3438 2938 ita
3474 2884 3675 2939 sea-ies
3714 2888 3977 2957 sumpsit

2550 2963 2749 3019 cibum
2780 2963 2847 3018 in
2873 2963 2975 3018 die
3003 2979 3143 3026 uno,
3174 2965 3337 3035 quod
3362 2964 3558 3021 adhuc
3592 2966 3815 3021 mansit
3842 2982 3978 3021 esu-

2551 3060 2736 3100 mena.

2656 3313 2944 3374 hortante
2987 3319 3056 3374 ut
3094 3312 3301 3374 adhuc
3345 3312 3667 3375 modicum
3714 3316 3981 3376 mandu-

2484 3430 2715 3484 carem,
2742 3430 2941 3491 quum
2978 3411 3470 3491 respondissem,
3504 3410 3640 3474 Non
3675 3430 3978 3494 possum3

2484 3508 2591 3569 ille
2631 3508 2864 3589 adjecit
2898 3524 2912 3569 ε
2948 3507 3076 3589 Ego
3109 3507 3239 3589 jam
3281 3509 3485 3571 sexies
3524 3510 3794 3573 diversis
3834 3511 3979 3573 Fra-

2482 3607 2687 3669 tribus
2736 3605 3223 3669 advenientibus
3267 3607 3447 3689 posui
3487 3627 3794 3683 mensam,
3837 3610 3977 3672 uni-

2483 3723 2826 3786 versosque
2876 3705 3155 3779 hortans,
3208 3724 3357 3768 cum
3406 3706 3675 3787 singulis
3728 3711 3978 3790 sumpsi

2482 3824 2715 3878 escam,
2758 3803 2965 3865 adhuc
3016 3810 3226 3866 tamen
3274 3805 3489 3867 esurio
3528 3826 3543 3870 :
3584 3814 3649 3867 et
3690 3814 3760 3868 tu
3802 3826 3979 3869 nunc

2483 3903 2695 3985 primo
2724 3902 3045 3975 reficiens,
3080 3902 3240 3964 dicis
3270 3912 3332 3965 te
3362 3904 3638 3986 amplius
3675 3905 3807 3986 jam
3846 3924 3979 3969 non

2483 4021 2667 4084 posse
2698 4006 2721 4063 2

2488 3210 2927 3412 QUODAM
2985 3232 3135 3275 sene
3185 3232 3287 3275 me
3338 3214 3825 3277 manducantem
3872 3235 3981 3278 ex-

2819 4257 3322 4323 CAPITULUM
3384 4256 3633 4321 XXVI.

2527 4407 2613 4461 De
2642 4422 2780 4462 sene
2809 4407 2919 4479 qui
2948 4420 3260 4477 nunquam
3286 4407 3519 4478 accepit
3546 4422 3739 4464 escam
3764 4408 3931 4465 solus

3022 4496 3087 4550 in
3118 4495 3273 4551 cella
3298 4511 3429 4550 sua.

2616 4690 2917 4754 IDIMUS
2974 4690 3171 4753 alium
3230 4709 3447 4753 senem
3508 4692 3573 4753 in
3632 4693 3975 4757 solitudine

2636 4797 3156 4863 commorantem,
3190 4788 3301 4871 qui
3339 4790 3685 4852 testabatur
3714 4810 3780 4853 se
3810 4812 3974 4853 nun-

2478 4908 2670 4971 quam
2722 4888 3071 4950 comedisse
3121 4888 3329 4949 solum
3378 4889 3444 4949 in
3494 4888 3689 4967 cella3
3742 4890 3869 4952 imo
3916 4890 3971 4953 si

2478 4987 2692 5049 nullus
2736 4988 3024 5048 Fratrum
3068 4986 3145 5048 ad
3190 4986 3412 5048 cellam
3466 5006 3644 5048 suam
3695 4988 3975 5051 venisset

2478 5104 2591 5167 per
2639 5084 2922 5165 quinque
2973 5084 3107 5147 dies
3157 5084 3514 5159 continuOS,
3558 5084 3971 5149 refectionem

2475 5202 2656 5245 suam
2702 5182 2939 5263 jugiter
2986 5183 3253 5255 distulit,
3300 5182 3501 5244 donec
3550 5182 3811 5246 sabbato
3858 5194 3975 5248 aut

2474 5281 2793 5343 dominica
2822 5280 2924 5342 die
2958 5280 3305 5363 procedens
3345 5280 3420 5342 ad
3452 5281 3787 5344 ecclesiam
3828 5302 3974 5364 pro-
