4359 6267
136 997 410 1048 lauhun,

1107 521 1524 570 couA'rIONtm
1566 522 1651 567 SS.
1687 521 1930 566 PATRtm
1973 521 2146 566 LIBER
2188 521 2249 565 Π.
2296 538 2375 547 -
2415 519 2703 566 COLLATIO
2742 520 2897 566 xxm

3434 499 3555 564 405

441 705 570 750 nec
600 688 944 764 audientis,
966 708 1240 773 sequens
1268 691 1615 754 vanitatem
1645 689 1951 772 improbae
1981 689 2032 752 A
2063 687 2207 751 lusa
2246 689 2594 764 tristamur,
2638 708 2755 752 nec
2797 695 3167 771 reputamus
3210 687 3551 770 culpabile,

441 785 872 864 cogitationis.

529 884 722 948 Porro
782 887 894 968 qui
951 887 1169 949 oculos
1229 888 1438 950 cordis
1497 887 1595 950 sui
1655 887 1952 969 operiunt

445 1001 665 1046 crasso
703 985 1023 1047 velamine
1063 985 1388 1059 vitiorum,
1422 994 1484 1048 et
1519 986 1702 1068 juxta
1740 985 1948 1048 Salva—

443 1082 607 1144 toris
649 1084 1058 1158 sententiam,
1099 1085 1389 1146 videntes
1431 1102 1558 1146 non
1602 1085 1840 1157 vident,
1886 1091 1950 1145 et

443 1181 784 1243 audientes
827 1200 955 1244 non
997 1182 1266 1244 audiunt
1305 1201 1511 1265 neque
1557 1181 1942 1263 intelligunt,

443 1278 560 1340 vix
603 1279 973 1361 adspiciunt
1015 1299 1244 1362 magna
1289 1288 1351 1342 et
1395 1280 1690 1362 capitalia
1732 1280 1945 1342 crimi-

441 1396 530 1438 na
561 1377 628 1438 in
660 1377 1074 1440 interioribus
1103 1379 1596 1460 praecordiorum
1629 1397 1886 1441 suorum
1928 1395 1941 1439 :

443 1493 566 1536 nec
631 1485 902 1556 possunt
968 1477 1254 1559 purgatis
1316 1475 1647 1539 obtutibus
1713 1476 1945 1538 intueri

443 1572 612 1634 ullas
662 1573 1120 1654 cogitationum
1171 1593 1432 1636 suarum
1472 1574 1942 1656 subreptiones»,

441 1689 658 1752 neque
697 1672 984 1752 pruritus
1026 1672 1168 1734 illos
1211 1672 1491 1735 lubricos
1533 1679 1597 1734 et
1635 1674 1941 1745 occultOS‚

441 1769 557 1849 qui
601 1776 886 1831 mentem
931 1779 1374 1852 compungunt
1414 1770 1815 1852 suggestione
1861 1779 1945 1834 te-

2061 788 2213 848 dum
2244 787 2427 850 nobis
2453 786 2873 869 psallentibus
2898 794 3006 849 aut
3029 786 3357 849 orantibus
3381 786 3553 847 aliud

2059 885 2301 967 aliquid
2346 886 2624 948 occurrit
2673 904 2866 967 quam
2908 885 3077 967 quod
3122 885 3405 967 psalmus
3447 891 3557 946 aut

2058 985 2259 1046 oratio
2301 984 2622 1062 continet;
2656 1003 2773 1046 nec
2806 983 2963 1045 illud
2994 983 3349 1056 horremus,
3384 982 3554 1064 quod

2057 1082 2368 1143 audemus
2420 1081 2756 1164 concipere
2804 1082 3015 1154 corde,
3068 1100 3185 1143 nec
3233 1080 3553 1143 erubesci-

2060 1199 2203 1242 mus
2235 1198 2445 1242 coram
2474 1181 2599 1242 Deo
2628 1179 3110 1262 cogitare,quod
3143 1179 3409 1261 puderet
3438 1197 3553 1242 nos

2059 1279 2232 1360 loqui
2265 1287 2374 1340 aut
2402 1296 2585 1360 agere
2616 1296 2829 1341 coram
2862 1277 3265 1357 hominibus3
3289 1296 3406 1340 nec
3438 1277 3554 1340 lar-

2055 1395 2135 1457 go
2186 1375 2345 1438 fletu
2394 1395 2743 1459 purgamus
2793 1377 3213 1459 pollutionem
3261 1377 3552 1458 turpium

2058 1475 2497 1553 somniorum3
2532 1493 2649 1536 nec
2684 1474 2974 1555 lugemus
3005 1476 3174 1556 quod
3205 1494 3391 1537 avara
3422 1493 3552 1538 mo·

2055 1592 2126 1634 ra
2161 1572 2493 1635 obnubilat
2534 1571 2939 1634 serenitatem
2977 1581 3207 1636 nostrae
3248 1572 3551 1655 largitatis

2057 1671 2122 1732 in
2163 1671 2711 1753 eleemosynarum
2755 1671 3136 1752 erogatione,
3172 1691 3299 1754 qua
3336 1691 3552 1735 neces-

2056 1769 2351 1831 sitatibus
2392 1770 2680 1830 Fratrum
2726 1769 3142 1832 subvenimus
3184 1778 3291 1832 aut
3333 1771 3554 1834 alimo-

437 1867 552 1928 nui
595 1886 668 1929 ac
709 1867 955 1942 subtili,
997 1887 1116 1931 nec
1158 1869 1555 1951 captivitat-es
1594 1869 1943 1932 distractio-
1979 1871 2026 1932 B
2057 1869 2229 1930 niam
2280 1867 2720 1930 ministramus
2772 1868 3203 1950 pauperibus3
3254 1887 3373 1932 nec
3424 1888 3553 1931 cre-

439 1984 691 2047 nesque
722 1966 955 2030 animae
995 1984 1168 2046 suae3
1210 1968 1320 2029 sed
1356 1967 1806 2030 inverecundis
1845 1985 1943 2030 co-

436 2063 864 2144 gitationibus
899 2064 1138 2146 jugiter
1168 2073 1526 2146 evaganteS,
1561 2066 1773 2129 dolere
1813 2083 1942 2128 non

439 2170 680 2224 norunt
729 2182 932 2245 quum
977 2163 1418 2226 distrahuntur
1464 2184 1501 2226 a
1553 2164 1941 2246 contempla-

441 2259 617 2322 tione
659 2259 899 2334 divina,
934 2279 1051 2322 nec
1090 2261 1325 2323 habent
1366 2262 1536 2343 quod
1579 2281 1648 2324 se
1690 2261 1942 2325 doleant

435 2358 755 2432 amisisse,
779 2359 1082 2440 quoniam
1115 2367 1502 2441 exponentes
1536 2368 1816 2422 mentem
1847 2379 1946 2423 su·

441 2473 547 2516 am
597 2457 674 2518 ad
726 2456 983 2519 libitum
1043 2457 1533 2538 cogitationibus
1593 2458 1942 2540 ingruenti-

443 2551 594 2627 buS,
627 2554 789 2616 nihil
819 2555 1054 2618 habent
1085 2556 1340 2618 salubre
1379 2556 1503 2618 sibi
1539 2559 1938 2640 propositum

441 2651 614 2732 quod
659 2653 1100 2735 principaliter
1138 2663 1414 2729 teneant,
1456 2663 1560 2717 aut
1599 2657 1767 2738 quod
1812 2676 1942 2720 om-

447 2751 709 2813 nimode
752 2753 1224 2834 concupiscant.

825 3006 1333 3071 CAPITULUM
1399 3008 1548 3072 VII.

476 3156 786 3221 Quantum
835 3155 1222 3218 seducantur,
1268 3157 1376 3228 qui
1421 3157 1633 3214 dicunt
1674 3174 1736 3214 se
1779 3175 1903 3216 ease

977 3245 1111 3300 sine
1140 3250 1408 3317 peccato.

589 3442 707 3505 AEC
748 3450 960 3503 autem
1003 3461 1194 3505 causa
1231 3443 1584 3525 praecipitat
1618 3461 1730 3505 nos
1763 3444 1828 3505 in
1860 3444 1938 3506 is-

609 3547 748 3600 tum
785 3557 1089 3614 errorem,
1123 3541 1424 3622 quoniam
1466 3541 1722 3622 penitus
1763 3541 1934 3622 igno-

441 3645 648 3699 rantes
698 3636 1003 3699 virtutem
1045 3636 1502 3718 impeccantiae,
1545 3638 1934 3701 aestimamus

440 3752 555 3797 nos
601 3733 848 3796 nullam
897 3751 1082 3815 posse
1133 3734 1504 3796 contrahere
1553 3736 1808 3818 culpam
1857 3755 1934 3799 ex

436 3832 517 3894 iis
546 3832 766 3895 otiosis
797 3851 870 3894 ac
903 3832 1170 3894 lubricis
1212 3833 1664 3913 cogitationum
1695 3835 1935 3898 discur-

436 3931 658 4011 sibus3
701 3931 812 3994 sed
861 3929 1200 4013 stupefacti
1251 3930 1635 3994 hebetudine
1685 3932 1825 4007 ista,
1871 3941 1936 3995 et

435 4029 716 4093 caecitate
783 4029 1116 4093 oculorum
1178 4029 1552 4092 interiorum
1621 4032 1929 4112 percussi,

435 4145 562 4188 non
613 4128 1128 4208 contemplamur
1176 4127 1242 4188 iu
1293 4128 1476 4191 nobis
1524 4127 1647 4190 nisi
1699 4129 1933 4210 capita-

2056 1967 2270 2029 dimus
2313 1985 2427 2030 nos
2470 1966 2647 2028 feriri
2691 1966 2905 2049 aliquo
2946 1968 3349 2043 detrimento,
3396 1969 3549 2031 dum

2057 2064 2465 2126 meditatione
2519 2065 2631 2126 Dei
2685 2064 2925 2138 relicta,
2983 2066 3333 2147 cogitamus
3393 2075 3548 2129 tem-

2053 2163 2294 2245 poralia
2348 2171 2413 2225 et
2468 2170 2736 2236 terrena,
2792 2163 2879 2225 ita
2936 2171 3007 2225 ut
3062 2173 3381 2247 competat
3438 2184 3547 2229 no·

2053 2261 2152 2324 bis
2188 2261 2459 2324 verbum
2499 2261 2618 2323 hoc
2657 2261 3011 2324 Salomonis
3046 2279 3060 2324 :
3094 2263 3547 2326 percusserunt
3572 2275 3837 2383 ssm3'·¹{‘¹¹¹'

3576 2365 3585 2376 -
3632 2370 3643 2388 ,
3673 2352 3746 2394 jux
3766 2353 3793 2382 a

3574 2399 3691 2446 Lxx.

2054 2378 2178 2432 me,
2216 2367 2279 2420 et
2323 2377 2448 2422 non
2492 2359 2697 2439 dolui3
2743 2359 3114 2422 deluserunt
3160 2380 3283 2434 me,
3326 2370 3388 2424 et
3430 2381 3547 2444 ego

2052 2476 2312 2520 nescivi.

2418 2703 2926 2768 CAPITULUM
2989 2703 3171 2767 VIII.

2148 2851 2318 2919 Quod
2340 2868 2675 2924 paucorum
2702 2852 2787 2908 sit
2813 2851 3157 2923 intelliqere
3176 2858 3445 2924 peecata.

1972 3049 2017 3114 C
2181 3047 2483 3111 CONTRA
2512 3048 2558 3110 ii
2588 3048 2699 3130 qui
2731 3049 2797 3111 in
2828 3049 3361 3132 contemplatione
3390 3049 3545 3112 divi-

2199 3165 2426 3208 narum
2468 3165 2541 3208 ac
2579 3146 3008 3228 spiritualium
3053 3167 3266 3210 rerum
3308 3150 3541 3211 consti-

2046 3253 2237 3307 tuunt
2266 3264 2583 3307 summam
2619 3244 2813 3307 totius
2848 3245 3259 3309 beatitudinis
3294 3266 3365 3309 ac
3396 3267 3543 3329 gau-

2044 3344 2131 3405 dii
2165 3343 2287 3416 sui,
2321 3343 2474 3404 dum
2507 3343 2843 3424 paululum
2874 3343 3327 3407 abstrahuntur
3355 3345 3436 3408 ab
3467 3364 3541 3408 ea

2044 3441 2533 3523 cogitationibus
2562 3441 2883 3515 violentiS,
2917 3443 3193 3524 puniunt
3224 3444 3342 3507 hoc
3374 3444 3440 3506 in
3470 3463 3538 3507 se

2044 3540 2373 3621 praesentis
2406 3540 2797 3622 poenitentiae
2828 3540 3092 3614 ultione,
3117 3550 3414 3624 tanquam
3447 3561 3539 3606 sa-

2043 3637 2376 3718 crilegium
2409 3639 2748 3719 quoddam,
2770 3638 3057 3719 lugentes
3087 3657 3153 3700 se
3185 3641 3538 3720 praetulisse

2043 3735 2319 3799 Creatori
2371 3736 2749 3799 vilissimam
2803 3745 3157 3799 creaturam
3212 3738 3289 3800 ad
3342 3758 3535 3821 quam

2043 3835 2129 3896 ita
2177 3835 2458 3896 detortus
2509 3842 2605 3896 est
2654 3835 2885 3896 mentis
2938 3835 3226 3911 intuituS,
3278 3846 3539 3919 propter

2042 3932 2211 4013 quod
2252 3932 2376 3994 sibi
2408 3931 2781 3994 adscribunt
2820 3933 3001 4014 quasi
3036 3933 3277 3996 crimen
3311 3934 3536 4016 impie-

2041 4031 2207 4103 tatis,
2241 4038 2312 4092 ut
2342 4030 2551 4092 taliter
2581 4030 2819 4112 loquar.
2856 4031 2928 4092 Et
2959 4031 3250 4112 quamvis
3282 4051 3535 4095 summa

2040 4128 2361 4189 alacritate
2402 4134 2769 4189 convertant
2804 4128 3023 4190 oculos
3064 4129 3270 4190 cordis
3314 4130 3411 4191 sui
3455 4131 3533 4193 ad

437 4224 522 4286 lia
561 4224 738 4298 vitia,
783 4234 847 4287 et
887 4244 963 4288 ea
1013 4225 1219 4289 solum
1267 4226 1587 4288 eredimus
1639 4227 1933 4289 evitanda
1962 4234 2012 4296 D
2043 4225 2412 4288 intuendam
2456 4224 2685 4286 divinae
2723 4225 2941 4305 gloriae
2978 4221 3349 4299 claritatem,
3383 4236 3536 4291 atta-

435 4341 579 4404 quae
607 4324 992 4386 damnantur
1020 4325 1424 4388 saecularium
1456 4325 1668 4406 legum
1698 4327 1927 4407 rigore,

433 4441 469 4484 a
506 4421 744 4504 quibus
783 4441 987 4503 quum
1017 4423 1407 4485 senserimus
1437 4441 1552 4486 nos
1583 4423 1927 4500 immuneS,

435 4521 727 4603 protinus
766 4521 1155 4583 arbitramur
1193 4520 1352 4582 nihil
1395 4523 1636 4603 peccati
1681 4542 1818 4587 esse
1863 4525 1928 4587 in

435 4617 640 4681 nobiS.

527 4717 850 4798 Segregati
899 4735 1048 4780 vero
1099 4738 1136 4780 a
1181 4737 1450 4782 numero
1499 4719 1666 4782 clare
1714 4720 1930 4783 viden·

435 4815 624 4889 tium,
689 4833 821 4877 non
885 4815 1210 4878 intuemur
1273 4817 1576 4880 minutias
1641 4819 1928 4899 cogitati-

431 4931 629 4975 onum
685 4913 1034 4974 multarum
1089 4914 1256 4977 intra
1307 4933 1420 4978 nos
1473 4916 1926 4996 collectarum3

431 5031 550 5073 nee
600 5011 973 5074 mordemur
1021 5015 1513 5095 compunctione
1564 5014 1825 5088 salubri,
1874 5015 1926 5076 si

425 5110 679 5192 justitia
727 5109 1095 5173 infirmetur
1143 5112 1208 5172 in
1258 5111 1464 5186 nobiS,
1508 5131 1716 5194 neque
1765 5111 1931 5175 dole-

431 5228 578 5271 mus
612 5208 847 5290 pulsati
889 5209 1291 5290 suggestione
1329 5211 1546 5291 gloriae
1577 5230 1753 5274 vanae
1782 5211 1929 5273 sub-

429 5307 554 5382 tili,
599 5324 718 5368 nec
760 5307 839 5368 de
889 5308 1171 5370 oratione
1220 5309 1461 5371 tardius
1503 5318 1611 5372 aut
1653 5309 1930 5391 tepidius

2043 4344 2190 4387 men
2232 4342 2359 4386 non
2402 4322 2675 4385 ferentes
2726 4321 3133 4386 brevissimas
3183 4325 3531 4388 carnalium

2041 4422 2356 4496 tenebras,
2416 4426 2823 4482 exsecrantur
2890 4421 3201 4504 quidquid
3270 4426 3535 4487 retrahit

2044 4523 2273 4584 mentis
2320 4522 2691 4604 adspectum
2743 4540 2781 4582 a
2828 4540 2978 4585 vero
3025 4531 3387 4606 aeternoque
3439 4525 3530 4587 lu-

2042 4620 2233 4682 mine.
2290 4619 2573 4701 Denique
2622 4618 2679 4681 S.
2731 4619 2999 4682 Joannes
3048 4622 3370 4701 apostolus
3418 4641 3528 4686 vo-

2041 4719 2175 4781 lens
2215 4717 2520 4780 affectum
2555 4717 2746 4781 istum
2790 4716 3127 4780 infundere
3167 4720 3415 4782 cunctis
3457 4721 3531 4783 ti-

2039 4817 2289 4879 delibus
2353 4833 2367 4876 :

2041 5015 2102 5076 Si
2153 5013 2299 5095 quis
2346 5013 2553 5094 diligit
2599 5014 2932 5086 mundum,
2978 5032 3103 5076 non
3153 5023 3249 5077 est
3301 5016 3527 5078 caritas

2038 5113 2235 5174 Patris
2282 5112 2345 5172 in
2390 5129 2501 5190 eo;
2543 5111 2845 5193 quoniam
2888 5129 3077 5174 omne
3115 5112 3283 5193 quod
3326 5120 3421 5174 est
3463 5114 3528 5174 in

2040 5211 2298 5284 mundo,
2323 5209 2840 5291 coucupiscentia
2872 5210 3079 5271 carnis
3119 5217 3234 5282 est,
3256 5218 3362 5271 aut
3391 5228 3533 5273 eon·

2043 5308 2439 5391 cupiscentia
2474 5307 2831 5381 oculorum,
2871 5314 2980 5368 aut
3025 5306 3324 5388 superbia
3358 5307 3527 5386 vitae,

2430 4815 2657 4890 Filioli,
2720 4816 2948 4898 inquit,
3008 4816 3205 4880 nolite
3262 4813 3528 4900 diligere
3571 4841 3817 4896 mmm.

2042 4915 2377 4988 mundum,
2420 4933 2627 4996 neque
2668 4933 2742 4976 ea
2780 4933 2921 4995 quae
2966 4915 3029 4976 in
3075 4917 3314 4979 mundo
3356 4926 3521 4980 sunt.
3561 4907 3697 4949 ¹⁵⁴⁷·
