4359 6267
151 1567 342 1618 flammi&

1033 499 1450 547 COLLArloNtm
1491 499 1576 545 SS.
1612 499 1856 546 PA'mm(
1895 497 2070 544 mmm
2112 498 2172 544 11.
2218 516 2301 526 --
2339 498 2622 547 commo
2662 501 2769 547 xxi

3334 481 3456 548 389

365 677 456 731 cat
491 687 604 733 nos
651 669 806 733 huic
850 669 1174 734 collationi
1224 667 1707 750 infatigabiliter
1756 668 1849 731 in·
1877 666 1928 729 A
1957 667 2112 730 dum
2165 667 2339 730 enim
2388 667 2509 731 ista
2553 689 2590 731 a
2638 668 2823 732 nobis
2877 678 3025 732 sunt
3074 669 3453 753 proferenda

365 768 606 830 haerere.
644 768 992 850 Diligenter
1021 787 1297 850 namque
1341 767 1688 849 inquiritiS,
1723 785 1849 829 non

363 866 433 927 de
475 867 784 938 exteriore
834 867 1210 930 castimonia
1255 875 1317 928 et
1360 865 1848 928 circumcisione

361 973 586 1045 aperta,
619 965 731 1027 sed
770 965 849 1026 de
887 965 1137 1028 occulta
1173 974 1236 1028 et
1267 965 1566 1027 interiore
1601 981 1615 1025 :
1649 963 1851 1025 scien-

363 1069 448 1124 tes
486 1061 952 1144 plenitudinem
993 1061 1406 1145 perfectionis
1445 1080 1571 1125 non
1611 1079 1750 1123 esse
1780 1060 1847 1122 in

362 1160 741 1222 continentia
801 1160 1008 1222 carnis
1067 1159 1364 1233 visibilis,
1424 1180 1566 1242 quae
1627 1159 1848 1222 haberi

362 1265 555 1339 potest
585 1278 622 1321 a
649 1257 918 1340 perfidis
951 1276 1065 1340 per
1094 1257 1535 1320 necessitatem
1576 1259 1709 1321 sive
1741 1259 1850 1341 hy-

362 1356 693 1437 pocrisim3
735 1357 845 1418 sed
888 1357 955 1418 in
995 1355 1102 1418 illa
1141 1355 1350 1418 cordis
1378 1356 1735 1418 voluntaria
1773 1374 1847 1418 ac

365 1454 663 1517 invisibili
708 1454 1005 1536 puritate,
1039 1455 1116 1516 de
1160 1472 1287 1536 qua
1327 1455 1414 1516 ait
1457 1454 1793 1536 Apostolus
1828 1472 1843 1517 z

367 1552 490 1614 Non
518 1554 692 1615 enim
723 1552 835 1635 qui
869 1553 935 1615 in
967 1552 1304 1615 manifesto
1331 1552 1605 1626 Judaeus‚
1639 1571 1846 1634 neque

367 1671 498 1732 quae
520 1652 587 1713 in
619 1650 960 1713 manifesto
985 1651 1050 1712 in
1077 1668 1264 1712 carne
1287 1658 1382 1712 est
1408 1650 1844 1730 circumcisi03

365 1751 466 1811 sed
502 1751 612 1834 qui
653 1751 720 1818 in
760 1748 1011 1812 occulto
1037 1748 1310 1823 Judaeus,
1342 1756 1405 1810 et
1443 1749 1846 1812 circumcisio

1957 766 2196 828 sensim
2239 774 2302 827 et
2344 767 2531 828 corde
2575 768 2829 849 penitus
2872 767 3161 830 absoluto
3202 766 3283 829 ab
3320 785 3452 829 om-

1958 863 2024 924 ni
2064 864 2334 946 strepitu
2374 865 2827 946 cogitationum
2866 873 3330 938 extranearum,
3367 865 3453 926 ita

1955 964 2146 1026 etiam
2175 963 2523 1026 intimanda
2548 972 2695 1026 sunt
2718 963 3011 1026 sensibus
3036 963 3265 1026 vestris
3281 981 3294 1024 ε
3310 981 3451 1044 quae

1956 1062 2120 1124 sicut
2169 1070 2417 1144 oportet
2465 1061 2703 1144 inquiri
2749 1070 3006 1144 propter
3045 1061 3450 1124 conscientiae

1958 1159 2494 1242 purificationem,
2552 1161 2639 1222 ita
2688 1160 2850 1222 tradi
2902 1167 2965 1221 et
3016 1159 3268 1222 edoceri
3322 1176 3448 1221 non

1957 1265 2225 1339 possunt
2250 1257 2373 1320 nisi
2396 1257 2480 1320 ab
2506 1275 2580 1321 eo
2606 1258 2717 1339 qui
2744 1258 2981 1320 donum
3006 1276 3120 1320 seu
3145 1257 3449 1319 virtutem

1957 1355 2335 1438 integritatis
2386 1363 2683 1439 expertus
2726 1363 2841 1418 est.
2888 1355 3025 1418 Non
3068 1357 3240 1418 enim
3284 1375 3451 1437 quae-

1956 1453 2118 1514 ritur
2158 1453 2313 1534 quid
2364 1454 2651 1534 ingerant
2694 1461 3065 1534 argumenta
3106 1453 3449 1516 verborum

1957 1551 2269 1624 inanium,
2304 1551 2413 1612 sed
2443 1550 2599 1632 quid
2633 1551 2881 1614 interna
2917 1550 3081 1614 fides
3123 1553 3447 1614 conscien-

1955 1650 2058 1712 tiae
2089 1657 2152 1711 et
2184 1648 2386 1729 major
2410 1649 2506 1710 vis
2530 1649 2815 1711 veritatis
2846 1648 3169 1711 inculcent
3196 1658 3304 1711 aut
3336 1651 3449 1711 im-

1955 1747 2248 1829 primant.
2264 1747 2411 1809 Ideo
2439 1746 2598 1809 nihil
2625 1755 2830 1829 potest
2857 1746 3125 1830 proferri
3151 1747 3228 1809 de
3253 1748 3451 1810 scien-

365 1849 560 1910 cordis
608 1849 676 1910 in
727 1847 979 1931 spiritu,
1025 1865 1152 1909 non
1200 1847 1430 1921 littera,
1474 1848 1658 1928 cujus
1707 1846 1844 1910 laus
1878 1845 1924 1907 B
1954 1847 2044 1910 'tia
2081 1854 2144 1909 et
2173 1845 2461 1908 doctrina
2498 1846 2965 1908 emundationis
3000 1845 3183 1908 istius
3212 1845 3338 1907 nisi
3366 1845 3448 1908 ab

363 1964 479 2007 non
508 1965 584 2008 ex
612 1944 1008 2018 hominibuS,
1043 1946 1152 2007 sed
1183 1964 1261 2007 ex
1291 1946 1450 2024 Deo;
1481 1945 1591 2026 qui
1627 1947 1844 2028 utique

363 2044 523 2106 solus
567 2043 837 2105 rimatur
876 2050 1116 2105 secreta
1159 2043 1385 2105 cordis,

441 2142 670 2205 Tamen
702 2140 1004 2223 quoniam
1038 2141 1225 2203 modo
1261 2158 1387 2202 non
1419 2147 1627 2222 potest
1658 2140 1844 2222 plene

361 2240 646 2304 satisfieri
673 2239 991 2302 desiderio
1014 2246 1226 2301 vestro
1243 2238 1503 2318 (etenim
1532 2238 1726 2301 breve
1758 2257 1848 2301 re-

361 2341 604 2402 siduum
636 2339 840 2402 noctis
872 2355 1000 2400 non
1030 2336 1277 2399 sufficit
1306 2337 1384 2398 ad
1423 2337 1843 2418 indagandam

359 2439 512 2500 hanc
539 2435 1059 2501 obscurissimam
1091 2434 1552 2518 quaestionem),
1579 2453 1845 2517 congru-

359 2557 460 2600 um
489 2555 629 2600 reor
657 2543 729 2596 ut
758 2534 1014 2596 interim
1045 2531 1399 2595 differatur.
1431 2533 1842 2605 Quemadmo-

1955 1952 2258 2026 experto;
2290 1963 2409 2006 nec
2438 1944 2680 2026 aliquid
2712 1943 2858 2006 inde
2897 1951 3104 2026 potest
3134 1943 3449 2006 transfun-

1956 2045 2035 2118 di,
2053 2044 2178 2106 nisi
2206 2043 2273 2105 in
2298 2043 2784 2125 cupidissimum
2810 2051 2873 2104 et
2893 2043 3075 2105 valde
3105 2043 3448 2105 sollicitum

1955 2150 2304 2205 amatorem
2334 2141 2613 2215 virtutis,
2649 2141 2759 2222 qui
2791 2141 3007 2222 cupiat
3037 2159 3111 2204 ea
3139 2140 3448 2221 attingere

1955 2257 2084 2303 non
2125 2240 2493 2302 suscitando
2532 2239 2721 2301 nudis
2756 2239 3102 2320 vacuisque
3142 2238 3448 2301 sermoni-

1956 2337 2100 2413 buS,
2135 2339 2248 2401 sed
2291 2338 2552 2401 nitendo
2594 2339 2742 2401 totis
2781 2338 2979 2400 animi
3018 2336 3264 2400 viribus
3301 2353 3315 2398 :
3351 2344 3447 2398 ut-

1957 2443 2103 2517 pote
2145 2453 2274 2498 non
2319 2436 2531 2498 studio
2574 2434 2972 2517 loquacitatis
3011 2433 3443 2508 infructuosae,

1947 2534 2058 2596 sed
2100 2533 2417 2596 desiderio
2459 2532 2927 2616 purificationis
2972 2533 3253 2595 internae.
