<?xml version="1.0" encoding="UTF-8"?>
<!DOCTYPE html PUBLIC "-//W3C//DTD XHTML 1.0 Transitional//EN"
    "http://www.w3.org/TR/xhtml1/DTD/xhtml1-transitional.dtd">
<html xmlns="http://www.w3.org/1999/xhtml" xml:lang="en" lang="en">
 <head>
  <title>
</title>
<meta http-equiv="Content-Type" content="text/html;charset=utf-8" />
  <meta name='ocr-system' content='tesseract 3.04.00' />
  <meta name='ocr-capabilities' content='ocr_page ocr_carea ocr_par ocr_line ocrx_word'/>
</head>
<body>
  <div class='ocr_page' id='page_1' title='image "./doctorisecstati03denigoog_0354.png"; bbox 0 0 4359 6267; ppageno 0'>
   <div class='ocr_carea' id='block_1_1' title="bbox 868 491 991 558">
    <p class='ocr_par' dir='ltr' id='par_1_1' title="bbox 868 491 991 558">
     <span class='ocr_line' id='line_1_1' title="bbox 868 491 991 558; baseline 0 0"><span class='ocrx_word' id='word_1_1' title='bbox 868 491 991 558; x_wconf 78' lang='lat'>346</span> 
     </span>
    </p>
   </div>
   <div class='ocr_carea' id='block_1_2' title="bbox 1531 504 3321 558">
    <p class='ocr_par' dir='ltr' id='par_1_2' title="bbox 1531 504 3321 558">
     <span class='ocr_line' id='line_1_2' title="bbox 1531 504 3321 558; baseline -0.001 -1"><span class='ocrx_word' id='word_1_2' title='bbox 1531 509 1947 558; x_wconf 71' lang='lat' dir='ltr'>coLLATloNUM</span> <span class='ocrx_word' id='word_1_3' title='bbox 1988 504 2072 556; x_wconf 84' lang='lat' dir='ltr'>SS.</span> <span class='ocrx_word' id='word_1_4' title='bbox 2109 507 2352 555; x_wconf 75' lang='lat' dir='ltr'>PATRUM</span> <span class='ocrx_word' id='word_1_5' title='bbox 2394 508 2570 555; x_wconf 79' lang='lat' dir='ltr'>LIBER</span> <span class='ocrx_word' id='word_1_6' title='bbox 2610 510 2673 555; x_wconf 86' lang='lat'>11.</span> <span class='ocrx_word' id='word_1_7' title='bbox 2718 528 2801 538; x_wconf 93' lang='lat'>--</span> <span class='ocrx_word' id='word_1_8' title='bbox 2840 509 3127 556; x_wconf 77' lang='lat' dir='ltr'>coLLA&#39;rlo</span> <span class='ocrx_word' id='word_1_9' title='bbox 3167 511 3321 556; x_wconf 83' lang='lat' dir='ltr'>XVIII</span> 
     </span>
    </p>
   </div>
   <div class='ocr_carea' id='block_1_3' title="bbox 871 677 3988 762">
    <p class='ocr_par' dir='ltr' id='par_1_3' title="bbox 871 677 3988 762">
     <span class='ocr_line' id='line_1_3' title="bbox 871 677 3988 762; baseline -0.001 -18"><span class='ocrx_word' id='word_1_10' title='bbox 871 690 934 744; x_wconf 90' lang='lat' dir='ltr'>et</span> <span class='ocrx_word' id='word_1_11' title='bbox 963 681 1412 744; x_wconf 82' lang='lat' dir='ltr'>secretioribus</span> <span class='ocrx_word' id='word_1_12' title='bbox 1453 679 1630 755; x_wconf 77' lang='lat' dir='ltr'>lociS,</span> <span class='ocrx_word' id='word_1_13' title='bbox 1664 689 1726 742; x_wconf 91' lang='lat' dir='ltr'>et</span> <span class='ocrx_word' id='word_1_14' title='bbox 1757 680 2054 762; x_wconf 87' lang='lat' dir='ltr'>privatim</span> <span class='ocrx_word' id='word_1_15' title='bbox 2095 677 2373 760; x_wconf 89' lang='lat' dir='ltr'>peculia·</span> <span class='ocrx_word' id='word_1_16' title='bbox 2399 679 2450 740; x_wconf 90' lang='lat' dir='ltr'><strong>A</strong></span> <span class='ocrx_word' id='word_1_17' title='bbox 2480 678 2727 760; x_wconf 81' lang='lat' dir='ltr'><strong>pientes</strong></span> <span class='ocrx_word' id='word_1_18' title='bbox 2772 699 2918 741; x_wconf 92' lang='lat' dir='ltr'>cum</span> <span class='ocrx_word' id='word_1_19' title='bbox 2962 679 3361 743; x_wconf 84' lang='lat' dir='ltr'>daemonibus</span> <span class='ocrx_word' id='word_1_20' title='bbox 3413 679 3711 760; x_wconf 80' lang='lat' dir='ltr'>congredi</span> <span class='ocrx_word' id='word_1_21' title='bbox 3753 685 3988 761; x_wconf 87' lang='lat' dir='ltr'>aperto</span> 
     </span>
    </p>
   </div>
   <div class='ocr_carea' id='block_1_4' title="bbox 868 778 2372 1848">
    <p class='ocr_par' dir='ltr' id='par_1_4' title="bbox 868 778 2372 1848">
     <span class='ocr_line' id='line_1_4' title="bbox 871 778 2372 862; baseline -0.003 -19"><span class='ocrx_word' id='word_1_22' title='bbox 871 782 1025 843; x_wconf 89' lang='lat' dir='ltr'>riter</span> <span class='ocrx_word' id='word_1_23' title='bbox 1054 799 1346 843; x_wconf 86' lang='lat' dir='ltr'>exercere</span> <span class='ocrx_word' id='word_1_24' title='bbox 1377 799 1449 842; x_wconf 90' lang='lat' dir='ltr'>ea</span> <span class='ocrx_word' id='word_1_25' title='bbox 1480 799 1622 862; x_wconf 76' lang='lat' dir='ltr'>quae</span> <span class='ocrx_word' id='word_1_26' title='bbox 1655 780 2073 842; x_wconf 84' lang='lat' dir='ltr'>meminerant</span> <span class='ocrx_word' id='word_1_27' title='bbox 2106 779 2187 840; x_wconf 90' lang='lat' dir='ltr'>ab</span> <span class='ocrx_word' id='word_1_28' title='bbox 2218 778 2372 860; x_wconf 81' lang='lat' dir='ltr'>Apo-</span> 
     </span>
     <span class='ocr_line' id='line_1_5' title="bbox 871 878 2369 961; baseline -0.003 -19"><span class='ocrx_word' id='word_1_29' title='bbox 871 880 1050 943; x_wconf 89' lang='lat' dir='ltr'>stolis</span> <span class='ocrx_word' id='word_1_30' title='bbox 1093 879 1471 961; x_wconf 83' lang='lat' dir='ltr'>generaliter</span> <span class='ocrx_word' id='word_1_31' title='bbox 1515 879 1803 940; x_wconf 87' lang='lat' dir='ltr'>instituta</span> <span class='ocrx_word' id='word_1_32' title='bbox 1849 897 1960 960; x_wconf 92' lang='lat' dir='ltr'>per</span> <span class='ocrx_word' id='word_1_33' title='bbox 1997 878 2369 939; x_wconf 89' lang='lat' dir='ltr'>universum</span> 
     </span>
     <span class='ocr_line' id='line_1_6' title="bbox 871 975 2371 1060; baseline -0.001 -20"><span class='ocrx_word' id='word_1_34' title='bbox 871 996 1102 1060; x_wconf 90' lang='lat' dir='ltr'>corpus</span> <span class='ocrx_word' id='word_1_35' title='bbox 1144 978 1459 1040; x_wconf 81' lang='lat' dir='ltr'>Ecclesiae.</span> <span class='ocrx_word' id='word_1_36' title='bbox 1506 978 1736 1058; x_wconf 90' lang='lat' dir='ltr'>Sicque</span> <span class='ocrx_word' id='word_1_37' title='bbox 1781 975 2016 1039; x_wconf 82' lang='lat' dir='ltr'>coaluit</span> <span class='ocrx_word' id='word_1_38' title='bbox 2057 983 2117 1038; x_wconf 87' lang='lat' dir='ltr'>et</span> <span class='ocrx_word' id='word_1_39' title='bbox 2159 995 2371 1038; x_wconf 87' lang='lat' dir='ltr'>excre-</span> 
     </span>
     <span class='ocr_line' id='line_1_7' title="bbox 868 1073 2371 1158; baseline -0.002 -20"><span class='ocrx_word' id='word_1_40' title='bbox 868 1077 960 1139; x_wconf 90' lang='lat' dir='ltr'>vit</span> <span class='ocrx_word' id='word_1_41' title='bbox 1000 1077 1340 1158; x_wconf 82' lang='lat' dir='ltr'>disciplina</span> <span class='ocrx_word' id='word_1_42' title='bbox 1380 1083 1443 1138; x_wconf 89' lang='lat' dir='ltr'>et</span> <span class='ocrx_word' id='word_1_43' title='bbox 1485 1075 1888 1138; x_wconf 86' lang='lat' dir='ltr'>observantia</span> <span class='ocrx_word' id='word_1_44' title='bbox 1931 1075 2050 1136; x_wconf 91' lang='lat' dir='ltr'>ista</span> <span class='ocrx_word' id='word_1_45' title='bbox 2093 1073 2371 1155; x_wconf 91' lang='lat' dir='ltr'>discipu-</span> 
     </span>
     <span class='ocr_line' id='line_1_8' title="bbox 871 1173 2368 1258; baseline -0.001 -22"><span class='ocrx_word' id='word_1_46' title='bbox 871 1176 1073 1238; x_wconf 88' lang='lat' dir='ltr'>lorum</span> <span class='ocrx_word' id='word_1_47' title='bbox 1121 1175 1230 1258; x_wconf 92' lang='lat' dir='ltr'>qui</span> <span class='ocrx_word' id='word_1_48' title='bbox 1275 1173 1756 1256; x_wconf 86' lang='lat' dir='ltr'>sequestrabant</span> <span class='ocrx_word' id='word_1_49' title='bbox 1798 1193 1865 1235; x_wconf 86' lang='lat' dir='ltr'>se</span> <span class='ocrx_word' id='word_1_50' title='bbox 1908 1193 1944 1236; x_wconf 88' lang='lat' dir='ltr'>a</span> <span class='ocrx_word' id='word_1_51' title='bbox 1995 1173 2368 1254; x_wconf 82' lang='lat' dir='ltr'>contagione</span> 
     </span>
     <span class='ocr_line' id='line_1_9' title="bbox 869 1272 2365 1356; baseline -0.001 -21"><span class='ocrx_word' id='word_1_52' title='bbox 869 1273 1131 1356; x_wconf 85' lang='lat' dir='ltr'>praefata</span> <span class='ocrx_word' id='word_1_53' title='bbox 1186 1291 1199 1334; x_wconf 93' lang='lat'>:</span> <span class='ocrx_word' id='word_1_54' title='bbox 1253 1272 1554 1355; x_wconf 89' lang='lat' dir='ltr'>quoniam</span> <span class='ocrx_word' id='word_1_55' title='bbox 1619 1282 1900 1354; x_wconf 85' lang='lat' dir='ltr'>tempore</span> <span class='ocrx_word' id='word_1_56' title='bbox 1961 1272 2365 1354; x_wconf 80' lang='lat' dir='ltr'>procedente,</span> 
     </span>
     <span class='ocr_line' id='line_1_10' title="bbox 871 1370 2369 1454; baseline -0.001 -20"><span class='ocrx_word' id='word_1_57' title='bbox 871 1373 1180 1454; x_wconf 87' lang='lat' dir='ltr'>segregati</span> <span class='ocrx_word' id='word_1_58' title='bbox 1239 1371 1545 1454; x_wconf 70' lang='lat' dir='ltr'>paulatim</span> <span class='ocrx_word' id='word_1_59' title='bbox 1605 1391 1642 1432; x_wconf 91' lang='lat' dir='ltr'>a</span> <span class='ocrx_word' id='word_1_60' title='bbox 1701 1371 2096 1433; x_wconf 90' lang='lat' dir='ltr'>credentium</span> <span class='ocrx_word' id='word_1_61' title='bbox 2163 1370 2369 1432; x_wconf 85' lang='lat' dir='ltr'>turbis</span> 
     </span>
     <span class='ocr_line' id='line_1_11' title="bbox 871 1468 2368 1541; baseline -0.003 -8"><span class='ocrx_word' id='word_1_62' title='bbox 871 1489 1106 1533; x_wconf 91' lang='lat' dir='ltr'>nomen</span> <span class='ocrx_word' id='word_1_63' title='bbox 1142 1471 1345 1533; x_wconf 89' lang='lat' dir='ltr'>sortiti</span> <span class='ocrx_word' id='word_1_64' title='bbox 1385 1478 1532 1532; x_wconf 90' lang='lat' dir='ltr'>sunt</span> <span class='ocrx_word' id='word_1_65' title='bbox 1569 1470 2048 1541; x_wconf 89' lang='lat' dir='ltr'>monachorum,</span> <span class='ocrx_word' id='word_1_66' title='bbox 2081 1488 2117 1530; x_wconf 90' lang='lat' dir='ltr'>a</span> <span class='ocrx_word' id='word_1_67' title='bbox 2157 1468 2368 1530; x_wconf 86' lang='lat' dir='ltr'>distri-</span> 
     </span>
     <span class='ocr_line' id='line_1_12' title="bbox 874 1568 2370 1650; baseline -0.001 -20"><span class='ocrx_word' id='word_1_68' title='bbox 874 1571 1082 1632; x_wconf 85' lang='lat' dir='ltr'>ctione</span> <span class='ocrx_word' id='word_1_69' title='bbox 1121 1570 1460 1650; x_wconf 89' lang='lat' dir='ltr'>singularis</span> <span class='ocrx_word' id='word_1_70' title='bbox 1497 1587 1570 1630; x_wconf 91' lang='lat' dir='ltr'>ac</span> <span class='ocrx_word' id='word_1_71' title='bbox 1612 1568 1907 1631; x_wconf 80' lang='lat' dir='ltr'>solitariae</span> <span class='ocrx_word' id='word_1_72' title='bbox 1937 1569 2104 1641; x_wconf 68' lang='lat' dir='ltr'>vitm,</span> <span class='ocrx_word' id='word_1_73' title='bbox 2141 1586 2255 1649; x_wconf 92' lang='lat' dir='ltr'>pro</span> <span class='ocrx_word' id='word_1_74' title='bbox 2294 1585 2370 1628; x_wconf 89' lang='lat' dir='ltr'>eo</span> 
     </span>
     <span class='ocr_line' id='line_1_13' title="bbox 871 1667 2370 1750; baseline -0.003 -19"><span class='ocrx_word' id='word_1_75' title='bbox 871 1669 1040 1750; x_wconf 92' lang='lat' dir='ltr'>quod</span> <span class='ocrx_word' id='word_1_76' title='bbox 1069 1689 1105 1731; x_wconf 90' lang='lat' dir='ltr'>a</span> <span class='ocrx_word' id='word_1_77' title='bbox 1135 1668 1450 1749; x_wconf 86' lang='lat' dir='ltr'>conjugiis</span> <span class='ocrx_word' id='word_1_78' title='bbox 1480 1667 1898 1741; x_wconf 88' lang='lat' dir='ltr'>abstinebant,</span> <span class='ocrx_word' id='word_1_79' title='bbox 1914 1686 2108 1749; x_wconf 91' lang='lat' dir='ltr'>seque</span> <span class='ocrx_word' id='word_1_80' title='bbox 2139 1667 2370 1728; x_wconf 89' lang='lat' dir='ltr'>abstra-</span> 
     </span>
     <span class='ocr_line' id='line_1_14' title="bbox 871 1767 2369 1848; baseline -0.001 -20"><span class='ocrx_word' id='word_1_81' title='bbox 871 1767 1106 1829; x_wconf 89' lang='lat' dir='ltr'>hebant</span> <span class='ocrx_word' id='word_1_82' title='bbox 1139 1787 1175 1829; x_wconf 90' lang='lat' dir='ltr'>a</span> <span class='ocrx_word' id='word_1_83' title='bbox 1216 1775 1551 1848; x_wconf 89' lang='lat' dir='ltr'>parentum</span> <span class='ocrx_word' id='word_1_84' title='bbox 1589 1767 1906 1829; x_wconf 90' lang='lat' dir='ltr'>consortio</span> <span class='ocrx_word' id='word_1_85' title='bbox 1945 1775 2004 1827; x_wconf 84' lang='lat' dir='ltr'>et</span> <span class='ocrx_word' id='word_1_86' title='bbox 2041 1784 2369 1828; x_wconf 88' lang='lat' dir='ltr'>conversa-</span> 
     </span>
    </p>
   </div>
   <div class='ocr_carea' id='block_1_5' title="bbox 2477 777 4297 1749">
    <p class='ocr_par' dir='ltr' id='par_1_5' title="bbox 2477 777 4295 1057">
     <span class='ocr_line' id='line_1_15' title="bbox 2479 777 3986 852; baseline 0 -14"><span class='ocrx_word' id='word_1_87' title='bbox 2479 780 2823 841; x_wconf 87' lang='lat' dir='ltr'>certamine</span> <span class='ocrx_word' id='word_1_88' title='bbox 2862 787 2925 840; x_wconf 87' lang='lat' dir='ltr'>et</span> <span class='ocrx_word' id='word_1_89' title='bbox 2966 778 3305 842; x_wconf 82' lang='lat' dir='ltr'>manifesto</span> <span class='ocrx_word' id='word_1_90' title='bbox 3345 777 3670 852; x_wconf 85' lang='lat' dir='ltr'>conflictu,</span> <span class='ocrx_word' id='word_1_91' title='bbox 3713 778 3791 839; x_wconf 90' lang='lat' dir='ltr'>ad</span> <span class='ocrx_word' id='word_1_92' title='bbox 3834 777 3986 838; x_wconf 91' lang='lat' dir='ltr'>imi-</span> 
     </span>
     <span class='ocr_line' id='line_1_16' title="bbox 2477 875 4295 959; baseline 0 -22"><span class='ocrx_word' id='word_1_93' title='bbox 2477 875 2779 939; x_wconf 87' lang='lat' dir='ltr'>tationem</span> <span class='ocrx_word' id='word_1_94' title='bbox 2817 878 3074 941; x_wconf 87' lang='lat' dir='ltr'>Joannis</span> <span class='ocrx_word' id='word_1_95' title='bbox 3118 878 3414 959; x_wconf 84' lang='lat' dir='ltr'>Baptistae</span> <span class='ocrx_word' id='word_1_96' title='bbox 3460 877 3569 959; x_wconf 91' lang='lat' dir='ltr'>qui</span> <span class='ocrx_word' id='word_1_97' title='bbox 3615 885 3743 940; x_wconf 81' lang='lat' dir='ltr'>tota</span> <span class='ocrx_word' id='word_1_98' title='bbox 3792 885 3984 939; x_wconf 79' lang='lat' dir='ltr'>aetate</span> <span class='ocrx_word' id='word_1_99' title='bbox 4038 896 4295 946; x_wconf 50' lang='lat' dir='ltr'>uastam,</span> 
     </span>
     <span class='ocr_line' id='line_1_17' title="bbox 2479 965 4065 1057; baseline 0.001 -22"><span class='ocrx_word' id='word_1_100' title='bbox 2479 993 2594 1036; x_wconf 88' lang='lat' dir='ltr'>sua</span> <span class='ocrx_word' id='word_1_101' title='bbox 2644 977 2993 1057; x_wconf 88' lang='lat' dir='ltr'>permansit</span> <span class='ocrx_word' id='word_1_102' title='bbox 3040 977 3104 1037; x_wconf 90' lang='lat' dir='ltr'>in</span> <span class='ocrx_word' id='word_1_103' title='bbox 3150 994 3387 1050; x_wconf 86' lang='lat' dir='ltr'>erem0,</span> <span class='ocrx_word' id='word_1_104' title='bbox 3428 984 3490 1038; x_wconf 89' lang='lat' dir='ltr'>et</span> <span class='ocrx_word' id='word_1_105' title='bbox 3534 976 3707 1048; x_wconf 68' lang='lat' dir='ltr'>Elian,</span> <span class='ocrx_word' id='word_1_106' title='bbox 3748 983 3810 1036; x_wconf 90' lang='lat' dir='ltr'>et</span> <span class='ocrx_word' id='word_1_107' title='bbox 3852 975 3989 1036; x_wconf 85' lang='lat' dir='ltr'>Eli·</span> <span class='ocrx_word' id='word_1_108' title='bbox 4024 965 4065 1002; x_wconf 67' lang='lat'>³·</span> 
     </span>
    </p>

    <p class='ocr_par' dir='ltr' id='par_1_6' title="bbox 2480 1073 3985 1157">
     <span class='ocr_line' id='line_1_18' title="bbox 2480 1073 3985 1157; baseline 0.001 -23"><span class='ocrx_word' id='word_1_109' title='bbox 2480 1073 2622 1151; x_wconf 83' lang='lat' dir='ltr'>sei3</span> <span class='ocrx_word' id='word_1_110' title='bbox 2676 1075 2955 1156; x_wconf 88' lang='lat' dir='ltr'>itemque</span> <span class='ocrx_word' id='word_1_111' title='bbox 3006 1075 3262 1138; x_wconf 91' lang='lat' dir='ltr'>illorum</span> <span class='ocrx_word' id='word_1_112' title='bbox 3312 1076 3391 1137; x_wconf 94' lang='lat' dir='ltr'>de</span> <span class='ocrx_word' id='word_1_113' title='bbox 3438 1075 3672 1157; x_wconf 89' lang='lat' dir='ltr'>quibus</span> <span class='ocrx_word' id='word_1_114' title='bbox 3714 1076 3985 1156; x_wconf 85' lang='lat' dir='ltr'>Aposto-</span> 
     </span>
    </p>

    <p class='ocr_par' dir='ltr' id='par_1_7' title="bbox 2477 1171 4293 1552">
     <span class='ocr_line' id='line_1_19' title="bbox 2480 1171 4293 1256; baseline 0 -24"><span class='ocrx_word' id='word_1_115' title='bbox 2480 1171 2578 1234; x_wconf 91' lang='lat' dir='ltr'>lus</span> <span class='ocrx_word' id='word_1_116' title='bbox 2614 1190 2627 1234; x_wconf 89' lang='lat'>:</span> <span class='ocrx_word' id='word_1_117' title='bbox 2662 1172 3155 1249; x_wconf 75' lang='lat' dir='ltr'>circumierunt,</span> <span class='ocrx_word' id='word_1_118' title='bbox 3203 1175 3431 1256; x_wconf 90' lang='lat' dir='ltr'>inquit,</span> <span class='ocrx_word' id='word_1_119' title='bbox 3477 1175 3541 1236; x_wconf 90' lang='lat' dir='ltr'>in</span> <span class='ocrx_word' id='word_1_120' title='bbox 3588 1174 3857 1242; x_wconf 86' lang='lat' dir='ltr'>melotis,</span> <span class='ocrx_word' id='word_1_121' title='bbox 3910 1173 3983 1234; x_wconf 90' lang='lat' dir='ltr'>in</span> <span class='ocrx_word' id='word_1_122' title='bbox 4064 1185 4293 1232; x_wconf 50' lang='lat' dir='ltr'>Hebae,</span> 
     </span>
     <span class='ocr_line' id='line_1_20' title="bbox 2480 1251 4189 1354; baseline 0.001 -22"><span class='ocrx_word' id='word_1_123' title='bbox 2480 1271 2756 1353; x_wconf 91' lang='lat' dir='ltr'>pellibus</span> <span class='ocrx_word' id='word_1_124' title='bbox 2810 1273 3109 1354; x_wconf 83' lang='lat' dir='ltr'>caprinis,</span> <span class='ocrx_word' id='word_1_125' title='bbox 3155 1282 3433 1354; x_wconf 80' lang='lat' dir='ltr'>egente8‚</span> <span class='ocrx_word' id='word_1_126' title='bbox 3476 1273 3839 1354; x_wconf 86' lang='lat' dir='ltr'>angustiati,</span> <span class='ocrx_word' id='word_1_127' title='bbox 3884 1272 3988 1334; x_wconf 85' lang='lat' dir='ltr'>af·</span> <span class='ocrx_word' id='word_1_128' title='bbox 4018 1251 4189 1296; x_wconf 49' lang='grc' dir='ltr'>ππ·</span> 
     </span>
     <span class='ocr_line' id='line_1_21' title="bbox 2478 1368 3985 1452; baseline 0.003 -23"><span class='ocrx_word' id='word_1_129' title='bbox 2478 1368 2664 1443; x_wconf 90' lang='lat' dir='ltr'>flicti‚</span> <span class='ocrx_word' id='word_1_130' title='bbox 2699 1370 2934 1452; x_wconf 91' lang='lat' dir='ltr'>quibus</span> <span class='ocrx_word' id='word_1_131' title='bbox 2964 1371 3193 1452; x_wconf 89' lang='lat' dir='ltr'>dignus</span> <span class='ocrx_word' id='word_1_132' title='bbox 3233 1390 3358 1434; x_wconf 92' lang='lat' dir='ltr'>non</span> <span class='ocrx_word' id='word_1_133' title='bbox 3390 1380 3524 1434; x_wconf 88' lang='lat' dir='ltr'>erat</span> <span class='ocrx_word' id='word_1_134' title='bbox 3557 1371 3871 1450; x_wconf 88' lang='lat' dir='ltr'>mundus;</span> <span class='ocrx_word' id='word_1_135' title='bbox 3910 1372 3985 1434; x_wconf 88' lang='lat' dir='ltr'>in</span> 
     </span>
     <span class='ocr_line' id='line_1_22' title="bbox 2477 1469 3988 1552; baseline 0.001 -22"><span class='ocrx_word' id='word_1_136' title='bbox 2477 1469 2929 1532; x_wconf 83' lang='lat' dir='ltr'>solitudinibus</span> <span class='ocrx_word' id='word_1_137' title='bbox 2959 1479 3260 1545; x_wconf 83' lang='lat' dir='ltr'>erranteS,</span> <span class='ocrx_word' id='word_1_138' title='bbox 3294 1472 3357 1533; x_wconf 92' lang='lat' dir='ltr'>in</span> <span class='ocrx_word' id='word_1_139' title='bbox 3393 1470 3716 1534; x_wconf 87' lang='lat' dir='ltr'>montibus</span> <span class='ocrx_word' id='word_1_140' title='bbox 3746 1478 3809 1532; x_wconf 93' lang='lat' dir='ltr'>et</span> <span class='ocrx_word' id='word_1_141' title='bbox 3836 1489 3988 1552; x_wconf 84' lang='lat' dir='ltr'>spe-</span> 
     </span>
    </p>

    <p class='ocr_par' dir='ltr' id='par_1_8' title="bbox 2478 1568 4297 1749">
     <span class='ocr_line' id='line_1_23' title="bbox 2482 1568 3985 1651; baseline 0.001 -23"><span class='ocrx_word' id='word_1_142' title='bbox 2482 1568 2710 1643; x_wconf 90' lang='lat' dir='ltr'>luncis,</span> <span class='ocrx_word' id='word_1_143' title='bbox 2763 1576 2825 1630; x_wconf 91' lang='lat' dir='ltr'>et</span> <span class='ocrx_word' id='word_1_144' title='bbox 2875 1570 2938 1631; x_wconf 93' lang='lat' dir='ltr'>in</span> <span class='ocrx_word' id='word_1_145' title='bbox 2994 1570 3281 1632; x_wconf 89' lang='lat' dir='ltr'>cavernis</span> <span class='ocrx_word' id='word_1_146' title='bbox 3340 1579 3540 1632; x_wconf 81' lang='lat' dir='ltr'>terrae.</span> <span class='ocrx_word' id='word_1_147' title='bbox 3594 1570 3681 1631; x_wconf 92' lang='lat' dir='ltr'>De</span> <span class='ocrx_word' id='word_1_148' title='bbox 3737 1569 3985 1651; x_wconf 89' lang='lat' dir='ltr'>quibus</span> 
     </span>
     <span class='ocr_line' id='line_1_24' title="bbox 2478 1666 4297 1749; baseline 0.003 -22"><span class='ocrx_word' id='word_1_149' title='bbox 2478 1666 2785 1729; x_wconf 90' lang='lat' dir='ltr'>Dominus</span> <span class='ocrx_word' id='word_1_150' title='bbox 2826 1668 3231 1749; x_wconf 82' lang='lat' dir='ltr'>singulariter</span> <span class='ocrx_word' id='word_1_151' title='bbox 3258 1669 3347 1730; x_wconf 90' lang='lat' dir='ltr'>ait</span> <span class='ocrx_word' id='word_1_152' title='bbox 3382 1669 3459 1730; x_wconf 90' lang='lat' dir='ltr'>ad</span> <span class='ocrx_word' id='word_1_153' title='bbox 3497 1668 3614 1730; x_wconf 89' lang='lat' dir='ltr'>Job</span> <span class='ocrx_word' id='word_1_154' title='bbox 3648 1688 3663 1731; x_wconf 91' lang='lat'>:</span> <span class='ocrx_word' id='word_1_155' title='bbox 3696 1668 3844 1741; x_wconf 89' lang='lat' dir='ltr'>Quis</span> <span class='ocrx_word' id='word_1_156' title='bbox 3883 1668 3987 1729; x_wconf 86' lang='lat' dir='ltr'>di·</span> <span class='ocrx_word' id='word_1_157' title='bbox 4046 1688 4137 1729; x_wconf 62' lang='grc' dir='ltr'>,ιώ</span> <span class='ocrx_word' id='word_1_158' title='bbox 4158 1701 4297 1732; x_wconf 73' lang='lat' dir='ltr'>mn.</span> 
     </span>
    </p>
   </div>
   <div class='ocr_carea' id='block_1_6' title="bbox 2482 1751 4321 1856">
    <p class='ocr_par' dir='ltr' id='par_1_9' title="bbox 2482 1751 4321 1856">
     <span class='ocr_line' id='line_1_25' title="bbox 2482 1751 4321 1856; baseline -0.003 -31"><span class='ocrx_word' id='word_1_159' title='bbox 2482 1764 2656 1826; x_wconf 91' lang='lat' dir='ltr'>misit</span> <span class='ocrx_word' id='word_1_160' title='bbox 2706 1783 3013 1846; x_wconf 83' lang='lat' dir='ltr'>onagrum</span> <span class='ocrx_word' id='word_1_161' title='bbox 3065 1765 3362 1839; x_wconf 90' lang='lat' dir='ltr'>liberum,</span> <span class='ocrx_word' id='word_1_162' title='bbox 3414 1773 3476 1827; x_wconf 90' lang='lat' dir='ltr'>et</span> <span class='ocrx_word' id='word_1_163' title='bbox 3528 1765 3781 1827; x_wconf 90' lang='lat' dir='ltr'>vincula</span> <span class='ocrx_word' id='word_1_164' title='bbox 3831 1764 3987 1846; x_wconf 85' lang='lat' dir='ltr'>ejus</span> <span class='ocrx_word' id='word_1_165' title='bbox 4018 1751 4321 1856; x_wconf 42' lang='lat' dir='ltr'>&amp;JK-⁵⁰¹¹*</span> 
     </span>
    </p>
   </div>
   <div class='ocr_carea' id='block_1_7' title="bbox 871 1861 3991 1947">
    <p class='ocr_par' dir='ltr' id='par_1_10' title="bbox 871 1861 3991 1947">
     <span class='ocr_line' id='line_1_26' title="bbox 871 1861 3991 1947; baseline -0 -21"><span class='ocrx_word' id='word_1_166' title='bbox 871 1866 1043 1928; x_wconf 89' lang='lat' dir='ltr'>tione</span> <span class='ocrx_word' id='word_1_167' title='bbox 1086 1867 1305 1928; x_wconf 90' lang='lat' dir='ltr'>mundi</span> <span class='ocrx_word' id='word_1_168' title='bbox 1349 1865 1549 1926; x_wconf 82' lang='lat' dir='ltr'>istiuS.</span> <span class='ocrx_word' id='word_1_169' title='bbox 1596 1866 1770 1927; x_wconf 90' lang='lat' dir='ltr'>Unde</span> <span class='ocrx_word' id='word_1_170' title='bbox 1811 1883 2207 1947; x_wconf 91' lang='lat' dir='ltr'>consequens</span> <span class='ocrx_word' id='word_1_171' title='bbox 2248 1863 2369 1925; x_wconf 87' lang='lat' dir='ltr'>fuit</span> <span class='ocrx_word' id='word_1_172' title='bbox 2405 1861 2452 1924; x_wconf 91' lang='lat' dir='ltr'>B</span> <span class='ocrx_word' id='word_1_173' title='bbox 2483 1863 2626 1942; x_wconf 89' lang='lat' dir='ltr'>quis</span> <span class='ocrx_word' id='word_1_174' title='bbox 2676 1863 2917 1926; x_wconf 71' lang='lat' dir='ltr'>solvit?</span> <span class='ocrx_word' id='word_1_175' title='bbox 2966 1864 3150 1926; x_wconf 90' lang='lat' dir='ltr'>Posui</span> <span class='ocrx_word' id='word_1_176' title='bbox 3202 1863 3637 1926; x_wconf 86' lang='lat' dir='ltr'>habitaculum</span> <span class='ocrx_word' id='word_1_177' title='bbox 3686 1863 3825 1944; x_wconf 90' lang='lat' dir='ltr'>ejus</span> <span class='ocrx_word' id='word_1_178' title='bbox 3871 1864 3991 1925; x_wconf 87' lang='lat' dir='ltr'>de-</span> 
     </span>
    </p>
   </div>
   <div class='ocr_carea' id='block_1_8' title="bbox 871 1963 2373 2915">
    <p class='ocr_par' dir='ltr' id='par_1_11' title="bbox 871 1963 2373 2915">
     <span class='ocr_line' id='line_1_27' title="bbox 875 1963 2370 2026; baseline -0.002 0"><span class='ocrx_word' id='word_1_179' title='bbox 875 1971 944 2026; x_wconf 86' lang='lat' dir='ltr'>ut</span> <span class='ocrx_word' id='word_1_180' title='bbox 999 1983 1076 2026; x_wconf 83' lang='lat' dir='ltr'>ex</span> <span class='ocrx_word' id='word_1_181' title='bbox 1126 1963 1576 2026; x_wconf 91' lang='lat' dir='ltr'>communione</span> <span class='ocrx_word' id='word_1_182' title='bbox 1635 1964 1933 2026; x_wconf 90' lang='lat' dir='ltr'>consortii</span> <span class='ocrx_word' id='word_1_183' title='bbox 1991 1971 2370 2026; x_wconf 87' lang='lat' dir='ltr'>vocarentur</span> 
     </span>
     <span class='ocr_line' id='line_1_28' title="bbox 873 2062 2371 2144; baseline 0 -20"><span class='ocrx_word' id='word_1_184' title='bbox 873 2063 1227 2136; x_wconf 80' lang='lat' dir='ltr'>coenobitae,</span> <span class='ocrx_word' id='word_1_185' title='bbox 1279 2081 1626 2144; x_wconf 91' lang='lat' dir='ltr'>eorumque</span> <span class='ocrx_word' id='word_1_186' title='bbox 1677 2063 1852 2125; x_wconf 84' lang='lat' dir='ltr'>cellae</span> <span class='ocrx_word' id='word_1_187' title='bbox 1899 2082 1974 2124; x_wconf 89' lang='lat' dir='ltr'>ac</span> <span class='ocrx_word' id='word_1_188' title='bbox 2022 2062 2371 2124; x_wconf 87' lang='lat' dir='ltr'>diversoria</span> 
     </span>
     <span class='ocr_line' id='line_1_29' title="bbox 873 2160 2369 2241; baseline 0.001 -19"><span class='ocrx_word' id='word_1_189' title='bbox 873 2169 1244 2222; x_wconf 86' lang='lat' dir='ltr'>vocarentur</span> <span class='ocrx_word' id='word_1_190' title='bbox 1287 2161 1594 2223; x_wconf 91' lang='lat' dir='ltr'>coenobia.</span> <span class='ocrx_word' id='word_1_191' title='bbox 1645 2160 1721 2222; x_wconf 85' lang='lat' dir='ltr'>Et</span> <span class='ocrx_word' id='word_1_192' title='bbox 1772 2161 1935 2222; x_wconf 87' lang='lat' dir='ltr'>istud</span> <span class='ocrx_word' id='word_1_193' title='bbox 1986 2179 2187 2241; x_wconf 90' lang='lat' dir='ltr'>genus</span> <span class='ocrx_word' id='word_1_194' title='bbox 2238 2178 2369 2223; x_wconf 92' lang='lat' dir='ltr'>mo-</span> 
     </span>
     <span class='ocr_line' id='line_1_30' title="bbox 874 2258 2367 2340; baseline 0 -20"><span class='ocrx_word' id='word_1_195' title='bbox 874 2259 1222 2321; x_wconf 88' lang='lat' dir='ltr'>nachorum</span> <span class='ocrx_word' id='word_1_196' title='bbox 1280 2258 1799 2340; x_wconf 88' lang='lat' dir='ltr'>antiquissimum</span> <span class='ocrx_word' id='word_1_197' title='bbox 1853 2259 1997 2333; x_wconf 82' lang='lat' dir='ltr'>fuit,</span> <span class='ocrx_word' id='word_1_198' title='bbox 2050 2266 2113 2320; x_wconf 91' lang='lat' dir='ltr'>et</span> <span class='ocrx_word' id='word_1_199' title='bbox 2162 2259 2367 2321; x_wconf 91' lang='lat' dir='ltr'>solum</span> 
     </span>
     <span class='ocr_line' id='line_1_31' title="bbox 875 2357 2367 2439; baseline 0.001 -21"><span class='ocrx_word' id='word_1_200' title='bbox 875 2357 1045 2438; x_wconf 92' lang='lat' dir='ltr'>quod</span> <span class='ocrx_word' id='word_1_201' title='bbox 1080 2357 1321 2419; x_wconf 84' lang='lat' dir='ltr'>exstitit</span> <span class='ocrx_word' id='word_1_202' title='bbox 1357 2357 1635 2438; x_wconf 89' lang='lat' dir='ltr'>primum</span> <span class='ocrx_word' id='word_1_203' title='bbox 1670 2375 1797 2419; x_wconf 91' lang='lat' dir='ltr'>non</span> <span class='ocrx_word' id='word_1_204' title='bbox 1839 2358 2026 2419; x_wconf 91' lang='lat' dir='ltr'>modo</span> <span class='ocrx_word' id='word_1_205' title='bbox 2059 2365 2367 2439; x_wconf 91' lang='lat' dir='ltr'>tempore,</span> 
     </span>
     <span class='ocr_line' id='line_1_32' title="bbox 874 2454 2372 2537; baseline 0.001 -21"><span class='ocrx_word' id='word_1_206' title='bbox 874 2455 984 2516; x_wconf 91' lang='lat' dir='ltr'>sed</span> <span class='ocrx_word' id='word_1_207' title='bbox 1022 2455 1213 2517; x_wconf 88' lang='lat' dir='ltr'>etiam</span> <span class='ocrx_word' id='word_1_208' title='bbox 1252 2454 1472 2536; x_wconf 88' lang='lat' dir='ltr'>gratia,</span> <span class='ocrx_word' id='word_1_209' title='bbox 1508 2455 1802 2536; x_wconf 91' lang='lat' dir='ltr'>quodque</span> <span class='ocrx_word' id='word_1_210' title='bbox 1845 2475 1958 2537; x_wconf 88' lang='lat' dir='ltr'>per</span> <span class='ocrx_word' id='word_1_211' title='bbox 1990 2455 2223 2518; x_wconf 91' lang='lat' dir='ltr'>multos</span> <span class='ocrx_word' id='word_1_212' title='bbox 2266 2476 2372 2518; x_wconf 89' lang='lat' dir='ltr'>an-</span> 
     </span>
     <span class='ocr_line' id='line_1_33' title="bbox 875 2553 2373 2634; baseline 0.001 -20"><span class='ocrx_word' id='word_1_213' title='bbox 875 2571 989 2615; x_wconf 90' lang='lat' dir='ltr'>nos</span> <span class='ocrx_word' id='word_1_214' title='bbox 1019 2553 1272 2615; x_wconf 86' lang='lat' dir='ltr'>duravit</span> <span class='ocrx_word' id='word_1_215' title='bbox 1311 2553 1516 2614; x_wconf 91' lang='lat' dir='ltr'>solum</span> <span class='ocrx_word' id='word_1_216' title='bbox 1550 2572 1750 2634; x_wconf 92' lang='lat' dir='ltr'>usque</span> <span class='ocrx_word' id='word_1_217' title='bbox 1791 2554 1869 2615; x_wconf 88' lang='lat' dir='ltr'>ad</span> <span class='ocrx_word' id='word_1_218' title='bbox 1905 2562 2151 2616; x_wconf 82' lang='lat' dir='ltr'>aetatem</span> <span class='ocrx_word' id='word_1_219' title='bbox 2186 2554 2373 2616; x_wconf 89' lang='lat' dir='ltr'>ahba-</span> 
     </span>
     <span class='ocr_line' id='line_1_34' title="bbox 874 2651 2373 2733; baseline 0.002 -21"><span class='ocrx_word' id='word_1_220' title='bbox 874 2651 956 2714; x_wconf 87' lang='lat' dir='ltr'>tis</span> <span class='ocrx_word' id='word_1_221' title='bbox 1008 2651 1179 2713; x_wconf 89' lang='lat' dir='ltr'>Pauli</span> <span class='ocrx_word' id='word_1_222' title='bbox 1227 2651 1360 2713; x_wconf 88' lang='lat' dir='ltr'>sive</span> <span class='ocrx_word' id='word_1_223' title='bbox 1408 2651 1681 2714; x_wconf 82' lang='lat' dir='ltr'>Antonii.</span> <span class='ocrx_word' id='word_1_224' title='bbox 1737 2651 1931 2733; x_wconf 90' lang='lat' dir='ltr'>Cujus</span> <span class='ocrx_word' id='word_1_225' title='bbox 1979 2655 2170 2717; x_wconf 89' lang='lat' dir='ltr'>etiam</span> <span class='ocrx_word' id='word_1_226' title='bbox 2215 2654 2373 2716; x_wconf 91' lang='lat' dir='ltr'>anti-</span> 
     </span>
     <span class='ocr_line' id='line_1_35' title="bbox 871 2750 2371 2835; baseline 0.002 -24"><span class='ocrx_word' id='word_1_227' title='bbox 871 2751 1166 2832; x_wconf 89' lang='lat' dir='ltr'>quissimi</span> <span class='ocrx_word' id='word_1_228' title='bbox 1203 2750 1454 2831; x_wconf 88' lang='lat' dir='ltr'>generis</span> <span class='ocrx_word' id='word_1_229' title='bbox 1493 2751 1762 2832; x_wconf 90' lang='lat' dir='ltr'>vestigia</span> <span class='ocrx_word' id='word_1_230' title='bbox 1805 2753 2126 2816; x_wconf 91' lang='lat' dir='ltr'>cernimus</span> <span class='ocrx_word' id='word_1_231' title='bbox 2171 2771 2371 2835; x_wconf 90' lang='lat' dir='ltr'>usque</span> 
     </span>
     <span class='ocr_line' id='line_1_36' title="bbox 875 2849 2204 2915; baseline 0.002 -4"><span class='ocrx_word' id='word_1_232' title='bbox 875 2868 1045 2912; x_wconf 92' lang='lat' dir='ltr'>nunc</span> <span class='ocrx_word' id='word_1_233' title='bbox 1089 2849 1368 2912; x_wconf 85' lang='lat' dir='ltr'>residere</span> <span class='ocrx_word' id='word_1_234' title='bbox 1413 2849 1476 2911; x_wconf 93' lang='lat' dir='ltr'>in</span> <span class='ocrx_word' id='word_1_235' title='bbox 1522 2849 1828 2912; x_wconf 85' lang='lat' dir='ltr'>districtis</span> <span class='ocrx_word' id='word_1_236' title='bbox 1874 2852 2204 2915; x_wconf 89' lang='lat' dir='ltr'>coenobiis.</span> 
     </span>
    </p>
   </div>
   <div class='ocr_carea' id='block_1_9' title="bbox 1276 3096 1964 3160">
    <p class='ocr_par' dir='ltr' id='par_1_12' title="bbox 1276 3096 1964 3160">
     <span class='ocr_line' id='line_1_37' title="bbox 1276 3096 1964 3160; baseline -0.003 0"><span class='ocrx_word' id='word_1_237' title='bbox 1276 3096 1781 3160; x_wconf 83' lang='lat' dir='ltr'>CAPITULUM</span> <span class='ocrx_word' id='word_1_238' title='bbox 1850 3096 1964 3158; x_wconf 85' lang='lat' dir='ltr'>VI.</span> 
     </span>
    </p>
   </div>
   <div class='ocr_carea' id='block_1_10' title="bbox 911 3243 2344 3316">
    <p class='ocr_par' dir='ltr' id='par_1_13' title="bbox 911 3243 2344 3316">
     <span class='ocr_line' id='line_1_38' title="bbox 911 3243 2344 3316; baseline -0.002 -15"><span class='ocrx_word' id='word_1_239' title='bbox 911 3245 996 3301; x_wconf 85' lang='lat' dir='ltr'>De</span> <span class='ocrx_word' id='word_1_240' title='bbox 1024 3244 1241 3301; x_wconf 81' lang='lat' dir='ltr'>ordine</span> <span class='ocrx_word' id='word_1_241' title='bbox 1269 3250 1449 3316; x_wconf 80' lang='lat' dir='ltr'>atque</span> <span class='ocrx_word' id='word_1_242' title='bbox 1471 3243 1791 3316; x_wconf 78' lang='lat' dir='ltr'>principio</span> <span class='ocrx_word' id='word_1_243' title='bbox 1822 3243 2344 3299; x_wconf 75' lang='lat' dir='ltr'>anachoretarum.</span> 
     </span>
    </p>
   </div>
   <div class='ocr_carea' id='block_1_11' title="bbox 878 3438 2385 4210">
    <p class='ocr_par' dir='ltr' id='par_1_14' title="bbox 1021 3438 2376 3520">
     <span class='ocr_line' id='line_1_39' title="bbox 1021 3438 2376 3520; baseline -0.001 -18"><span class='ocrx_word' id='word_1_244' title='bbox 1021 3441 1068 3502; x_wconf 90' lang='lat' dir='ltr'>E</span> <span class='ocrx_word' id='word_1_245' title='bbox 1100 3441 1222 3502; x_wconf 89' lang='lat' dir='ltr'>hoc</span> <span class='ocrx_word' id='word_1_246' title='bbox 1261 3457 1527 3501; x_wconf 89' lang='lat' dir='ltr'>numero</span> <span class='ocrx_word' id='word_1_247' title='bbox 1568 3438 2018 3520; x_wconf 88' lang='lat' dir='ltr'>perfectorum,</span> <span class='ocrx_word' id='word_1_248' title='bbox 2052 3447 2114 3500; x_wconf 90' lang='lat' dir='ltr'>et</span> <span class='ocrx_word' id='word_1_249' title='bbox 2151 3439 2248 3518; x_wconf 85' lang='lat' dir='ltr'>(ut</span> <span class='ocrx_word' id='word_1_250' title='bbox 2292 3439 2376 3501; x_wconf 85' lang='lat' dir='ltr'>ita</span> 
     </span>
    </p>

    <p class='ocr_par' dir='ltr' id='par_1_15' title="bbox 878 3537 2385 4210">
     <span class='ocr_line' id='line_1_40' title="bbox 1039 3537 2374 3618; baseline -0.001 -18"><span class='ocrx_word' id='word_1_251' title='bbox 1039 3538 1338 3618; x_wconf 87' lang='lat' dir='ltr'>dixerim)</span> <span class='ocrx_word' id='word_1_252' title='bbox 1381 3539 1458 3598; x_wconf 93' lang='lat' dir='ltr'>de</span> <span class='ocrx_word' id='word_1_253' title='bbox 1502 3537 1713 3600; x_wconf 86' lang='lat' dir='ltr'>radice</span> <span class='ocrx_word' id='word_1_254' title='bbox 1760 3537 2216 3599; x_wconf 87' lang='lat' dir='ltr'>fecundissima</span> <span class='ocrx_word' id='word_1_255' title='bbox 2258 3538 2374 3598; x_wconf 93' lang='lat' dir='ltr'>hac</span> 
     </span>
     <span class='ocr_line' id='line_1_41' title="bbox 880 3634 2377 3718; baseline -0.001 -19"><span class='ocrx_word' id='word_1_256' title='bbox 880 3637 1279 3710; x_wconf 89' lang='lat' dir='ltr'>Sanctorum,</span> <span class='ocrx_word' id='word_1_257' title='bbox 1318 3636 1691 3717; x_wconf 90' lang='lat' dir='ltr'>prodierunt</span> <span class='ocrx_word' id='word_1_258' title='bbox 1728 3644 1867 3718; x_wconf 85' lang='lat' dir='ltr'>post</span> <span class='ocrx_word' id='word_1_259' title='bbox 1910 3637 2044 3698; x_wconf 79' lang='lat' dir='ltr'>haec</span> <span class='ocrx_word' id='word_1_260' title='bbox 2086 3634 2275 3698; x_wconf 88' lang='lat' dir='ltr'>flores</span> <span class='ocrx_word' id='word_1_261' title='bbox 2315 3644 2377 3698; x_wconf 88' lang='lat' dir='ltr'>et</span> 
     </span>
     <span class='ocr_line' id='line_1_42' title="bbox 878 3734 2377 3816; baseline -0.002 -19"><span class='ocrx_word' id='word_1_262' title='bbox 878 3736 1125 3797; x_wconf 90' lang='lat' dir='ltr'>fructus</span> <span class='ocrx_word' id='word_1_263' title='bbox 1156 3735 1697 3796; x_wconf 87' lang='lat' dir='ltr'>anachoretarum.</span> <span class='ocrx_word' id='word_1_264' title='bbox 1735 3735 1931 3815; x_wconf 89' lang='lat' dir='ltr'>Cujus</span> <span class='ocrx_word' id='word_1_265' title='bbox 1962 3734 2377 3816; x_wconf 78' lang='lat' dir='ltr'>professionis</span> 
     </span>
     <span class='ocr_line' id='line_1_43' title="bbox 881 3832 2381 3916; baseline -0.001 -21"><span class='ocrx_word' id='word_1_266' title='bbox 881 3833 1205 3916; x_wconf 87' lang='lat' dir='ltr'>principes</span> <span class='ocrx_word' id='word_1_267' title='bbox 1239 3833 1534 3895; x_wconf 90' lang='lat' dir='ltr'>novimus</span> <span class='ocrx_word' id='word_1_268' title='bbox 1567 3832 1882 3895; x_wconf 86' lang='lat' dir='ltr'>exstitisse</span> <span class='ocrx_word' id='word_1_269' title='bbox 1915 3834 1972 3895; x_wconf 90' lang='lat' dir='ltr'>S.</span> <span class='ocrx_word' id='word_1_270' title='bbox 2006 3833 2267 3895; x_wconf 91' lang='lat' dir='ltr'>Paulum</span> <span class='ocrx_word' id='word_1_271' title='bbox 2302 3833 2381 3894; x_wconf 86' lang='lat' dir='ltr'>si·</span> 
     </span>
     <span class='ocr_line' id='line_1_44' title="bbox 882 3931 2383 4012; baseline -0.001 -18"><span class='ocrx_word' id='word_1_272' title='bbox 882 3951 958 3994; x_wconf 91' lang='lat' dir='ltr'>ve</span> <span class='ocrx_word' id='word_1_273' title='bbox 989 3932 1336 3994; x_wconf 89' lang='lat' dir='ltr'>Antonium</span> <span class='ocrx_word' id='word_1_274' title='bbox 1371 3949 1385 3992; x_wconf 77' lang='lat' dir='ltr'>t</span> <span class='ocrx_word' id='word_1_275' title='bbox 1421 3931 1530 4012; x_wconf 92' lang='lat' dir='ltr'>qui</span> <span class='ocrx_word' id='word_1_276' title='bbox 1569 3931 1789 3993; x_wconf 87' lang='lat' dir='ltr'>sectati</span> <span class='ocrx_word' id='word_1_277' title='bbox 1826 3939 1972 3992; x_wconf 89' lang='lat' dir='ltr'>sunt</span> <span class='ocrx_word' id='word_1_278' title='bbox 2011 3939 2251 3993; x_wconf 80' lang='lat' dir='ltr'>secreta</span> <span class='ocrx_word' id='word_1_279' title='bbox 2288 3949 2383 3993; x_wconf 92' lang='lat' dir='ltr'>so-</span> 
     </span>
     <span class='ocr_line' id='line_1_45' title="bbox 885 4029 2381 4112; baseline -0.001 -20"><span class='ocrx_word' id='word_1_280' title='bbox 885 4030 1197 4105; x_wconf 78' lang='lat' dir='ltr'>titudinis,</span> <span class='ocrx_word' id='word_1_281' title='bbox 1240 4029 1556 4092; x_wconf 89' lang='lat' dir='ltr'>desiderio</span> <span class='ocrx_word' id='word_1_282' title='bbox 1603 4029 1996 4091; x_wconf 89' lang='lat' dir='ltr'>sublimioris</span> <span class='ocrx_word' id='word_1_283' title='bbox 2057 4029 2381 4112; x_wconf 79' lang='lat' dir='ltr'>profectus</span> 
     </span>
     <span class='ocr_line' id='line_1_46' title="bbox 885 4127 2385 4210; baseline -0.001 -19"><span class='ocrx_word' id='word_1_284' title='bbox 885 4149 958 4191; x_wconf 89' lang='lat' dir='ltr'>ac</span> <span class='ocrx_word' id='word_1_285' title='bbox 1002 4129 1560 4210; x_wconf 88' lang='lat' dir='ltr'>contemplationis</span> <span class='ocrx_word' id='word_1_286' title='bbox 1605 4128 1858 4199; x_wconf 67' lang='lat' dir='ltr'>divium,</span> <span class='ocrx_word' id='word_1_287' title='bbox 1903 4146 2026 4190; x_wconf 92' lang='lat' dir='ltr'>non</span> <span class='ocrx_word' id='word_1_288' title='bbox 2073 4147 2149 4189; x_wconf 87' lang='lat' dir='ltr'>ex</span> <span class='ocrx_word' id='word_1_289' title='bbox 2195 4127 2385 4209; x_wconf 91' lang='lat' dir='ltr'>pusil-</span> 
     </span>
    </p>
   </div>
   <div class='ocr_carea' id='block_1_12' title="bbox 889 4225 2465 4308">
    <p class='ocr_par' dir='ltr' id='par_1_16' title="bbox 889 4225 2465 4308">
     <span class='ocr_line' id='line_1_47' title="bbox 889 4225 2465 4308; baseline 0.001 -19"><span class='ocrx_word' id='word_1_290' title='bbox 889 4227 1240 4290; x_wconf 87' lang='lat' dir='ltr'>lanimitate</span> <span class='ocrx_word' id='word_1_291' title='bbox 1272 4235 1380 4290; x_wconf 89' lang='lat' dir='ltr'>aut</span> <span class='ocrx_word' id='word_1_292' title='bbox 1412 4225 1826 4308; x_wconf 54' lang='lat' dir='ltr'>impatientiae</span> <span class='ocrx_word' id='word_1_293' title='bbox 1861 4225 2102 4299; x_wconf 90' lang='lat' dir='ltr'>morb0,</span> <span class='ocrx_word' id='word_1_294' title='bbox 2139 4233 2207 4286; x_wconf 92' lang='lat' dir='ltr'>ut</span> <span class='ocrx_word' id='word_1_295' title='bbox 2248 4226 2385 4308; x_wconf 90' lang='lat' dir='ltr'>qui·</span> <span class='ocrx_word' id='word_1_296' title='bbox 2414 4228 2465 4290; x_wconf 92' lang='lat' dir='ltr'><strong>D</strong></span> 
     </span>
    </p>
   </div>
   <div class='ocr_carea' id='block_1_13' title="bbox 886 4325 2388 5389">
    <p class='ocr_par' dir='ltr' id='par_1_17' title="bbox 886 4325 2388 5389">
     <span class='ocr_line' id='line_1_48' title="bbox 890 4325 2382 4410; baseline -0.002 -21"><span class='ocrx_word' id='word_1_297' title='bbox 890 4328 1069 4408; x_wconf 84' lang='lat' dir='ltr'>dam3</span> <span class='ocrx_word' id='word_1_298' title='bbox 1097 4328 1390 4410; x_wconf 90' lang='lat' dir='ltr'>quamvis</span> <span class='ocrx_word' id='word_1_299' title='bbox 1421 4325 1648 4388; x_wconf 88' lang='lat' dir='ltr'>Paulus</span> <span class='ocrx_word' id='word_1_300' title='bbox 1682 4325 1790 4386; x_wconf 91' lang='lat' dir='ltr'>ille</span> <span class='ocrx_word' id='word_1_301' title='bbox 1820 4325 2067 4385; x_wconf 86' lang='lat' dir='ltr'>dicatur</span> <span class='ocrx_word' id='word_1_302' title='bbox 2096 4343 2382 4386; x_wconf 89' lang='lat' dir='ltr'>eremum</span> 
     </span>
     <span class='ocr_line' id='line_1_49' title="bbox 891 4422 2385 4508; baseline -0.002 -20"><span class='ocrx_word' id='word_1_303' title='bbox 891 4434 1255 4508; x_wconf 89' lang='lat' dir='ltr'>penetrasse</span> <span class='ocrx_word' id='word_1_304' title='bbox 1313 4423 1584 4505; x_wconf 90' lang='lat' dir='ltr'>quadam</span> <span class='ocrx_word' id='word_1_305' title='bbox 1647 4422 2041 4496; x_wconf 88' lang='lat' dir='ltr'>necessitate,</span> <span class='ocrx_word' id='word_1_306' title='bbox 2097 4423 2385 4485; x_wconf 87' lang='lat' dir='ltr'>devitans</span> 
     </span>
     <span class='ocr_line' id='line_1_50' title="bbox 893 4520 2388 4604; baseline -0.002 -17"><span class='ocrx_word' id='word_1_307' title='bbox 893 4524 1153 4588; x_wconf 88' lang='lat' dir='ltr'>insidias</span> <span class='ocrx_word' id='word_1_308' title='bbox 1197 4540 1456 4583; x_wconf 89' lang='lat' dir='ltr'>suorum</span> <span class='ocrx_word' id='word_1_309' title='bbox 1507 4520 1806 4583; x_wconf 84' lang='lat' dir='ltr'>affinium</span> <span class='ocrx_word' id='word_1_310' title='bbox 1853 4528 2134 4603; x_wconf 89' lang='lat' dir='ltr'>tempore</span> <span class='ocrx_word' id='word_1_311' title='bbox 2181 4541 2388 4604; x_wconf 84' lang='lat' dir='ltr'>perse-</span> 
     </span>
     <span class='ocr_line' id='line_1_51' title="bbox 892 4619 2386 4700; baseline -0.001 -17"><span class='ocrx_word' id='word_1_312' title='bbox 892 4621 1186 4684; x_wconf 73' lang='lat' dir='ltr'>cutionis</span> <span class='ocrx_word' id='word_1_313' title='bbox 1222 4621 1326 4682; x_wconf 90' lang='lat' dir='ltr'>Sic</span> <span class='ocrx_word' id='word_1_314' title='bbox 1364 4637 1512 4700; x_wconf 88' lang='lat' dir='ltr'>ergo</span> <span class='ocrx_word' id='word_1_315' title='bbox 1551 4639 1629 4682; x_wconf 85' lang='lat' dir='ltr'>ex</span> <span class='ocrx_word' id='word_1_316' title='bbox 1672 4619 2059 4700; x_wconf 83' lang='lat' dir='ltr'>perfectione</span> <span class='ocrx_word' id='word_1_317' title='bbox 2099 4628 2161 4682; x_wconf 86' lang='lat' dir='ltr'>et</span> <span class='ocrx_word' id='word_1_318' title='bbox 2198 4621 2386 4682; x_wconf 91' lang='lat' dir='ltr'>disci-</span> 
     </span>
     <span class='ocr_line' id='line_1_52' title="bbox 891 4717 2385 4802; baseline 0.001 -22"><span class='ocrx_word' id='word_1_319' title='bbox 891 4719 1067 4802; x_wconf 90' lang='lat' dir='ltr'>plina</span> <span class='ocrx_word' id='word_1_320' title='bbox 1111 4717 1572 4780; x_wconf 90' lang='lat' dir='ltr'>coenobitarum</span> <span class='ocrx_word' id='word_1_321' title='bbox 1617 4719 1926 4799; x_wconf 89' lang='lat' dir='ltr'>processit</span> <span class='ocrx_word' id='word_1_322' title='bbox 1968 4718 2140 4780; x_wconf 88' lang='lat' dir='ltr'>aliud</span> <span class='ocrx_word' id='word_1_323' title='bbox 2185 4738 2385 4801; x_wconf 91' lang='lat' dir='ltr'>genus</span> 
     </span>
     <span class='ocr_line' id='line_1_53' title="bbox 889 4817 2386 4902; baseline 0 -20"><span class='ocrx_word' id='word_1_324' title='bbox 889 4818 1322 4902; x_wconf 87' lang='lat' dir='ltr'>perfectionis,</span> <span class='ocrx_word' id='word_1_325' title='bbox 1370 4817 1555 4900; x_wconf 89' lang='lat' dir='ltr'>cujus</span> <span class='ocrx_word' id='word_1_326' title='bbox 1599 4817 1986 4901; x_wconf 89' lang='lat' dir='ltr'>professores</span> <span class='ocrx_word' id='word_1_327' title='bbox 2033 4826 2141 4880; x_wconf 90' lang='lat' dir='ltr'>aut</span> <span class='ocrx_word' id='word_1_328' title='bbox 2186 4829 2386 4882; x_wconf 84' lang='lat' dir='ltr'>secta-</span> 
     </span>
     <span class='ocr_line' id='line_1_54' title="bbox 889 4917 2387 4988; baseline -0.001 -8"><span class='ocrx_word' id='word_1_329' title='bbox 889 4925 1054 4980; x_wconf 85' lang='lat' dir='ltr'>tores</span> <span class='ocrx_word' id='word_1_330' title='bbox 1100 4917 1218 4980; x_wconf 89' lang='lat' dir='ltr'>rite</span> <span class='ocrx_word' id='word_1_331' title='bbox 1268 4917 1471 4979; x_wconf 89' lang='lat' dir='ltr'>vocati</span> <span class='ocrx_word' id='word_1_332' title='bbox 1524 4926 1671 4979; x_wconf 90' lang='lat' dir='ltr'>sunt</span> <span class='ocrx_word' id='word_1_333' title='bbox 1719 4917 2134 4988; x_wconf 64' lang='lat' dir='ltr'>anachoretae,</span> <span class='ocrx_word' id='word_1_334' title='bbox 2182 4917 2247 4979; x_wconf 93' lang='lat' dir='ltr'>id</span> <span class='ocrx_word' id='word_1_335' title='bbox 2292 4927 2387 4980; x_wconf 87' lang='lat' dir='ltr'>cst</span> 
     </span>
     <span class='ocr_line' id='line_1_55' title="bbox 886 5017 2386 5097; baseline -0.001 -16"><span class='ocrx_word' id='word_1_336' title='bbox 886 5035 1238 5081; x_wconf 90' lang='lat' dir='ltr'>secessores</span> <span class='ocrx_word' id='word_1_337' title='bbox 1282 5036 1296 5080; x_wconf 90' lang='lat'>:</span> <span class='ocrx_word' id='word_1_338' title='bbox 1339 5035 1416 5079; x_wconf 92' lang='lat' dir='ltr'>eo</span> <span class='ocrx_word' id='word_1_339' title='bbox 1454 5017 1621 5097; x_wconf 91' lang='lat' dir='ltr'>quod</span> <span class='ocrx_word' id='word_1_340' title='bbox 1663 5035 2065 5097; x_wconf 85' lang='lat' dir='ltr'>nequaquam</span> <span class='ocrx_word' id='word_1_341' title='bbox 2105 5017 2386 5079; x_wconf 88' lang='lat' dir='ltr'>contenti</span> 
     </span>
     <span class='ocr_line' id='line_1_56' title="bbox 888 5114 2388 5196; baseline -0.001 -17"><span class='ocrx_word' id='word_1_342' title='bbox 888 5116 1153 5180; x_wconf 84' lang='lat' dir='ltr'>victoria</span> <span class='ocrx_word' id='word_1_343' title='bbox 1196 5117 1314 5178; x_wconf 89' lang='lat' dir='ltr'>hac</span> <span class='ocrx_word' id='word_1_344' title='bbox 1358 5134 1485 5196; x_wconf 88' lang='lat' dir='ltr'>qua</span> <span class='ocrx_word' id='word_1_345' title='bbox 1527 5114 1928 5176; x_wconf 89' lang='lat' dir='ltr'>calcaverunt</span> <span class='ocrx_word' id='word_1_346' title='bbox 1975 5114 2139 5176; x_wconf 85' lang='lat' dir='ltr'>inter</span> <span class='ocrx_word' id='word_1_347' title='bbox 2189 5116 2388 5178; x_wconf 90' lang='lat' dir='ltr'>homi-</span> 
     </span>
     <span class='ocr_line' id='line_1_57' title="bbox 889 5213 2385 5295; baseline -0.001 -17"><span class='ocrx_word' id='word_1_348' title='bbox 889 5235 1002 5278; x_wconf 90' lang='lat' dir='ltr'>nes</span> <span class='ocrx_word' id='word_1_349' title='bbox 1061 5214 1340 5278; x_wconf 87' lang='lat' dir='ltr'>occultas</span> <span class='ocrx_word' id='word_1_350' title='bbox 1399 5213 1660 5275; x_wconf 87' lang='lat' dir='ltr'>insidias</span> <span class='ocrx_word' id='word_1_351' title='bbox 1724 5213 1992 5285; x_wconf 89' lang='lat' dir='ltr'>inimici,</span> <span class='ocrx_word' id='word_1_352' title='bbox 2057 5223 2385 5295; x_wconf 85' lang='lat' dir='ltr'>penetrare</span> 
     </span>
     <span class='ocr_line' id='line_1_58' title="bbox 893 5312 2386 5389; baseline 0 -13"><span class='ocrx_word' id='word_1_353' title='bbox 893 5333 1018 5377; x_wconf 92' lang='lat' dir='ltr'>non</span> <span class='ocrx_word' id='word_1_354' title='bbox 1073 5320 1364 5376; x_wconf 90' lang='lat' dir='ltr'>metuunt</span> <span class='ocrx_word' id='word_1_355' title='bbox 1414 5312 1772 5375; x_wconf 88' lang='lat' dir='ltr'>vastissima</span> <span class='ocrx_word' id='word_1_356' title='bbox 1824 5313 2021 5374; x_wconf 89' lang='lat' dir='ltr'>eremi</span> <span class='ocrx_word' id='word_1_357' title='bbox 2076 5313 2231 5389; x_wconf 91' lang='lat' dir='ltr'>loca,</span> <span class='ocrx_word' id='word_1_358' title='bbox 2280 5333 2386 5376; x_wconf 89' lang='lat' dir='ltr'>cu-</span> 
     </span>
    </p>
   </div>
   <div class='ocr_carea' id='block_1_14' title="bbox 2479 1961 3987 3026">
    <p class='ocr_par' dir='ltr' id='par_1_18' title="bbox 2479 1961 3987 3026">
     <span class='ocr_line' id='line_1_59' title="bbox 2482 1961 3981 2044; baseline 0.001 -22"><span class='ocrx_word' id='word_1_359' title='bbox 2482 1969 2721 2023; x_wconf 89' lang='lat' dir='ltr'>sertum</span> <span class='ocrx_word' id='word_1_360' title='bbox 2754 1972 2817 2024; x_wconf 85' lang='lat' dir='ltr'>et</span> <span class='ocrx_word' id='word_1_361' title='bbox 2856 1962 3336 2025; x_wconf 87' lang='lat' dir='ltr'>tabernaculum</span> <span class='ocrx_word' id='word_1_362' title='bbox 3376 1961 3517 2044; x_wconf 81' lang='lat' dir='ltr'>ejus</span> <span class='ocrx_word' id='word_1_363' title='bbox 3563 1962 3981 2043; x_wconf 83' lang='lat' dir='ltr'>salsuginem.</span> 
     </span>
     <span class='ocr_line' id='line_1_60' title="bbox 2479 2060 3985 2142; baseline 0.002 -22"><span class='ocrx_word' id='word_1_364' title='bbox 2479 2060 2755 2122; x_wconf 90' lang='lat' dir='ltr'>Irridens</span> <span class='ocrx_word' id='word_1_365' title='bbox 2798 2061 3273 2123; x_wconf 82' lang='lat' dir='ltr'>multitudinem</span> <span class='ocrx_word' id='word_1_366' title='bbox 3316 2061 3611 2135; x_wconf 83' lang='lat' dir='ltr'>civitatiS,</span> <span class='ocrx_word' id='word_1_367' title='bbox 3650 2068 3712 2122; x_wconf 91' lang='lat' dir='ltr'>et</span> <span class='ocrx_word' id='word_1_368' title='bbox 3752 2080 3985 2142; x_wconf 85' lang='lat' dir='ltr'>quere-</span> 
     </span>
     <span class='ocr_line' id='line_1_61' title="bbox 2481 2157 3983 2233; baseline 0.002 -15"><span class='ocrx_word' id='word_1_369' title='bbox 2481 2157 2605 2219; x_wconf 86' lang='lat' dir='ltr'>lam</span> <span class='ocrx_word' id='word_1_370' title='bbox 2663 2159 2974 2221; x_wconf 86' lang='lat' dir='ltr'>exactoris</span> <span class='ocrx_word' id='word_1_371' title='bbox 3028 2177 3153 2222; x_wconf 91' lang='lat' dir='ltr'>non</span> <span class='ocrx_word' id='word_1_372' title='bbox 3212 2159 3498 2233; x_wconf 80' lang='lat' dir='ltr'>audienS,</span> <span class='ocrx_word' id='word_1_373' title='bbox 3552 2159 3983 2222; x_wconf 84' lang='lat' dir='ltr'>consideravit</span> 
     </span>
     <span class='ocr_line' id='line_1_62' title="bbox 2483 2258 3983 2340; baseline 0.001 -22"><span class='ocrx_word' id='word_1_374' title='bbox 2483 2265 2728 2319; x_wconf 89' lang='lat' dir='ltr'>montes</span> <span class='ocrx_word' id='word_1_375' title='bbox 2772 2276 3023 2339; x_wconf 81' lang='lat' dir='ltr'>pascuae</span> <span class='ocrx_word' id='word_1_376' title='bbox 3062 2277 3213 2332; x_wconf 82' lang='lat' dir='ltr'>suae,</span> <span class='ocrx_word' id='word_1_377' title='bbox 3255 2265 3315 2320; x_wconf 89' lang='lat' dir='ltr'>et</span> <span class='ocrx_word' id='word_1_378' title='bbox 3361 2265 3501 2340; x_wconf 84' lang='lat' dir='ltr'>post</span> <span class='ocrx_word' id='word_1_379' title='bbox 3544 2276 3734 2320; x_wconf 85' lang='lat' dir='ltr'>omne</span> <span class='ocrx_word' id='word_1_380' title='bbox 3772 2258 3983 2320; x_wconf 87' lang='lat' dir='ltr'>viride</span> 
     </span>
     <span class='ocr_line' id='line_1_63' title="bbox 2481 2355 3983 2436; baseline 0.001 -20"><span class='ocrx_word' id='word_1_381' title='bbox 2481 2357 2727 2436; x_wconf 82' lang='lat' dir='ltr'>quaerit.</span> <span class='ocrx_word' id='word_1_382' title='bbox 2780 2355 2938 2417; x_wconf 89' lang='lat' dir='ltr'>Hinc</span> <span class='ocrx_word' id='word_1_383' title='bbox 3000 2355 3203 2418; x_wconf 82' lang='lat' dir='ltr'>fertur</span> <span class='ocrx_word' id='word_1_384' title='bbox 3262 2356 3328 2417; x_wconf 89' lang='lat' dir='ltr'>in</span> <span class='ocrx_word' id='word_1_385' title='bbox 3386 2356 3633 2418; x_wconf 88' lang='lat' dir='ltr'>Psalmo</span> <span class='ocrx_word' id='word_1_386' title='bbox 3688 2373 3701 2416; x_wconf 91' lang='lat'>:</span> <span class='ocrx_word' id='word_1_387' title='bbox 3755 2357 3983 2419; x_wconf 86' lang='lat' dir='ltr'>Dicant</span> 
     </span>
     <span class='ocr_line' id='line_1_64' title="bbox 2482 2453 3983 2536; baseline 0.002 -22"><span class='ocrx_word' id='word_1_388' title='bbox 2482 2472 2653 2514; x_wconf 90' lang='lat' dir='ltr'>nunc</span> <span class='ocrx_word' id='word_1_389' title='bbox 2702 2453 2812 2536; x_wconf 91' lang='lat' dir='ltr'>qui</span> <span class='ocrx_word' id='word_1_390' title='bbox 2863 2454 3173 2536; x_wconf 87' lang='lat' dir='ltr'>redempti</span> <span class='ocrx_word' id='word_1_391' title='bbox 3216 2463 3364 2516; x_wconf 91' lang='lat' dir='ltr'>sunt</span> <span class='ocrx_word' id='word_1_392' title='bbox 3406 2474 3443 2515; x_wconf 89' lang='lat' dir='ltr'>a</span> <span class='ocrx_word' id='word_1_393' title='bbox 3481 2455 3773 2529; x_wconf 91' lang='lat' dir='ltr'>Domino,</span> <span class='ocrx_word' id='word_1_394' title='bbox 3814 2473 3983 2536; x_wconf 86' lang='lat' dir='ltr'>quos</span> 
     </span>
     <span class='ocr_line' id='line_1_65' title="bbox 2482 2551 3984 2634; baseline 0.001 -22"><span class='ocrx_word' id='word_1_395' title='bbox 2482 2552 2751 2613; x_wconf 87' lang='lat' dir='ltr'>redemit</span> <span class='ocrx_word' id='word_1_396' title='bbox 2798 2551 2877 2614; x_wconf 91' lang='lat' dir='ltr'>de</span> <span class='ocrx_word' id='word_1_397' title='bbox 2928 2571 3119 2614; x_wconf 89' lang='lat' dir='ltr'>manu</span> <span class='ocrx_word' id='word_1_398' title='bbox 3170 2553 3412 2615; x_wconf 90' lang='lat' dir='ltr'>inimici</span> <span class='ocrx_word' id='word_1_399' title='bbox 3456 2571 3473 2633; x_wconf 90' lang='lat'>;</span> <span class='ocrx_word' id='word_1_400' title='bbox 3526 2562 3588 2615; x_wconf 92' lang='lat' dir='ltr'>et</span> <span class='ocrx_word' id='word_1_401' title='bbox 3640 2561 3779 2634; x_wconf 87' lang='lat' dir='ltr'>post</span> <span class='ocrx_word' id='word_1_402' title='bbox 3827 2572 3984 2634; x_wconf 83' lang='lat' dir='ltr'>pau-</span> 
     </span>
     <span class='ocr_line' id='line_1_66' title="bbox 2482 2648 3981 2732; baseline 0.002 -22"><span class='ocrx_word' id='word_1_403' title='bbox 2482 2667 2576 2722; x_wconf 87' lang='lat' dir='ltr'>ca,</span> <span class='ocrx_word' id='word_1_404' title='bbox 2609 2648 2995 2711; x_wconf 84' lang='lat' dir='ltr'>Erraverunt</span> <span class='ocrx_word' id='word_1_405' title='bbox 3036 2651 3099 2711; x_wconf 94' lang='lat' dir='ltr'>in</span> <span class='ocrx_word' id='word_1_406' title='bbox 3140 2651 3505 2725; x_wconf 90' lang='lat' dir='ltr'>solitudine,</span> <span class='ocrx_word' id='word_1_407' title='bbox 3540 2651 3604 2712; x_wconf 93' lang='lat' dir='ltr'>in</span> <span class='ocrx_word' id='word_1_408' title='bbox 3649 2651 3981 2732; x_wconf 81' lang='lat' dir='ltr'>inaquoso,</span> 
     </span>
     <span class='ocr_line' id='line_1_67' title="bbox 2480 2747 3981 2822; baseline 0.001 -14"><span class='ocrx_word' id='word_1_409' title='bbox 2480 2747 2651 2809; x_wconf 91' lang='lat' dir='ltr'>viam</span> <span class='ocrx_word' id='word_1_410' title='bbox 2695 2747 2970 2810; x_wconf 84' lang='lat' dir='ltr'>civitatis</span> <span class='ocrx_word' id='word_1_411' title='bbox 3012 2748 3357 2810; x_wconf 89' lang='lat' dir='ltr'>habitaculi</span> <span class='ocrx_word' id='word_1_412' title='bbox 3401 2767 3528 2812; x_wconf 91' lang='lat' dir='ltr'>non</span> <span class='ocrx_word' id='word_1_413' title='bbox 3574 2750 3981 2822; x_wconf 85' lang='lat' dir='ltr'>invenerunt,</span> 
     </span>
     <span class='ocr_line' id='line_1_68' title="bbox 2482 2846 3983 2920; baseline 0.001 -13"><span class='ocrx_word' id='word_1_414' title='bbox 2482 2846 2833 2908; x_wconf 88' lang='lat' dir='ltr'>esurientes</span> <span class='ocrx_word' id='word_1_415' title='bbox 2891 2854 2952 2907; x_wconf 89' lang='lat' dir='ltr'>et</span> <span class='ocrx_word' id='word_1_416' title='bbox 3011 2847 3319 2920; x_wconf 88' lang='lat' dir='ltr'>sitientes,</span> <span class='ocrx_word' id='word_1_417' title='bbox 3369 2848 3583 2910; x_wconf 88' lang='lat' dir='ltr'>anima</span> <span class='ocrx_word' id='word_1_418' title='bbox 3640 2866 3860 2910; x_wconf 89' lang='lat' dir='ltr'>eorum</span> <span class='ocrx_word' id='word_1_419' title='bbox 3914 2848 3983 2909; x_wconf 91' lang='lat' dir='ltr'>in</span> 
     </span>
     <span class='ocr_line' id='line_1_69' title="bbox 2486 2944 3987 3026; baseline 0.001 -21"><span class='ocrx_word' id='word_1_420' title='bbox 2486 2944 2641 3026; x_wconf 93' lang='lat' dir='ltr'>ipsis</span> <span class='ocrx_word' id='word_1_421' title='bbox 2694 2944 2929 3006; x_wconf 91' lang='lat' dir='ltr'>defecit</span> <span class='ocrx_word' id='word_1_422' title='bbox 2972 2962 2987 3023; x_wconf 83' lang='lat'><em>3</em></span> <span class='ocrx_word' id='word_1_423' title='bbox 3037 2953 3101 3006; x_wconf 90' lang='lat' dir='ltr'>et</span> <span class='ocrx_word' id='word_1_424' title='bbox 3152 2945 3586 3008; x_wconf 82' lang='lat' dir='ltr'>clamaverunt</span> <span class='ocrx_word' id='word_1_425' title='bbox 3640 2946 3716 3008; x_wconf 87' lang='lat' dir='ltr'>ad</span> <span class='ocrx_word' id='word_1_426' title='bbox 3771 2945 3987 3008; x_wconf 90' lang='lat' dir='ltr'>Domi-</span> 
     </span>
    </p>
   </div>
   <div class='ocr_carea' id='block_1_15' title="bbox 4038 2373 4285 2420">
    <p class='ocr_par' dir='ltr' id='par_1_19' title="bbox 4038 2373 4285 2420">
     <span class='ocr_line' id='line_1_70' title="bbox 4038 2373 4285 2420; baseline -0.004 -5"><span class='ocrx_word' id='word_1_427' title='bbox 4038 2373 4133 2416; x_wconf 68' lang='lat' dir='ltr'>Pa.</span> <span class='ocrx_word' id='word_1_428' title='bbox 4148 2387 4231 2420; x_wconf 63' lang='lat' dir='ltr'>cvi,</span> <span class='ocrx_word' id='word_1_429' title='bbox 4246 2377 4285 2415; x_wconf 72' lang='lat'>2.</span> 
     </span>
    </p>
   </div>
   <div class='ocr_carea' id='block_1_16' title="bbox 4054 2665 4321 2709">
    <p class='ocr_par' dir='ltr' id='par_1_20' title="bbox 4054 2665 4321 2709">
     <span class='ocr_line' id='line_1_71' title="bbox 4054 2665 4321 2709; baseline -0.011 0"><span class='ocrx_word' id='word_1_430' title='bbox 4054 2667 4184 2709; x_wconf 72' lang='lat' dir='ltr'>Ibid.</span> <span class='ocrx_word' id='word_1_431' title='bbox 4206 2671 4290 2709; x_wconf 66' lang='lat'><strong>4-6.</strong></span> <span class='ocrx_word' id='word_1_432' title='bbox 4319 2665 4321 2668; x_wconf 78' lang='grc'><strong>’</strong></span> 
     </span>
    </p>
   </div>
   <div class='ocr_carea' id='block_1_17' title="bbox 2410 3042 3988 3124">
    <p class='ocr_par' dir='ltr' id='par_1_21' title="bbox 2410 3042 3988 3124">
     <span class='ocr_line' id='line_1_72' title="bbox 2410 3042 3988 3124; baseline -0.001 -18"><span class='ocrx_word' id='word_1_433' title='bbox 2410 3043 2455 3106; x_wconf 89' lang='lat' dir='ltr'>C</span> <span class='ocrx_word' id='word_1_434' title='bbox 2487 3062 2641 3105; x_wconf 91' lang='lat' dir='ltr'>num</span> <span class='ocrx_word' id='word_1_435' title='bbox 2689 3062 2890 3124; x_wconf 91' lang='lat' dir='ltr'>quum</span> <span class='ocrx_word' id='word_1_436' title='bbox 2939 3042 3419 3119; x_wconf 86' lang='lat' dir='ltr'>tribularentur,</span> <span class='ocrx_word' id='word_1_437' title='bbox 3473 3053 3537 3106; x_wconf 90' lang='lat' dir='ltr'>et</span> <span class='ocrx_word' id='word_1_438' title='bbox 3584 3045 3661 3106; x_wconf 90' lang='lat' dir='ltr'>de</span> <span class='ocrx_word' id='word_1_439' title='bbox 3710 3043 3988 3106; x_wconf 86' lang='lat' dir='ltr'>necessi-</span> 
     </span>
    </p>
   </div>
   <div class='ocr_carea' id='block_1_18' title="bbox 2482 3141 4321 3914">
    <p class='ocr_par' dir='ltr' id='par_1_22' title="bbox 2482 3141 4311 3522">
     <span class='ocr_line' id='line_1_73' title="bbox 2486 3141 3985 3216; baseline 0.001 -14"><span class='ocrx_word' id='word_1_440' title='bbox 2486 3141 2722 3203; x_wconf 87' lang='lat' dir='ltr'>tatibus</span> <span class='ocrx_word' id='word_1_441' title='bbox 2772 3160 2994 3203; x_wconf 91' lang='lat' dir='ltr'>eorum</span> <span class='ocrx_word' id='word_1_442' title='bbox 3046 3142 3341 3204; x_wconf 90' lang='lat' dir='ltr'>liberavit</span> <span class='ocrx_word' id='word_1_443' title='bbox 3389 3161 3516 3206; x_wconf 89' lang='lat' dir='ltr'>eos.</span> <span class='ocrx_word' id='word_1_444' title='bbox 3569 3143 3733 3216; x_wconf 87' lang='lat' dir='ltr'>Quos</span> <span class='ocrx_word' id='word_1_445' title='bbox 3784 3143 3985 3204; x_wconf 82' lang='lat' dir='ltr'>etiam</span> 
     </span>
     <span class='ocr_line' id='line_1_74' title="bbox 2482 3239 4311 3322; baseline 0.005 -22"><span class='ocrx_word' id='word_1_446' title='bbox 2482 3239 2787 3301; x_wconf 87' lang='lat' dir='ltr'>Jeremias</span> <span class='ocrx_word' id='word_1_447' title='bbox 2840 3239 2926 3301; x_wconf 87' lang='lat' dir='ltr'>ita</span> <span class='ocrx_word' id='word_1_448' title='bbox 2974 3239 3279 3302; x_wconf 88' lang='lat' dir='ltr'>describit</span> <span class='ocrx_word' id='word_1_449' title='bbox 3330 3261 3343 3305; x_wconf 92' lang='lat'>:</span> <span class='ocrx_word' id='word_1_450' title='bbox 3396 3241 3623 3304; x_wconf 85' lang='lat' dir='ltr'>Beatus</span> <span class='ocrx_word' id='word_1_451' title='bbox 3672 3241 3780 3322; x_wconf 90' lang='lat' dir='ltr'>qui</span> <span class='ocrx_word' id='word_1_452' title='bbox 3833 3240 3987 3303; x_wconf 89' lang='lat' dir='ltr'>tulit</span> <span class='ocrx_word' id='word_1_453' title='bbox 4052 3263 4311 3310; x_wconf 43' lang='lat' dir='ltr'>ramni..</span> 
     </span>
     <span class='ocr_line' id='line_1_75' title="bbox 2482 3330 4203 3419; baseline 0.002 -20"><span class='ocrx_word' id='word_1_454' title='bbox 2482 3338 2707 3419; x_wconf 87' lang='lat' dir='ltr'>jugum</span> <span class='ocrx_word' id='word_1_455' title='bbox 2768 3338 3021 3400; x_wconf 91' lang='lat' dir='ltr'>Domini</span> <span class='ocrx_word' id='word_1_456' title='bbox 3070 3338 3149 3400; x_wconf 92' lang='lat' dir='ltr'>ab</span> <span class='ocrx_word' id='word_1_457' title='bbox 3198 3339 3626 3402; x_wconf 88' lang='lat' dir='ltr'>adolescentia</span> <span class='ocrx_word' id='word_1_458' title='bbox 3682 3357 3837 3419; x_wconf 87' lang='lat' dir='ltr'>sua;</span> <span class='ocrx_word' id='word_1_459' title='bbox 3888 3357 3989 3402; x_wconf 82' lang='lat' dir='ltr'>se·</span> <span class='ocrx_word' id='word_1_460' title='bbox 4018 3330 4203 3374; x_wconf 54' lang='lat'><strong>²²²⁸·</strong></span> 
     </span>
     <span class='ocr_line' id='line_1_76' title="bbox 2485 3438 3985 3522; baseline 0.002 -23"><span class='ocrx_word' id='word_1_461' title='bbox 2485 3438 2659 3500; x_wconf 92' lang='lat' dir='ltr'>debit</span> <span class='ocrx_word' id='word_1_462' title='bbox 2701 3439 3020 3500; x_wconf 88' lang='lat' dir='ltr'>solitarius</span> <span class='ocrx_word' id='word_1_463' title='bbox 3058 3447 3120 3500; x_wconf 88' lang='lat' dir='ltr'>et</span> <span class='ocrx_word' id='word_1_464' title='bbox 3162 3439 3416 3513; x_wconf 89' lang='lat' dir='ltr'>tacebit,</span> <span class='ocrx_word' id='word_1_465' title='bbox 3451 3441 3605 3522; x_wconf 90' lang='lat' dir='ltr'>quia</span> <span class='ocrx_word' id='word_1_466' title='bbox 3643 3439 3875 3502; x_wconf 88' lang='lat' dir='ltr'>levavit</span> <span class='ocrx_word' id='word_1_467' title='bbox 3914 3459 3985 3502; x_wconf 87' lang='lat' dir='ltr'>se</span> 
     </span>
    </p>

    <p class='ocr_par' dir='ltr' id='par_1_23' title="bbox 2487 3537 4321 3815">
     <span class='ocr_line' id='line_1_77' title="bbox 2487 3537 4321 3618; baseline 0.001 -21"><span class='ocrx_word' id='word_1_468' title='bbox 2487 3555 2679 3618; x_wconf 91' lang='lat' dir='ltr'>super</span> <span class='ocrx_word' id='word_1_469' title='bbox 2736 3555 2821 3598; x_wconf 91' lang='lat' dir='ltr'>se.</span> <span class='ocrx_word' id='word_1_470' title='bbox 2870 3537 2987 3610; x_wconf 88' lang='lat' dir='ltr'>Qui</span> <span class='ocrx_word' id='word_1_471' title='bbox 3046 3556 3194 3599; x_wconf 91' lang='lat' dir='ltr'>cum</span> <span class='ocrx_word' id='word_1_472' title='bbox 3251 3538 3580 3600; x_wconf 77' lang='lat' dir='ltr'>psalmista</span> <span class='ocrx_word' id='word_1_473' title='bbox 3636 3537 3987 3600; x_wconf 91' lang='lat' dir='ltr'>concinunt</span> <span class='ocrx_word' id='word_1_474' title='bbox 4319 3603 4321 3606; x_wconf 69' lang='grc'><strong>,</strong></span> 
     </span>
     <span class='ocr_line' id='line_1_78' title="bbox 2488 3635 4321 3718; baseline 0.003 -21"><span class='ocrx_word' id='word_1_475' title='bbox 2488 3653 2678 3717; x_wconf 89' lang='lat' dir='ltr'>opere</span> <span class='ocrx_word' id='word_1_476' title='bbox 2716 3644 2781 3698; x_wconf 89' lang='lat' dir='ltr'>et</span> <span class='ocrx_word' id='word_1_477' title='bbox 2817 3635 3057 3697; x_wconf 90' lang='lat' dir='ltr'>affectu</span> <span class='ocrx_word' id='word_1_478' title='bbox 3100 3653 3113 3698; x_wconf 92' lang='lat'>:</span> <span class='ocrx_word' id='word_1_479' title='bbox 3162 3637 3401 3699; x_wconf 89' lang='lat' dir='ltr'>Similis</span> <span class='ocrx_word' id='word_1_480' title='bbox 3442 3636 3647 3699; x_wconf 87' lang='lat' dir='ltr'>factus</span> <span class='ocrx_word' id='word_1_481' title='bbox 3690 3654 3833 3699; x_wconf 89' lang='lat' dir='ltr'>sum</span> <span class='ocrx_word' id='word_1_482' title='bbox 3877 3655 3987 3718; x_wconf 88' lang='lat' dir='ltr'>pe-</span> <span class='ocrx_word' id='word_1_483' title='bbox 4018 3657 4115 3700; x_wconf 64' lang='grc' dir='ltr'>Ρ..</span> <span class='ocrx_word' id='word_1_484' title='bbox 4140 3651 4321 3707; x_wconf 45' lang='lat' dir='ltr'>mmai</span> 
     </span>
     <span class='ocr_line' id='line_1_79' title="bbox 2489 3733 3985 3815; baseline 0.001 -20"><span class='ocrx_word' id='word_1_485' title='bbox 2489 3734 2695 3796; x_wconf 86' lang='lat' dir='ltr'>licano</span> <span class='ocrx_word' id='word_1_486' title='bbox 2744 3733 3129 3808; x_wconf 84' lang='lat' dir='ltr'>solitudiniS,</span> <span class='ocrx_word' id='word_1_487' title='bbox 3172 3734 3430 3815; x_wconf 88' lang='lat' dir='ltr'>vigilavi</span> <span class='ocrx_word' id='word_1_488' title='bbox 3474 3743 3537 3797; x_wconf 90' lang='lat' dir='ltr'>et</span> <span class='ocrx_word' id='word_1_489' title='bbox 3586 3734 3787 3797; x_wconf 85' lang='lat' dir='ltr'>factus</span> <span class='ocrx_word' id='word_1_490' title='bbox 3836 3754 3985 3796; x_wconf 89' lang='lat' dir='ltr'>sum</span> 
     </span>
    </p>

    <p class='ocr_par' dir='ltr' id='par_1_24' title="bbox 2492 3832 3474 3914">
     <span class='ocr_line' id='line_1_80' title="bbox 2492 3832 3474 3914; baseline 0.001 -21"><span class='ocrx_word' id='word_1_491' title='bbox 2492 3832 2658 3893; x_wconf 92' lang='lat' dir='ltr'>sicut</span> <span class='ocrx_word' id='word_1_492' title='bbox 2701 3851 2919 3914; x_wconf 88' lang='lat' dir='ltr'>passer</span> <span class='ocrx_word' id='word_1_493' title='bbox 2962 3832 3305 3907; x_wconf 89' lang='lat' dir='ltr'>solitarius,</span> <span class='ocrx_word' id='word_1_494' title='bbox 3352 3842 3474 3896; x_wconf 91' lang='lat' dir='ltr'>etc.</span> 
     </span>
    </p>
   </div>
   <div class='ocr_carea' id='block_1_19' title="bbox 2878 4088 3599 4153">
    <p class='ocr_par' dir='ltr' id='par_1_25' title="bbox 2878 4088 3599 4153">
     <span class='ocr_line' id='line_1_81' title="bbox 2878 4088 3599 4153; baseline 0 -2"><span class='ocrx_word' id='word_1_495' title='bbox 2878 4088 3386 4152; x_wconf 81' lang='lat' dir='ltr'>CAPITULUM</span> <span class='ocrx_word' id='word_1_496' title='bbox 3452 4090 3599 4153; x_wconf 88' lang='lat' dir='ltr'>VII.</span> 
     </span>
    </p>
   </div>
   <div class='ocr_carea' id='block_1_20' title="bbox 2750 4228 3735 4300">
    <p class='ocr_par' dir='ltr' id='par_1_26' title="bbox 2750 4228 3735 4300">
     <span class='ocr_line' id='line_1_82' title="bbox 2750 4228 3735 4300; baseline 0.004 -18"><span class='ocrx_word' id='word_1_497' title='bbox 2750 4228 2836 4282; x_wconf 86' lang='lat' dir='ltr'>De</span> <span class='ocrx_word' id='word_1_498' title='bbox 2874 4228 3194 4300; x_wconf 80' lang='lat' dir='ltr'>principio</span> <span class='ocrx_word' id='word_1_499' title='bbox 3238 4229 3735 4287; x_wconf 77' lang='lat' dir='ltr'>Sarabaitarnm.</span> 
     </span>
    </p>
   </div>
   <div class='ocr_carea' id='block_1_21' title="bbox 2493 4423 4321 5397">
    <p class='ocr_par' dir='ltr' id='par_1_27' title="bbox 2493 4423 4321 5397">
     <span class='ocr_line' id='line_1_83' title="bbox 2639 4427 3995 4510; baseline 0.001 -21"><span class='ocrx_word' id='word_1_500' title='bbox 2639 4427 2952 4500; x_wconf 76' lang='lat' dir='ltr'>UUMQUE</span> <span class='ocrx_word' id='word_1_501' title='bbox 3010 4427 3233 4508; x_wconf 88' lang='lat' dir='ltr'>religio</span> <span class='ocrx_word' id='word_1_502' title='bbox 3291 4427 3636 4491; x_wconf 85' lang='lat' dir='ltr'>christiana</span> <span class='ocrx_word' id='word_1_503' title='bbox 3691 4430 3995 4510; x_wconf 86' lang='lat' dir='ltr'>gauderet</span> 
     </span>
     <span class='ocr_line' id='line_1_84' title="bbox 2502 4423 3995 4622; baseline 0.004 -38"><span class='ocrx_word' id='word_1_504' title='bbox 2502 4423 2755 4622; x_wconf 80' lang='lat' dir='ltr'>ths</span> <span class='ocrx_word' id='word_1_505' title='bbox 2806 4525 3051 4587; x_wconf 87' lang='lat' dir='ltr'>duabus</span> <span class='ocrx_word' id='word_1_506' title='bbox 3103 4524 3607 4607; x_wconf 90' lang='lat' dir='ltr'>professionibus</span> <span class='ocrx_word' id='word_1_507' title='bbox 3660 4527 3995 4591; x_wconf 88' lang='lat' dir='ltr'>monacho—</span> 
     </span>
     <span class='ocr_line' id='line_1_85' title="bbox 2496 4624 3997 4705; baseline 0.003 -20"><span class='ocrx_word' id='word_1_508' title='bbox 2496 4642 2661 4696; x_wconf 89' lang='lat' dir='ltr'>rum,</span> <span class='ocrx_word' id='word_1_509' title='bbox 2704 4625 2897 4705; x_wconf 89' lang='lat' dir='ltr'>coepit</span> <span class='ocrx_word' id='word_1_510' title='bbox 2936 4633 2995 4685; x_wconf 84' lang='lat' dir='ltr'>et</span> <span class='ocrx_word' id='word_1_511' title='bbox 3037 4624 3191 4686; x_wconf 90' lang='lat' dir='ltr'>ordo</span> <span class='ocrx_word' id='word_1_512' title='bbox 3233 4625 3349 4686; x_wconf 89' lang='lat' dir='ltr'>iste</span> <span class='ocrx_word' id='word_1_513' title='bbox 3391 4625 3455 4686; x_wconf 89' lang='lat' dir='ltr'>in</span> <span class='ocrx_word' id='word_1_514' title='bbox 3497 4625 3773 4689; x_wconf 84' lang='lat' dir='ltr'>deterius</span> <span class='ocrx_word' id='word_1_515' title='bbox 3816 4627 3997 4689; x_wconf 83' lang='lat' dir='ltr'>cade-</span> 
     </span>
     <span class='ocr_line' id='line_1_86' title="bbox 2495 4722 3997 4803; baseline 0.002 -19"><span class='ocrx_word' id='word_1_516' title='bbox 2495 4741 2582 4795; x_wconf 90' lang='lat' dir='ltr'>re,</span> <span class='ocrx_word' id='word_1_517' title='bbox 2617 4722 3003 4803; x_wconf 88' lang='lat' dir='ltr'>emersitque</span> <span class='ocrx_word' id='word_1_518' title='bbox 3035 4722 3195 4784; x_wconf 86' lang='lat' dir='ltr'>illud</span> <span class='ocrx_word' id='word_1_519' title='bbox 3235 4724 3635 4786; x_wconf 51' lang='lat' dir='ltr'>&#39;teterrimum</span> <span class='ocrx_word' id='word_1_520' title='bbox 3672 4732 3737 4786; x_wconf 89' lang='lat' dir='ltr'>et</span> <span class='ocrx_word' id='word_1_521' title='bbox 3772 4724 3997 4788; x_wconf 83' lang='lat' dir='ltr'>infide·</span> 
     </span>
     <span class='ocr_line' id='line_1_87' title="bbox 2496 4819 3993 4904; baseline 0.004 -24"><span class='ocrx_word' id='word_1_522' title='bbox 2496 4820 2552 4881; x_wconf 92' lang='lat' dir='ltr'>le</span> <span class='ocrx_word' id='word_1_523' title='bbox 2600 4839 2802 4901; x_wconf 89' lang='lat' dir='ltr'>genus</span> <span class='ocrx_word' id='word_1_524' title='bbox 2854 4819 3333 4894; x_wconf 88' lang='lat' dir='ltr'>monachorum,</span> <span class='ocrx_word' id='word_1_525' title='bbox 3386 4821 3487 4884; x_wconf 91' lang='lat' dir='ltr'>vel</span> <span class='ocrx_word' id='word_1_526' title='bbox 3541 4824 3750 4904; x_wconf 89' lang='lat' dir='ltr'>potius</span> <span class='ocrx_word' id='word_1_527' title='bbox 3804 4825 3993 4886; x_wconf 82' lang='lat' dir='ltr'>noxia</span> 
     </span>
     <span class='ocr_line' id='line_1_88' title="bbox 2496 4919 4321 5003; baseline 0.005 -23"><span class='ocrx_word' id='word_1_528' title='bbox 2496 4919 2604 4980; x_wconf 89' lang='lat' dir='ltr'>illa</span> <span class='ocrx_word' id='word_1_529' title='bbox 2654 4919 2960 5000; x_wconf 89' lang='lat' dir='ltr'>plantatio</span> <span class='ocrx_word' id='word_1_530' title='bbox 3008 4919 3293 4982; x_wconf 90' lang='lat' dir='ltr'>rediviva</span> <span class='ocrx_word' id='word_1_531' title='bbox 3342 4922 3686 4995; x_wconf 78' lang='lat' dir='ltr'>concrevit,</span> <span class='ocrx_word' id='word_1_532' title='bbox 3731 4941 3871 5003; x_wconf 79' lang='lat' dir='ltr'>quae</span> <span class='ocrx_word' id='word_1_533' title='bbox 3924 4924 3990 4986; x_wconf 92' lang='lat' dir='ltr'>in</span> <span class='ocrx_word' id='word_1_534' title='bbox 4319 4987 4321 4990; x_wconf 84' lang='lat'>.</span> 
     </span>
     <span class='ocr_line' id='line_1_89' title="bbox 2494 5017 4321 5101; baseline 0.006 -22"><span class='ocrx_word' id='word_1_535' title='bbox 2494 5019 2752 5080; x_wconf 87' lang='lat' dir='ltr'>exordio</span> <span class='ocrx_word' id='word_1_536' title='bbox 2802 5017 3100 5081; x_wconf 82' lang='lat' dir='ltr'>Ecclesiae</span> <span class='ocrx_word' id='word_1_537' title='bbox 3150 5019 3471 5100; x_wconf 90' lang='lat' dir='ltr'>pullulans</span> <span class='ocrx_word' id='word_1_538' title='bbox 3523 5039 3637 5101; x_wconf 92' lang='lat' dir='ltr'>per</span> <span class='ocrx_word' id='word_1_539' title='bbox 3678 5021 3989 5084; x_wconf 83' lang='lat' dir='ltr'>Ananiam</span> <span class='ocrx_word' id='word_1_540' title='bbox 4021 5029 4321 5090; x_wconf 47' lang='lat' dir='ltr'>Acta-,2404</span> 
     </span>
     <span class='ocr_line' id='line_1_90' title="bbox 2494 5117 3992 5200; baseline 0.004 -23"><span class='ocrx_word' id='word_1_541' title='bbox 2494 5125 2555 5178; x_wconf 90' lang='lat' dir='ltr'>et</span> <span class='ocrx_word' id='word_1_542' title='bbox 2604 5117 2959 5198; x_wconf 88' lang='lat' dir='ltr'>Saphiram,</span> <span class='ocrx_word' id='word_1_543' title='bbox 3005 5119 3251 5180; x_wconf 88' lang='lat' dir='ltr'>succisa</span> <span class='ocrx_word' id='word_1_544' title='bbox 3301 5127 3397 5180; x_wconf 90' lang='lat' dir='ltr'>est</span> <span class='ocrx_word' id='word_1_545' title='bbox 3446 5119 3652 5200; x_wconf 92' lang='lat' dir='ltr'>rigore</span> <span class='ocrx_word' id='word_1_546' title='bbox 3706 5120 3992 5183; x_wconf 85' lang='lat' dir='ltr'>beatissi-</span> 
     </span>
     <span class='ocr_line' id='line_1_91' title="bbox 2498 5215 3990 5298; baseline 0.003 -21"><span class='ocrx_word' id='word_1_547' title='bbox 2498 5215 2585 5277; x_wconf 92' lang='lat' dir='ltr'>mi</span> <span class='ocrx_word' id='word_1_548' title='bbox 2636 5216 2795 5278; x_wconf 81' lang='lat' dir='ltr'>Petri</span> <span class='ocrx_word' id='word_1_549' title='bbox 2850 5215 3118 5297; x_wconf 84' lang='lat' dir='ltr'>apostoli</span> <span class='ocrx_word' id='word_1_550' title='bbox 3172 5233 3186 5277; x_wconf 90' lang='lat'><strong>:</strong></span> <span class='ocrx_word' id='word_1_551' title='bbox 3239 5234 3381 5298; x_wconf 81' lang='lat' dir='ltr'>quae</span> <span class='ocrx_word' id='word_1_552' title='bbox 3430 5217 3595 5280; x_wconf 90' lang='lat' dir='ltr'>inter</span> <span class='ocrx_word' id='word_1_553' title='bbox 3645 5219 3990 5282; x_wconf 86' lang='lat' dir='ltr'>monachos</span> 
     </span>
     <span class='ocr_line' id='line_1_92' title="bbox 2493 5314 3991 5397; baseline 0.003 -22"><span class='ocrx_word' id='word_1_554' title='bbox 2493 5314 2770 5397; x_wconf 86' lang='lat' dir='ltr'>judicata</span> <span class='ocrx_word' id='word_1_555' title='bbox 2803 5323 2899 5376; x_wconf 90' lang='lat' dir='ltr'>est</span> <span class='ocrx_word' id='word_1_556' title='bbox 2930 5314 3321 5376; x_wconf 82' lang='lat' dir='ltr'>detestabilis</span> <span class='ocrx_word' id='word_1_557' title='bbox 3350 5323 3409 5376; x_wconf 88' lang='lat' dir='ltr'>et</span> <span class='ocrx_word' id='word_1_558' title='bbox 3441 5317 3847 5392; x_wconf 83' lang='lat' dir='ltr'>exsecranda,</span> <span class='ocrx_word' id='word_1_559' title='bbox 3870 5338 3991 5381; x_wconf 88' lang='lat' dir='ltr'>nec</span> 
     </span>
    </p>
   </div>
   <div class='ocr_carea' id='block_1_22' title="bbox 4318 5233 4322 5770">
    <p class='ocr_par' dir='ltr' id='par_1_28' title="bbox 4318 5233 4322 5770">
     <span class='ocr_line' id='line_1_93' title="bbox 4318 5233 4322 5770; baseline 0 0"><span class='ocrx_word' id='word_1_560' title='bbox 4318 5233 4322 5770; x_wconf 95' lang='lat' dir='ltr'> </span> 
     </span>
    </p>
   </div>
  </div>
 </body>
</html>
