4359 6267
145 1597 331 1688 gattam.

175 3108 256 3152 Itu.
273 3126 341 3163 xm,

155 3173 344 3226 ΙδῑΙιπιΛθ.

1010 526 1428 577 coLLATtounM
1470 530 1555 575 SS.
1590 524 1834 574 PATRUM
1875 525 2050 573 LIBER
2091 523 2151 572 11.
2198 545 2279 555 ·-··
2319 521 2604 574 COLLATlo
2646 525 2750 573 xlv

3306 501 3427 571 313

351 717 508 760 suam
561 718 688 762 non
731 702 906 764 dedit
945 701 1025 762 ad
1067 720 1347 763 usuram.
1391 699 1609 762 Omnis
1654 699 1825 761 enim
1855 699 1906 759 A
1932 697 2061 779 jus,
2094 706 2158 760 et
2186 697 2449 760 auribus
2486 698 2762 779 graviter
2795 697 3157 769 audierunt,
3187 704 3251 758 et
3283 714 3429 759 ocu-

352 797 445 877 qui
481 817 697 862 amore
739 799 944 862 laudis
983 799 1278 862 humanae
1317 807 1532 880 erogat
1561 799 1673 861 Dei
1705 798 1829 860 elo-
1939 796 2030 858 los
2061 814 2211 859 suos
2242 803 2776 878 compresserunt,
2812 796 3146 878 nequando
3174 795 3431 857 videant

353 991 585 1055 Domini
629 994 884 1076 eloquia
927 1003 1118 1069 casta,
1155 1003 1302 1070 etc.,
1343 995 1682 1077 pecuniam
1726 1013 1827 1054 su-

351 1109 440 1152 am
475 1092 581 1154 dat
609 1092 688 1155 ad
728 1113 1008 1168 usuram,
1041 1102 1104 1156 et
1136 1112 1252 1176 pro
1282 1094 1403 1156 hoc
1433 1102 1828 1156 mercaturus

352 1197 582 1253 estnon
623 1192 828 1254 solum
863 1192 1104 1254 nullam
1148 1192 1422 1266 laudem,
1455 1192 1565 1255 sed
1596 1199 1830 1255 aeterna

353 1305 586 1370 quoque
625 1289 984 1371 supplicia:
1019 1291 1172 1372 quia
1205 1291 1544 1373 pecuniam
1584 1289 1828 1353 domini

353 1385 437 1446 sui
476 1388 832 1469 expendere
877 1389 1102 1451 maluit
1139 1399 1210 1452 ut
1249 1409 1326 1452 ex
1367 1409 1442 1452 ea
1484 1407 1830 1469 conseque-

354 1491 509 1546 retur
550 1487 964 1569 temporalem
1015 1489 1394 1562 mercedem,
1439 1507 1564 1551 non
1613 1495 1682 1548 ut
1725 1488 1829 1549 do-

357 1581 546 1646 minus
588 1582 731 1665 ejus
774 1585 1038 1648 veniens
1087 1586 1418 1669 reciperet,
1461 1586 1626 1649 sicut
1674 1585 1827 1648 scri-

357 1687 516 1760 ptum
557 1689 676 1756 est,
717 1684 887 1765 quod
930 1703 1120 1746 suum
1161 1693 1259 1748 est
1300 1704 1446 1747 cum
1491 1703 1702 1748 usura.

672 1939 1176 2004 CAPITULUM
1236 1941 1486 2004 XVIII.

457 2087 681 2154 Quibus
707 2104 790 2143 ex
813 2089 1016 2144 causis
1045 2087 1400 2161 spiritualia
1427 2088 1710 2144 doctrina

803 2177 916 2247 fiat
944 2176 1349 2248 infructuosa.

481 2372 720 2436 UABUS
766 2374 844 2435 de
892 2373 1099 2436 causis
1147 2373 1434 2435 doctrina
1490 2374 1831 2455 spirituali-

507 2491 610 2533 um
671 2490 884 2534 rerum
943 2471 1020 2534 fit
1078 2471 1474 2534 infructuosa
1526 2489 1540 2534 :
1597 2472 1826 2554 primo,

361 2569 638 2650 quoniam
697 2569 806 2632 ille
855 2570 965 2652 qui
1012 2571 1220 2642 docet,
1274 2571 1628 2652 inexperta,
1661 2590 1829 2634 com-

361 2667 664 2742 mendans,
683 2669 909 2731 nititur
938 2669 1253 2732 instruere
1282 2668 1638 2732 auditorem
1670 2689 1832 2733 vano

360 2782 498 2829 sono
525 2766 898 2846 verborum3
932 2768 1233 2842 secund0‚
1268 2768 1418 2849 quia
1446 2768 1698 2831 auditor
1729 2787 1831 2830 ne—

363 2882 534 2946 quam
563 2864 865 2947 vitiisque
904 2865 1186 2948 repletus
1225 2865 1454 2948 recipit
1495 2867 1682 2929 corde
1723 2867 1833 2929 ob-

363 2961 562 3026 durato
607 2963 946 3027 salutarem
1005 2983 1080 3027 ac
1139 2972 1421 3028 sanctam
1481 2965 1832 3047 spiritualis

187 929 201 955 ι
277 917 308 957 ⁷.
352 895 502 974 quia,
563 897 643 959 de
701 899 936 980 quihus
999 899 1088 960 ait
1149 898 1500 972 Psalmista,
1563 896 1830 978 Eloquia
1937 896 2140 958 oculis
2193 896 2325 957 suis
2373 903 2438 956 et
2485 895 2749 956 auribus
2798 895 3077 968 audiant,
3130 902 3192 956 et
3244 892 3431 955 corde

1942 994 2318 1075 intelligant,
2352 1001 2415 1055 et
2450 1000 2919 1066 convertantur,
2952 1000 3015 1054 et
3048 1010 3266 1054 sanem
3301 1009 3427 1052 eos,

2310 1247 2814 1312 CAPITULUM
2875 1248 3039 1311 XIX
3052 1296 3066 1310 .

1939 1399 2110 1467 Quod
2137 1398 2389 1470 indigni
2425 1398 2786 1471 quandoque
2822 1397 3132 1469 recipiant
3156 1396 3427 1468 qratiam

2374 1489 2665 1543 sermonis
2702 1487 2992 1543 salubris,

2012 1685 2417 1748 NTERDUM
2466 1692 2678 1746 tamen
2737 1689 3069 1765 praestatur
3119 1681 3425 1745 munifica

2031 1782 2407 1846 liberalitate
2435 1781 2889 1864 dispensatoris
2920 1781 3119 1843 nostri
3150 1781 3284 1855 Dei,
3312 1780 3423 1862 qui
3454 1798 3717 1850 irin-..na

1859 1882 1907 1943 B
1935 1900 2154 1945 omnes
2214 1880 2506 1943 homines
2564 1879 2702 1942 vult
2758 1880 2964 1942 salvos
3022 1878 3167 1941 fieri
3226 1887 3290 1942 et
3346 1880 3424 1941 ad

1933 1981 2323 2062 agnitionem
2354 1978 2638 2041 veritatis
2670 1978 2907 2053 venire,
2942 1985 3013 2040 ut
3046 1978 3099 2040 is
3135 1978 3243 2060 qui
3287 1997 3429 2060 pra-

1935 2100 2013 2142 va
2036 2079 2513 2142 conversatione
2544 2077 2877 2159 indignum
2908 2096 2974 2140 se
3001 2076 3275 2159 praebuit
3301 2097 3444 2160 grag

1935 2180 2023 2241 tia
2061 2178 2443 2260 evangelicae
2483 2177 2972 2258 praedicationi&
3011 2185 3436 2258 consequatur

1936 2277 2203 2359 gratiam
2262 2275 2565 2339 doctrinae
2624 2292 2739 2356 pro
2797 2275 3145 2337 multorum
3206 2274 3428 2336 salute.

1938 2377 2126 2440 Porro
2166 2394 2338 2437 nunc
2381 2391 2776 2455 consequens
2815 2380 2931 2447 est,
2969 2379 3037 2434 ut
3072 2373 3267 2435 simili
3308 2373 3434 2435 dis-

1939 2475 2266 2556 putatione
2318 2473 2668 2556 pandamus
2725 2470 2961 2553 quibus
3027 2471 3231 2534 modis
3292 2489 3437 2534 con-

1940 2572 2246 2633 cedantur
2302 2571 2703 2633 curationum
2763 2569 3144 2632 charismata
3200 2569 3279 2631 ad
3329 2588 3433 2650 ex-

1942 2669 2235 2751 pellenda
2283 2668 2593 2731 daemonia
2635 2687 2648 2731 :
2691 2687 2885 2750 quam
2934 2668 3431 2750 disputationem

1941 2774 2333 2829 reservantes
2377 2767 2454 2828 ad
2494 2784 2847 2848 vesperam,
2883 2785 3053 2828 nunc
3098 2783 3434 2846 consurga-

1941 2885 2082 2927 mus
2122 2866 2200 2926 ad
2242 2865 2689 2944 resectionem3
2731 2882 2984 2946 semper
3011 2863 3186 2926 enim
3218 2864 3435 2926 effica-

1942 2965 2078 3026 cius
2127 2964 2480 3046 percipitur
2526 2963 2736 3037 corde,
2775 2961 3086 3044 quidquid
3138 2962 3433 3044 proponi-

365 3060 471 3123 viri
498 3063 866 3125 doctrinam.
901 3064 988 3126 De
1020 3063 1254 3145 quihus
1287 3063 1522 3126 dicitur
1553 3083 1667 3146 per
1694 3065 1834 3127 Pro-
1865 3067 1910 3130 C
1943 3073 2045 3126 tur
2072 3063 2312 3126 sensim
2342 3070 2406 3124 et
2432 3061 2673 3145 absque
2704 3061 3119 3124 immoderato
3149 3061 3433 3144 corporis

367 3158 598 3240 phetam
641 3181 655 3225 :
697 3162 1096 3226 Excaecatum
1146 3171 1243 3224 est
1290 3181 1400 3225 cor
1448 3163 1670 3245 populi
1717 3163 1834 3226 hu-

599 5451 657 5504 T.
691 5453 770 5506 27.

1945 3162 2176 3225 labore.
