4359 6267
597 1588 612 1631 1
628 1587 730 1632 Cor.
745 1591 856 1637 xv,3.

626 1980 780 2022 Galat.
805 1993 860 2030 w,

598 2045 636 2086 4.
661 2046 700 2084 5.

597 2275 729 2318 Dent.
749 2287 804 2328 vi,
822 2277 862 2317 4.

598 3461 866 3516 Mateh.v,8.

604 3764 715 3805 Dan.
733 3777 803 3812 xu,
826 3766 865 3806 3.

621 4157 731 4200 Osee
743 4170 785 4200 x.
803 4159 866 4206 12,

598 4221 722 4276 Juxta
749 4218 866 4262 Lxx.

885 494 1006 558 306

887 684 1375 764 dormientibus,
1410 698 1479 752 ut
1528 707 1655 753 non
1705 687 2172 751 contristemini
2222 686 2387 748 sicut
2417 686 2470 746 A
2500 687 2628 768 pho
2677 693 2933 749 cantant
2978 705 2995 748 ε
3040 687 3091 748 Α
3143 684 3453 748 mandatis
3502 683 3630 745 tuis
3680 679 4003 743 intellexi.
4041 689 4282 803 'amanus

888 791 950 845 et
995 787 1187 849 ceteri
1238 789 1348 868 qui
1401 808 1581 869 spem
1629 807 1755 850 non
1806 787 2077 866 habent3
2111 787 2162 850 si
2214 786 2385 848 enim

889 883 1207 947 credimus
1255 887 1424 968 quod
1473 888 1652 949 Jesus
1705 892 1992 948 mortuus
2040 893 2136 947 est
2184 892 2246 946 et
2293 903 2389 946 re-

888 981 1182 1055 surrexit,
1219 982 1306 1044 ita
1351 990 1414 1044 et
1461 984 1625 1045 Deus
1676 1001 1785 1045 eos
1833 983 1942 1063 qui
1993 981 2390 1045 dormierunt

889 1097 1003 1158 per
1043 1081 1257 1142 Jesum
1306 1082 1577 1144 adducet
1625 1101 1772 1144 cum
1820 1098 1915 1151 e0‚
1949 1089 2068 1142 etc.
2104 1080 2238 1153 Qua
2286 1099 2390 1140 ex-

887 1176 1242 1241 hortatione
1291 1197 1569 1260 anagoge
1613 1180 1947 1261 praefertur
1996 1187 2059 1241 et
2107 1179 2389 1240 insinua-

886 1283 1009 1336 tur.
1069 1277 1366 1340 Doctrina
1423 1279 1682 1340 demum
1744 1278 1960 1359 pandit
2022 1277 2387 1358 simplicem

887 1376 1304 1457 expositionis
1336 1375 1652 1440 historicae
1684 1377 1991 1450 ordinem,
2010 1377 2071 1438 in
2100 1395 2227 1458 qua
2256 1375 2391 1437 nul-

890 1473 988 1535 lus
1037 1473 1398 1537 intellectus
1443 1477 1744 1538 secretior
1790 1477 2150 1538 continetur
2195 1494 2386 1556 quam

890 1572 997 1652 qui
1032 1572 1246 1635 verbis
1275 1575 1677 1656 exprimitur,
1711 1583 1781 1636 ut
1816 1581 1912 1637 est
1949 1574 2106 1635 illud
2134 1592 2146 1635 :
2173 1572 2388 1634 Tradi-

889 1671 952 1732 di
997 1671 1168 1733 enim
1213 1672 1394 1734 vobis
1441 1673 1504 1735 in
1551 1674 1776 1754 primis
1820 1674 1990 1754 quod
2034 1681 2096 1734 et
2142 1671 2384 1753 accepi,

891 1770 1191 1850 quoniam
1225 1771 1510 1832 Christus
1552 1780 1839 1834 mortuus
1879 1779 1974 1833 est
2014 1789 2129 1852 pro
2165 1789 2385 1850 pecca-

1565 518 1982 566 COLLATIONUM
2025 519 2110 564 SS.
2146 519 2389 563 PATRUM
2432 517 2608 563 LIBER
2648 518 2711 562 11.
2758 535 2838 544 —
2880 515 3167 562 coLLATlo
3206 516 3313 561 xlv

2499 786 2789 848 Excoctis
2855 804 3109 867 quoque
3177 783 3579 867 passionibus
3649 781 4004 854 universiS,

2497 884 2884 946 fiducialiter
2928 884 3150 946 dicunt
3184 903 3197 946 :
3232 883 3495 946 Psallam
3537 889 3598 944 et
3639 880 4003 961 intelligam
4034 897 4095 938 Ρ,
4128 911 4163 941 c.
4186 855 4282 940 με]

2499 983 2566 1044 in
2606 983 2711 1045 via
2750 981 3176 1044 immaculata.
3212 982 3322 1045 llle
3366 981 3539 1043 enim
3580 979 3867 1062 psallens
3916 978 4009 1039 in-

2499 1082 2729 1163 telligit
2791 1102 2933 1163 quae
2996 1089 3332 1154 canuntur,
3390 1081 3497 1162 qui
3560 1098 3783 1161 gressu
3858 1077 4005 1160 puri

2499 1181 2707 1244 cordis
2758 1180 3181 1243 immaculatae
3222 1181 3342 1243 viae
3392 1179 3705 1241 innititur.
3752 1177 3907 1238 Ideo
3952 1176 4003 1238 si

2500 1298 2853 1362 praeparare-
2894 1280 3089 1343 vultis
3129 1279 3195 1341 in
3236 1279 3426 1341 corde
3461 1285 3673 1340 vestro
3707 1275 4005 1337 taberna-

2500 1378 2715 1440 culum
2762 1377 3077 1460 spirituali
3122 1376 3425 1447 scientiae,
3462 1382 3727 1458 purgate
3764 1391 3884 1436 vos
3923 1373 4007 1434 ab

2497 1478 2674 1540 omni
2727 1477 3030 1541 vitiorum
3092 1477 3488 1557 contagione,
3540 1483 3601 1537 et
3661 1473 4006 1537 saeculares

2499 1596 2682 1638 curas
2750 1576 3028 1656 abjicite.
3090 1574 3493 1658 Impossibile
3561 1592 3842 1654 namque
3909 1579 4007 1634 est

2498 1675 2775 1736 animam
2822 1673 3159 1736 mundanis
3198 1671 3696 1736 distentionibus
3726 1670 3831 1733 vel
3874 1688 4007 1732 mo-

2498 1774 2637 1836 dice
2682 1781 3078 1856 occupatam,
3113 1772 3462 1854 promereri
3508 1772 3749 1833 donum
3798 1770 4007 1832 scien-

891 1868 972 1929 tis
1013 1868 1268 1942 nostriS,
1301 1871 1652 1931 secundum
1694 1870 2088 1952 Scripturas3
2121 1877 2182 1931 et
2213 1869 2384 1951 quod
2424 1868 2469 1930 B
2498 1873 2623 1946 tiae,
2675 1880 2784 1934 aut
2842 1873 3299 1953 generatricem
3358 1869 3503 1932 fieri
3564 1868 4003 1951 spiritualium

894 1966 1124 2029 iterum
1175 1968 1484 2049 scriptum
1534 1977 1630 2030 est
1670 1987 1682 2030 ε
1721 1969 1890 2030 Misit
1937 1969 2101 2030 Deus
2151 1966 2383 2029 Filium

892 2085 1080 2127 suum
1123 2065 1362 2128 factum
1407 2086 1484 2128 ex
1528 2067 1815 2140 muliere,
1852 2066 2089 2129 factum
2137 2065 2257 2128 sub
2303 2065 2385 2127 le-

891 2183 990 2245 ge,
1026 2172 1094 2225 ut
1133 2183 1240 2226 eos
1284 2167 1395 2247 qui
1439 2165 1560 2227 sub
1601 2165 1738 2246 lege
1778 2174 1958 2227 erant
2002 2165 2382 2242 redimeret3

895 2261 1196 2344 itemque,
1220 2264 1406 2338 Audi,
1439 2264 1653 2338 lsrael,
1676 2265 1982 2327 Dominus
2014 2264 2179 2326 Deus
2211 2270 2380 2336 tuus,

895 2362 1059 2423 Deus
1104 2381 1269 2423 unus
1309 2369 1423 2424 est..

1295 2616 1800 2680 CAPITULUM
1858 2617 1978 2679 IX.

976 2766 1148 2834 Quod
1174 2766 1246 2821 de
1275 2765 1508 2822 actuali
1535 2765 1796 2821 scientia
1816 2766 2191 2837 proficiatur
2219 2765 2301 2820 ad

1441 2854 1847 2926 spiritualem.

2498 1990 2825 2044 sensuum,
2858 1971 2960 2032 vel
3001 1978 3288 2033 tenacem
3332 1989 3471 2032 esse
3514 1969 3865 2031 lectionum
3908 1986 4005 2029 sa-

2496 2087 2766 2130 crarum.

2575 2166 2915 2230 observate
2945 2185 3096 2248 ergo
3127 2167 3191 2229 in
3226 2165 3473 2248 primiS‚
3496 2173 3561 2227 et
3593 2164 3875 2226 maxime
3910 2173 4001 2238 tu,

2493 2267 2784 2340 Joannes,
2838 2266 2941 2328 cui
2989 2265 3452 2328 adolescentior
3510 2271 3659 2327 aetas
3713 2263 4005 2344 amplius

2496 2363 2883 2444 suffragatur
2925 2366 3003 2427 ad
3044 2363 3532 2427 custodiendum
3574 2382 3713 2444 quae
3760 2362 4001 2435 dic-am,

2496 2471 2565 2524 ut
2616 2463 2905 2544 imponas
2957 2463 3051 2526 ori
3103 2470 3211 2524 tuo
3262 2480 3586 2524 summum
3636 2460 3997 2534 silentium,

2496 2581 2575 2624 ne
2624 2562 2907 2624 studium
2960 2561 3253 2624 lectionis
3299 2569 3407 2622 aut
3468 2559 3644 2622 labor
3691 2559 3997 2622 desiderii

2497 2660 2588 2722 tui
2641 2679 2801 2723 vana
2848 2660 3121 2722 elatione
3160 2666 3460 2721 cassetur.
3512 2658 3627 2720 Hic
3673 2665 3773 2720 est
3820 2658 3997 2720 enim

2494 2759 2759 2821 actualis
2790 2759 3147 2840 disciplinae
3177 2759 3424 2839 primus
3463 2757 3787 2838 ingressus
3812 2774 3828 2818 ε
3853 2756 3999 2820 0111-
4028 2773 4255 2819 liccat-„z

2496 2857 2596 2919 nis
2636 2876 2911 2939 namque
2955 2857 3132 2918 labor
3171 2855 3452 2918 hominis
3491 2855 3555 2917 in
3594 2872 3703 2917 ore
3746 2855 3997 2937 ipsius:

2498 2956 2760 3037 insuper
2806 2963 2877 3017 ut
2926 2955 3171 3018 intento
3222 2955 3411 3017 corde
3465 2961 3527 3016 et
3574 2954 3755 3036 quasi
3818 2963 4001 3016 muto

1020 3052 1416 3116 ROPTEREA
1457 3052 1510 3114 si
1552 3072 1848 3115 curamus
1886 3053 1964 3115 ad
2009 3052 2223 3114 lumen
2264 3052 2387 3134 spi·
2424 3057 2467 3120 C
2495 3073 2605 3116 ore
2636 3055 2947 3136 suscipias
2979 3053 3271 3116 instituta
3298 3060 3487 3135 atque
3522 3053 3874 3115 sententias
3905 3071 4001 3115 se-

1038 3152 1286 3214 ritualis
1331 3152 1612 3215 scientiae
1663 3152 2018 3233 pervenire,
2060 3170 2188 3214 non
2232 3151 2389 3213 vitio

897 3251 1103 3313 inanis
1145 3251 1484 3331 Jactantiae‚
1519 3251 1628 3312 sed
1677 3249 1876 3332 gratia
1917 3250 2389 3312 emundationis

897 3349 1183 3422 internae,
1243 3350 1668 3410 accendamur
1731 3349 2010 3430 primum
2072 3348 2387 3410 desiderio

896 3448 1311 3510 beatitudinis
1352 3448 1428 3508 de
1468 3466 1594 3528 qua
1633 3445 1906 3508 refertur
1940 3465 1954 3508 ε
1995 3447 2169 3509 Beati
2212 3467 2390 3509 mun-

896 3548 978 3610 do
1008 3545 1532 3627 corde,quoniam
1565 3545 1688 3627 ipsi
1717 3546 1918 3607 Deum
1949 3544 2289 3624 vide-bunt3
2319 3553 2389 3606 ut

896 3645 1088 3708 etiam
1123 3644 1567 3726 perveniamus
1607 3644 1684 3706 ad
1726 3643 1900 3706 illam
1935 3644 2012 3705 de
2045 3663 2170 3724 qua
2205 3662 2388 3725 ange·

899 3744 996 3805 lus
1025 3743 1114 3805 ait
1143 3744 1219 3804 ad
1252 3742 1576 3805 Danielem
1603 3742 1757 3816 :Qui
1789 3742 1956 3804 docti
1989 3740 2249 3816 fuerint,
2271 3742 2390 3804 sul-

897 3842 1136 3924 gebunt
1172 3843 1336 3904 sicut
1377 3841 1677 3923 splendor
1711 3840 2138 3918 firmamenti3
2170 3848 2233 3902 et
2275 3841 2385 3922 qui

899 3941 976 4002 ad
1005 3940 1316 4020 justitiam
1350 3940 1651 4001 erudiunt
1686 3939 1940 4009 multo&
1975 3938 2153 4019 quasi
2190 3938 2388 4000 stellae

899 4039 964 4100 in
999 4046 1335 4121 perpetuas
1373 4037 1774 4100 aeternitates.
1811 4037 1986 4099 Unde
2017 4044 2078 4098 et
2109 4036 2272 4097 alius
2302 4036 2389 4096 ait

895 4139 1206 4220 Propheta
1239 4155 1253 4198 ε
1286 4136 1648 4199 Illuminate
1692 4135 1874 4198 vobis
1924 4135 2140 4196 lumen
2192 4134 2392 4196 scien-

2497 3153 2775 3226 niorum,
2810 3161 2872 3215 et
2901 3172 2976 3215 ea
3007 3153 3072 3215 in
3114 3151 3302 3215 corde
3334 3159 3443 3214 tuo
3483 3151 3823 3232 diligenter
3856 3169 4003 3214 con-

2499 3253 2677 3326 denS,
2742 3252 2941 3333 magis
3004 3252 3267 3315 festines
3332 3252 3467 3314 haec
3529 3250 3739 3313 facere
3802 3270 4001 3334 quam

2500 3351 2745 3414 docere.
2783 3351 2873 3412 Ex
2908 3350 3314 3413 festinatione
3354 3351 3526 3413 enim
3566 3350 3837 3412 doce-ndi
3876 3351 3999 3413 ori-

2500 3458 2641 3514 etur
2678 3471 2857 3515 vanae
2898 3451 3115 3533 gloriae
3155 3451 3512 3533 perniciosa
3556 3452 3997 3533 praesumptio,

2498 3569 2575 3612 ex
2616 3549 3021 3612 festinatione
3061 3557 3275 3612 autem
3321 3568 3395 3611 ea
3434 3548 3742 3630 implendi
3791 3550 4001 3631 pullu-

2500 3647 2655 3710 labit
2722 3646 2967 3710 sructus
3036 3647 3387 3728 spiritualis
3454 3646 3755 3709 scientiae.
3826 3647 3995 3708 Nihil

2500 3747 2714 3828 itaque
2753 3746 2986 3808 audeas
3018 3745 3300 3827 proferre
3343 3745 3408 3807 in
3449 3745 3773 3806 seniorum
3809 3745 3998 3807 colla-

2499 3845 2693 3918 tione,
2714 3844 2838 3906 nisi
2868 3845 2945 3905 ad
2978 3845 3147 3924 quod
3179 3843 3695 3924 interrogandum
3729 3842 4001 3924 impule-

2500 3943 2583 4005 rit
2613 3951 2673 4005 te
2704 3942 3059 4023 ignorantia
3087 3941 3464 4023 periculosa,
3486 3948 3595 4002 aut
3626 3943 4001 4003 necessariae.

2501 4041 2880 4123 cognitionis
2941 4059 3127 4102 causa
3184 4059 3296 4101 seu
3356 4039 3536 4109 ratio,
3589 4040 4001 4121 quemadmo—

2502 4140 2654 4201 dum
2686 4139 2945 4221 quidam
2978 4157 3191 4200 amore
3222 4158 3399 4202 vanae
3429 4138 3646 4220 gloriae
3676 4139 3995 4220 occupati,

900 4237 1021 4310 tiae,
1055 4237 1208 4298 dum
1252 4244 1503 4317 tempus
1543 4242 1657 4296 est.
1693 4235 2003 4298 Tenentes
2044 4233 2256 4315 itaque
2301 4231 2391 4293 di-
2424 4238 2471 4299 D
2502 4257 2575 4299 ea
2623 4257 2764 4318 quae
2810 4238 3051 4319 optime
3103 4244 3338 4300 norunt
3386 4237 3781 4300 simulatorie
3830 4257 3999 4319 quae-

896 4336 1220 4416 ligentiam
1264 4333 1556 4412 lectionis
1595 4353 1786 4415 quam
1827 4332 2060 4394 habere
2099 4349 2210 4394 vos
2250 4351 2389 4393 sen-

899 4434 1007 4506 tio,
1027 4433 1201 4496 omni
1233 4432 1438 4494 studio
1471 4432 1764 4494 festinate
1797 4432 1861 4493 in
1893 4430 2114 4513 primis
2147 4430 2389 4510 integre

898 4532 1223 4614 possidere
1253 4529 1566 4592 actualem
1599 4531 1951 4604 scientiam,
1972 4550 2083 4592 seu
2113 4529 2389 4592 ethicam

897 4630 1305 4712 disciplinam
1365 4647 1378 4692 τ
1435 4629 1736 4711 quoniam
1796 4629 1936 4691 sine
1993 4629 2109 4690 hac
2165 4647 2389 4710 appre-

902 4731 1093 4793 hendi
1139 4746 1265 4791 non
1313 4735 1518 4810 potest
1565 4727 1844 4789 theorica
1887 4727 2150 4808 puritas,
2198 4746 2388 4808 quam

900 4831 943 4892 ii
976 4836 1223 4891 'tantum
1255 4827 1436 4909 quasi
1467 4844 1582 4909 pro
1623 4827 1882 4908 praemio
1915 4833 2392 4908 consequuntur

900 4935 1038 5010 post
1083 4927 1282 4988 multa
1325 4943 1518 5007 opera
1556 4924 1974 5006 laborumque
2017 4925 2248 4996 studia,
2280 4923 2391 5006 qui

901 5027 1166 5110 perfecti
1208 5033 1357 5088 sunt
1395 5032 1654 5086 actuum
1697 5023 2100 5105 propriorum
2131 5025 2389 5098 virtute,

899 5145 1026 5190 non
1066 5125 1337 5188 aliorum
1377 5122 1742 5185 docentium
1783 5121 2015 5184 verbis,
2052 5123 2395 5206 Aequiren-

898 5233 993 5286 tes
1034 5225 1274 5306 quippe
1315 5220 1802 5301 intelligentiam
1844 5221 2002 5302 legis
2041 5239 2167 5283 non
2198 5240 2235 5282 a
2271 5240 2397 5283 me-

904 5323 1230 5396 ditatione,
1265 5321 1374 5383 sed
1405 5319 1794 5402 operatione,
1829 5338 1977 5382 cum
2016 5319 2398 5402 Psalmogra-

2503 4343 2653 4397 runt
2701 4354 2815 4417 pro
2861 4337 3281 4399 ostentatione
3330 4335 3652 4398 doctrinas.
3706 4336 4001 4418 Impossi-

2504 4435 2632 4497 bile
2681 4434 2919 4516 quippe
2962 4442 3059 4496 est
3101 4454 3250 4497 eum
3294 4435 3404 4516 qui
3452 4434 3664 4496 studio
3709 4433 4000 4497 lectionis

2504 4533 2743 4595 insistit
2782 4533 3097 4595 desiderio
3139 4533 3346 4595 laudis
3390 4533 3707 4607 humanae,
3751 4550 4001 4614 prome-

2505 4631 2629 4694 reri
2670 4633 2908 4695 donum
2948 4651 3113 4694 verae
3154 4631 3453 4694 scientiae.
3490 4631 3607 4706 Qui
3648 4631 3825 4694 enim
3862 4651 4003 4714 pas-

2504 4729 2681 4792 sione
2731 4729 2849 4791 hac
2896 4729 3103 4791 victus
3154 4738 3269 4803 est,
3323 4747 3585 4792 necesse
3633 4738 3728 4791 est
3778 4737 3849 4791 ut
3903 4730 3999 4792 in-

2503 4828 2797 4890 volvatur
2843 4826 2986 4888 aliis
3036 4827 3231 4901 vitiis,
3282 4826 3632 4908 praesertim
3684 4827 3999 4895 elatione:

2505 4926 2742 5009 sicque·
2766 4932 3116 5008 prostratus
3156 4933 3219 4988 et
3247 4925 3455 4987 victus
3498 4925 3563 4986 in
3598 4926 4001 5005 aggressione

2506 5025 2787 5088 scientiae
2820 5024 3086 5086 actualis
3121 5043 3233 5086 seu
3262 5022 3510 5096 ethicae,
3546 5023 3815 5085 minime
3850 5041 3998 5086 con—

2506 5130 2808 5204 sequetur
2848 5121 3243 5204 spiritualem
3291 5121 3624 5182 scientiam
3668 5140 3746 5182 ex
3786 5141 3861 5184 ea
3896 5140 3999 5184 na-

2507 5227 2809 5283 scentem.
2866 5221 3012 5282 Esto
3060 5237 3211 5300 ergo
3260 5238 3376 5301 per
3422 5218 3639 5280 omnia
3688 5219 3873 5282 velox
3919 5221 3997 5282 ad
4024 5207 4282 5292 mnam}

2508 5319 2922 5394 audiendum,
2956 5318 3173 5381 tardus
3212 5325 3425 5380 autem
3464 5318 3545 5380 ad
3580 5316 3998 5401 loquendum,
