<?xml version="1.0" encoding="UTF-8"?>
<!DOCTYPE html PUBLIC "-//W3C//DTD XHTML 1.0 Transitional//EN"
    "http://www.w3.org/TR/xhtml1/DTD/xhtml1-transitional.dtd">
<html xmlns="http://www.w3.org/1999/xhtml" xml:lang="en" lang="en">
 <head>
  <title>
</title>
<meta http-equiv="Content-Type" content="text/html;charset=utf-8" />
  <meta name='ocr-system' content='tesseract 3.04.00' />
  <meta name='ocr-capabilities' content='ocr_page ocr_carea ocr_par ocr_line ocrx_word'/>
</head>
<body>
  <div class='ocr_page' id='page_1' title='image "./doctorisecstati03denigoog_0218.png"; bbox 0 0 4359 6267; ppageno 0'>
   <div class='ocr_carea' id='block_1_1' title="bbox 599 2475 860 2583">
    <p class='ocr_par' dir='ltr' id='par_1_1' title="bbox 599 2475 860 2583">
     <span class='ocr_line' id='line_1_1' title="bbox 610 2475 860 2581; baseline 0.008 -63"><span class='ocrx_word' id='word_1_1' title='bbox 610 2475 694 2581; x_wconf 59' lang='grc' dir='ltr'><strong>ιὲοὸ</strong></span> <span class='ocrx_word' id='word_1_2' title='bbox 709 2490 778 2528; x_wconf 76' lang='lat' dir='ltr'><strong>xv,</strong></span> <span class='ocrx_word' id='word_1_3' title='bbox 797 2480 860 2528; x_wconf 73' lang='lat' dir='ltr'><strong>u,</strong></span> 
     </span>
     <span class='ocr_line' id='line_1_2' title="bbox 599 2543 664 2583; baseline 0.015 -1"><span class='ocrx_word' id='word_1_4' title='bbox 599 2543 614 2582; x_wconf 83' lang='lat'>¹</span> <span class='ocrx_word' id='word_1_5' title='bbox 652 2569 664 2583; x_wconf 85' lang='lat'><strong><em>.</em></strong></span> 
     </span>
    </p>
   </div>
   <div class='ocr_carea' id='block_1_2' title="bbox 613 3072 844 3123">
    <p class='ocr_par' dir='ltr' id='par_1_2' title="bbox 613 3072 844 3123">
     <span class='ocr_line' id='line_1_3' title="bbox 613 3072 844 3123; baseline 0 -9"><span class='ocrx_word' id='word_1_6' title='bbox 613 3072 694 3116; x_wconf 72' lang='lat'><strong>1²2.</strong></span> <span class='ocrx_word' id='word_1_7' title='bbox 711 3086 763 3123; x_wconf 77' lang='lat' dir='ltr'><strong>ci.</strong></span> <span class='ocrx_word' id='word_1_8' title='bbox 777 3075 844 3115; x_wconf 76' lang='lat'><strong>28.</strong></span> 
     </span>
    </p>
   </div>
   <div class='ocr_carea' id='block_1_3' title="bbox 597 3269 866 3320">
    <p class='ocr_par' dir='ltr' id='par_1_3' title="bbox 597 3269 866 3320">
     <span class='ocr_line' id='line_1_4' title="bbox 597 3269 866 3320; baseline 0 -8"><span class='ocrx_word' id='word_1_9' title='bbox 597 3269 786 3314; x_wconf 75' lang='lat' dir='ltr'><strong>Malach</strong></span> <span class='ocrx_word' id='word_1_10' title='bbox 794 3284 866 3320; x_wconf 88' lang='grc' dir='ltr'>ιιιιι</span> 
     </span>
    </p>
   </div>
   <div class='ocr_carea' id='block_1_4' title="bbox 888 490 1010 556">
    <p class='ocr_par' dir='ltr' id='par_1_4' title="bbox 888 490 1010 556">
     <span class='ocr_line' id='line_1_5' title="bbox 888 490 1010 556; baseline 0.016 -2"><span class='ocrx_word' id='word_1_11' title='bbox 888 490 1010 556; x_wconf 82' lang='grc'><strong>210</strong></span> 
     </span>
    </p>
   </div>
   <div class='ocr_carea' id='block_1_5' title="bbox 1600 509 3279 558">
    <p class='ocr_par' dir='ltr' id='par_1_5' title="bbox 1600 509 3279 558">
     <span class='ocr_line' id='line_1_6' title="bbox 1600 509 3279 558; baseline 0.001 -2"><span class='ocrx_word' id='word_1_12' title='bbox 1600 509 2016 557; x_wconf 74' lang='lat' dir='ltr'><strong>COLLATIONUM</strong></span> <span class='ocrx_word' id='word_1_13' title='bbox 2059 511 2145 556; x_wconf 88' lang='lat' dir='ltr'><strong>SS.</strong></span> <span class='ocrx_word' id='word_1_14' title='bbox 2180 510 2425 557; x_wconf 74' lang='lat' dir='ltr'>PATRUM</span> <span class='ocrx_word' id='word_1_15' title='bbox 2466 511 2642 556; x_wconf 79' lang='lat' dir='ltr'>LIBER</span> <span class='ocrx_word' id='word_1_16' title='bbox 2685 512 2722 556; x_wconf 92' lang='lat'><strong>1.</strong></span> <span class='ocrx_word' id='word_1_17' title='bbox 2769 530 2850 539; x_wconf 88' lang='grc'><strong>-</strong></span> <span class='ocrx_word' id='word_1_18' title='bbox 2892 511 3177 558; x_wconf 79' lang='lat' dir='ltr'><strong>COLLA&#39;I&#39;IO</strong></span> <span class='ocrx_word' id='word_1_19' title='bbox 3216 513 3279 558; x_wconf 81' lang='lat' dir='ltr'><strong>V1</strong></span> 
     </span>
    </p>
   </div>
   <div class='ocr_carea' id='block_1_6' title="bbox 889 681 3991 767">
    <p class='ocr_par' dir='ltr' id='par_1_6' title="bbox 889 681 3991 767">
     <span class='ocr_line' id='line_1_7' title="bbox 889 681 3991 767; baseline 0.001 -25"><span class='ocrx_word' id='word_1_20' title='bbox 889 682 1065 743; x_wconf 88' lang='lat' dir='ltr'><strong>sione</strong></span> <span class='ocrx_word' id='word_1_21' title='bbox 1127 699 1381 745; x_wconf 88' lang='lat' dir='ltr'><strong>movere</strong></span> <span class='ocrx_word' id='word_1_22' title='bbox 1442 691 1659 746; x_wconf 90' lang='lat' dir='ltr'><strong>contra</strong></span> <span class='ocrx_word' id='word_1_23' title='bbox 1719 683 2028 764; x_wconf 88' lang='lat' dir='ltr'><strong>impetum</strong></span> <span class='ocrx_word' id='word_1_24' title='bbox 2091 682 2383 744; x_wconf 79' lang='lat' dir='ltr'><strong>fluminis</strong></span> <span class='ocrx_word' id='word_1_25' title='bbox 2413 681 2464 742; x_wconf 87' lang='lat' dir='ltr'>A</span> <span class='ocrx_word' id='word_1_26' title='bbox 2494 681 2636 754; x_wconf 85' lang='lat' dir='ltr'><strong>erit,</strong></span> <span class='ocrx_word' id='word_1_27' title='bbox 2690 682 2993 745; x_wconf 82' lang='lat' dir='ltr'><strong>titubabit</strong></span> <span class='ocrx_word' id='word_1_28' title='bbox 3036 691 3227 767; x_wconf 88' lang='lat' dir='ltr'><strong>atque</strong></span> <span class='ocrx_word' id='word_1_29' title='bbox 3276 684 3639 746; x_wconf 90' lang='lat' dir='ltr'><strong>turbabitur</strong></span> <span class='ocrx_word' id='word_1_30' title='bbox 3685 692 3991 765; x_wconf 77' lang='lat' dir='ltr'><strong>tanquam</strong></span> 
     </span>
    </p>
   </div>
   <div class='ocr_carea' id='block_1_7' title="bbox 885 779 2386 1851">
    <p class='ocr_par' dir='ltr' id='par_1_7' title="bbox 885 779 2386 1851">
     <span class='ocr_line' id='line_1_8' title="bbox 887 779 2386 862; baseline 0.003 -23"><span class='ocrx_word' id='word_1_31' title='bbox 887 779 1174 853; x_wconf 84' lang='lat' dir='ltr'><strong>violenti,</strong></span> <span class='ocrx_word' id='word_1_32' title='bbox 1209 799 1466 842; x_wconf 89' lang='lat' dir='ltr'><strong>necesse</strong></span> <span class='ocrx_word' id='word_1_33' title='bbox 1498 788 1594 842; x_wconf 91' lang='lat' dir='ltr'><strong>est</strong></span> <span class='ocrx_word' id='word_1_34' title='bbox 1623 800 1770 842; x_wconf 91' lang='lat' dir='ltr'><strong>eum</strong></span> <span class='ocrx_word' id='word_1_35' title='bbox 1805 781 1902 843; x_wconf 83' lang='lat' dir='ltr'><strong>vel</strong></span> <span class='ocrx_word' id='word_1_36' title='bbox 1939 783 2016 843; x_wconf 89' lang='lat' dir='ltr'><strong>ad</strong></span> <span class='ocrx_word' id='word_1_37' title='bbox 2057 780 2386 862; x_wconf 81' lang='lat' dir='ltr'><strong>superiora</strong></span> 
     </span>
     <span class='ocr_line' id='line_1_9' title="bbox 887 879 2384 943; baseline 0.001 -4"><span class='ocrx_word' id='word_1_38' title='bbox 887 879 1312 942; x_wconf 76' lang='lat' dir='ltr'>conscendere</span> <span class='ocrx_word' id='word_1_39' title='bbox 1361 881 1594 942; x_wconf 87' lang='lat' dir='ltr'><strong>virtute</strong></span> <span class='ocrx_word' id='word_1_40' title='bbox 1643 879 2048 943; x_wconf 90' lang='lat' dir='ltr'><strong>brachiorum</strong></span> <span class='ocrx_word' id='word_1_41' title='bbox 2099 880 2384 942; x_wconf 92' lang='lat' dir='ltr'><strong>dividen-</strong></span> 
     </span>
     <span class='ocr_line' id='line_1_10' title="bbox 887 977 2382 1060; baseline 0.003 -24"><span class='ocrx_word' id='word_1_42' title='bbox 887 977 1049 1039; x_wconf 87' lang='lat' dir='ltr'><strong>tium</strong></span> <span class='ocrx_word' id='word_1_43' title='bbox 1094 997 1311 1060; x_wconf 85' lang='lat' dir='ltr'><strong>aquas.</strong></span> <span class='ocrx_word' id='word_1_44' title='bbox 1345 987 1449 1041; x_wconf 91' lang='lat' dir='ltr'><strong>aut</strong></span> <span class='ocrx_word' id='word_1_45' title='bbox 1495 980 1728 1042; x_wconf 90' lang='lat' dir='ltr'><strong>virtute</strong></span> <span class='ocrx_word' id='word_1_46' title='bbox 1774 979 2176 1043; x_wconf 88' lang='lat' dir='ltr'><strong>brachiorum</strong></span> <span class='ocrx_word' id='word_1_47' title='bbox 2226 979 2382 1042; x_wconf 81' lang='lat' dir='ltr'><strong>del&#39;i-</strong></span> 
     </span>
     <span class='ocr_line' id='line_1_11' title="bbox 889 1075 2384 1159; baseline 0.002 -23"><span class='ocrx_word' id='word_1_48' title='bbox 889 1075 1094 1138; x_wconf 80' lang='lat' dir='ltr'><strong>ciente</strong></span> <span class='ocrx_word' id='word_1_49' title='bbox 1129 1075 1276 1138; x_wconf 84' lang='lat' dir='ltr'><strong>l&#39;erri</strong></span> <span class='ocrx_word' id='word_1_50' title='bbox 1309 1078 1624 1140; x_wconf 89' lang='lat' dir='ltr'><strong>deorsum.</strong></span> <span class='ocrx_word' id='word_1_51' title='bbox 1649 1078 2040 1159; x_wconf 84' lang='lat' dir='ltr'><strong>Quapropter</strong></span> <span class='ocrx_word' id='word_1_52' title='bbox 2065 1078 2235 1139; x_wconf 89' lang='lat' dir='ltr'><strong>istud</strong></span> <span class='ocrx_word' id='word_1_53' title='bbox 2264 1077 2384 1140; x_wconf 89' lang='lat' dir='ltr'><strong>erit</strong></span> 
     </span>
     <span class='ocr_line' id='line_1_12' title="bbox 887 1173 2383 1250; baseline 0.003 -16"><span class='ocrx_word' id='word_1_54' title='bbox 887 1173 1151 1236; x_wconf 89' lang='lat' dir='ltr'><strong>evidens</strong></span> <span class='ocrx_word' id='word_1_55' title='bbox 1191 1177 1390 1238; x_wconf 79' lang='lat' dir='ltr'><strong>nostri</strong></span> <span class='ocrx_word' id='word_1_56' title='bbox 1422 1177 1788 1238; x_wconf 81' lang='lat' dir='ltr'><strong>detrimenti</strong></span> <span class='ocrx_word' id='word_1_57' title='bbox 1826 1177 2160 1250; x_wconf 92' lang='lat' dir='ltr'><strong>indicium,</strong></span> <span class='ocrx_word' id='word_1_58' title='bbox 2195 1177 2249 1238; x_wconf 92' lang='lat' dir='ltr'><strong>si</strong></span> <span class='ocrx_word' id='word_1_59' title='bbox 2290 1177 2383 1238; x_wconf 93' lang='lat' dir='ltr'><strong>in-</strong></span> 
     </span>
     <span class='ocr_line' id='line_1_13' title="bbox 888 1273 2382 1357; baseline 0.001 -23"><span class='ocrx_word' id='word_1_60' title='bbox 888 1273 1322 1338; x_wconf 86' lang='lat' dir='ltr'><strong>tellexerimus</strong></span> <span class='ocrx_word' id='word_1_61' title='bbox 1380 1295 1492 1338; x_wconf 92' lang='lat' dir='ltr'><strong>nos</strong></span> <span class='ocrx_word' id='word_1_62' title='bbox 1555 1276 1714 1338; x_wconf 91' lang='lat' dir='ltr'><strong>nihil</strong></span> <span class='ocrx_word' id='word_1_63' title='bbox 1776 1276 2053 1357; x_wconf 89' lang='lat' dir='ltr'><strong>amplius</strong></span> <span class='ocrx_word' id='word_1_64' title='bbox 2107 1276 2382 1357; x_wconf 88' lang='lat' dir='ltr'><strong>acquisi-</strong></span> 
     </span>
     <span class='ocr_line' id='line_1_14' title="bbox 888 1371 2385 1453; baseline 0.002 -20"><span class='ocrx_word' id='word_1_65' title='bbox 888 1373 1054 1434; x_wconf 86' lang='lat' dir='ltr'><strong>visse</strong></span> <span class='ocrx_word' id='word_1_66' title='bbox 1105 1374 1504 1453; x_wconf 84' lang='lat' dir='ltr'><strong>stabilitatis3</strong></span> <span class='ocrx_word' id='word_1_67' title='bbox 1555 1394 1673 1438; x_wconf 90' lang='lat' dir='ltr'><strong>nec</strong></span> <span class='ocrx_word' id='word_1_68' title='bbox 1717 1371 2084 1436; x_wconf 83' lang='lat' dir='ltr'><strong>dubitemus</strong></span> <span class='ocrx_word' id='word_1_69' title='bbox 2132 1393 2248 1437; x_wconf 91' lang='lat' dir='ltr'><strong>nos</strong></span> <span class='ocrx_word' id='word_1_70' title='bbox 2294 1392 2385 1436; x_wconf 91' lang='lat' dir='ltr'><strong>re-</strong></span> 
     </span>
     <span class='ocr_line' id='line_1_15' title="bbox 890 1473 2381 1557; baseline 0.002 -24"><span class='ocrx_word' id='word_1_71' title='bbox 890 1481 1162 1535; x_wconf 90' lang='lat' dir='ltr'><strong>trorsum</strong></span> <span class='ocrx_word' id='word_1_72' title='bbox 1227 1473 1556 1549; x_wconf 86' lang='lat' dir='ltr'><strong>abductos,</strong></span> <span class='ocrx_word' id='word_1_73' title='bbox 1624 1493 2027 1557; x_wconf 84' lang='lat' dir='ltr'><strong>quacumque</strong></span> <span class='ocrx_word' id='word_1_74' title='bbox 2091 1474 2193 1536; x_wconf 90' lang='lat' dir='ltr'><strong>die</strong></span> <span class='ocrx_word' id='word_1_75' title='bbox 2256 1492 2381 1536; x_wconf 90' lang='lat' dir='ltr'><strong>non</strong></span> 
     </span>
     <span class='ocr_line' id='line_1_16' title="bbox 890 1573 2379 1655; baseline 0.002 -22"><span class='ocrx_word' id='word_1_76' title='bbox 890 1573 1276 1634; x_wconf 85' lang='lat' dir='ltr'><strong>senserimus</strong></span> <span class='ocrx_word' id='word_1_77' title='bbox 1321 1591 1435 1635; x_wconf 91' lang='lat' dir='ltr'><strong>nos</strong></span> <span class='ocrx_word' id='word_1_78' title='bbox 1475 1574 1552 1636; x_wconf 93' lang='lat' dir='ltr'><strong>ad</strong></span> <span class='ocrx_word' id='word_1_79' title='bbox 1597 1573 1923 1655; x_wconf 85' lang='lat' dir='ltr'><strong>superiora</strong></span> <span class='ocrx_word' id='word_1_80' title='bbox 1967 1591 2330 1655; x_wconf 90' lang='lat' dir='ltr'><strong>progressos</strong></span> <span class='ocrx_word' id='word_1_81' title='bbox 2366 1592 2379 1636; x_wconf 91' lang='lat'>:</span> 
     </span>
     <span class='ocr_line' id='line_1_17' title="bbox 889 1671 2385 1753; baseline 0.001 -23"><span class='ocrx_word' id='word_1_82' title='bbox 889 1671 1040 1750; x_wconf 92' lang='lat' dir='ltr'><strong>quia</strong></span> <span class='ocrx_word' id='word_1_83' title='bbox 1085 1671 1180 1751; x_wconf 93' lang='lat' dir='ltr'><strong>(ut</strong></span> <span class='ocrx_word' id='word_1_84' title='bbox 1234 1671 1394 1751; x_wconf 86' lang='lat' dir='ltr'><strong>dixi)</strong></span> <span class='ocrx_word' id='word_1_85' title='bbox 1443 1691 1621 1734; x_wconf 88' lang='lat' dir='ltr'><strong>mens</strong></span> <span class='ocrx_word' id='word_1_86' title='bbox 1671 1672 1949 1734; x_wconf 91' lang='lat' dir='ltr'><strong>hominis</strong></span> <span class='ocrx_word' id='word_1_87' title='bbox 2000 1689 2124 1734; x_wconf 91' lang='lat' dir='ltr'><strong>non</strong></span> <span class='ocrx_word' id='word_1_88' title='bbox 2177 1678 2385 1753; x_wconf 88' lang='lat' dir='ltr'><strong>potest</strong></span> 
     </span>
     <span class='ocr_line' id='line_1_18' title="bbox 885 1769 2384 1851; baseline 0.001 -21"><span class='ocrx_word' id='word_1_89' title='bbox 885 1769 1124 1850; x_wconf 85' lang='lat' dir='ltr'><strong>jugiter</strong></span> <span class='ocrx_word' id='word_1_90' title='bbox 1155 1770 1218 1831; x_wconf 90' lang='lat' dir='ltr'><strong>in</strong></span> <span class='ocrx_word' id='word_1_91' title='bbox 1250 1771 1472 1833; x_wconf 88' lang='lat' dir='ltr'><strong>eodem</strong></span> <span class='ocrx_word' id='word_1_92' title='bbox 1514 1779 1678 1832; x_wconf 89' lang='lat' dir='ltr'><strong>statu</strong></span> <span class='ocrx_word' id='word_1_93' title='bbox 1721 1771 2082 1851; x_wconf 86' lang='lat' dir='ltr'><strong>persistere,</strong></span> <span class='ocrx_word' id='word_1_94' title='bbox 2118 1789 2237 1832; x_wconf 91' lang='lat' dir='ltr'><strong>nec</strong></span> <span class='ocrx_word' id='word_1_95' title='bbox 2275 1770 2384 1831; x_wconf 91' lang='lat' dir='ltr'><strong>ali-</strong></span> 
     </span>
    </p>
   </div>
   <div class='ocr_carea' id='block_1_8' title="bbox 2493 782 3998 1852">
    <p class='ocr_par' dir='ltr' id='par_1_8' title="bbox 2493 782 3998 1852">
     <span class='ocr_line' id='line_1_19' title="bbox 2495 782 3997 865; baseline 0.001 -23"><span class='ocrx_word' id='word_1_96' title='bbox 2495 799 2696 843; x_wconf 91' lang='lat' dir='ltr'><strong>novus</strong></span> <span class='ocrx_word' id='word_1_97' title='bbox 2738 782 3055 846; x_wconf 84' lang='lat' dir='ltr'><strong>habitator</strong></span> <span class='ocrx_word' id='word_1_98' title='bbox 3101 783 3319 865; x_wconf 88' lang='lat' dir='ltr'><strong>ipsius.</strong></span> <span class='ocrx_word' id='word_1_99' title='bbox 3363 783 3490 846; x_wconf 78' lang='lat' dir='ltr'><strong>Nec</strong></span> <span class='ocrx_word' id='word_1_100' title='bbox 3534 784 3709 845; x_wconf 90' lang='lat' dir='ltr'><strong>enim</strong></span> <span class='ocrx_word' id='word_1_101' title='bbox 3762 784 3997 865; x_wconf 88' lang='lat' dir='ltr'><strong>poterit</strong></span> 
     </span>
     <span class='ocr_line' id='line_1_20' title="bbox 2494 880 3998 964; baseline 0.001 -23"><span class='ocrx_word' id='word_1_102' title='bbox 2494 880 2631 942; x_wconf 90' lang='lat' dir='ltr'><strong>sine</strong></span> <span class='ocrx_word' id='word_1_103' title='bbox 2664 880 2876 942; x_wconf 90' lang='lat' dir='ltr'><strong>labore</strong></span> <span class='ocrx_word' id='word_1_104' title='bbox 2906 901 2979 944; x_wconf 92' lang='lat' dir='ltr'><strong>ac</strong></span> <span class='ocrx_word' id='word_1_105' title='bbox 3010 882 3226 946; x_wconf 91' lang='lat' dir='ltr'><strong>dolore</strong></span> <span class='ocrx_word' id='word_1_106' title='bbox 3256 901 3633 964; x_wconf 89' lang='lat' dir='ltr'><strong>recuperare</strong></span> <span class='ocrx_word' id='word_1_107' title='bbox 3665 882 3837 945; x_wconf 91' lang='lat' dir='ltr'><strong>illam</strong></span> <span class='ocrx_word' id='word_1_108' title='bbox 3868 882 3998 944; x_wconf 89' lang='lat' dir='ltr'><strong>ani-</strong></span> 
     </span>
     <span class='ocr_line' id='line_1_21' title="bbox 2497 979 3993 1063; baseline 0.003 -24"><span class='ocrx_word' id='word_1_109' title='bbox 2497 979 2582 1040; x_wconf 88' lang='lat' dir='ltr'><strong>mi</strong></span> <span class='ocrx_word' id='word_1_110' title='bbox 2636 979 3054 1043; x_wconf 89' lang='lat' dir='ltr'><strong>intentionem</strong></span> <span class='ocrx_word' id='word_1_111' title='bbox 3094 989 3159 1044; x_wconf 90' lang='lat' dir='ltr'><strong>et</strong></span> <span class='ocrx_word' id='word_1_112' title='bbox 3198 981 3598 1044; x_wconf 88' lang='lat' dir='ltr'><strong>devotionem</strong></span> <span class='ocrx_word' id='word_1_113' title='bbox 3648 1000 3843 1063; x_wconf 90' lang='lat' dir='ltr'><strong>quam</strong></span> <span class='ocrx_word' id='word_1_114' title='bbox 3892 1000 3993 1043; x_wconf 88' lang='lat' dir='ltr'><strong>ac-</strong></span> 
     </span>
     <span class='ocr_line' id='line_1_22' title="bbox 2496 1078 3995 1160; baseline 0.002 -22"><span class='ocrx_word' id='word_1_115' title='bbox 2496 1078 2801 1160; x_wconf 88' lang='lat' dir='ltr'><strong>quisierat</strong></span> <span class='ocrx_word' id='word_1_116' title='bbox 2851 1079 3185 1141; x_wconf 90' lang='lat' dir='ltr'><strong>residendo</strong></span> <span class='ocrx_word' id='word_1_117' title='bbox 3231 1078 3297 1140; x_wconf 92' lang='lat' dir='ltr'><strong>in</strong></span> <span class='ocrx_word' id='word_1_118' title='bbox 3342 1078 3521 1154; x_wconf 85' lang='lat' dir='ltr'><strong>cella,</strong></span> <span class='ocrx_word' id='word_1_119' title='bbox 3564 1079 3617 1140; x_wconf 93' lang='lat' dir='ltr'><strong>si</strong></span> <span class='ocrx_word' id='word_1_120' title='bbox 3666 1079 3862 1141; x_wconf 81' lang='lat' dir='ltr'><strong>fuerit</strong></span> <span class='ocrx_word' id='word_1_121' title='bbox 3902 1099 3995 1141; x_wconf 87' lang='lat' dir='ltr'><strong>re-</strong></span> 
     </span>
     <span class='ocr_line' id='line_1_23' title="bbox 2497 1176 3992 1259; baseline 0.003 -23"><span class='ocrx_word' id='word_1_122' title='bbox 2497 1176 2730 1254; x_wconf 79' lang='lat' dir='ltr'><strong>laxata3</strong></span> <span class='ocrx_word' id='word_1_123' title='bbox 2761 1185 2951 1258; x_wconf 91' lang='lat' dir='ltr'><strong>atque</strong></span> <span class='ocrx_word' id='word_1_124' title='bbox 2991 1197 3106 1259; x_wconf 88' lang='lat' dir='ltr'><strong>per</strong></span> <span class='ocrx_word' id='word_1_125' title='bbox 3137 1178 3257 1240; x_wconf 89' lang='lat' dir='ltr'><strong>hoc</strong></span> <span class='ocrx_word' id='word_1_126' title='bbox 3290 1185 3457 1240; x_wconf 89' lang='lat' dir='ltr'><strong>retro</strong></span> <span class='ocrx_word' id='word_1_127' title='bbox 3492 1178 3832 1249; x_wconf 87' lang='lat' dir='ltr'><strong>abductus,</strong></span> <span class='ocrx_word' id='word_1_128' title='bbox 3866 1197 3992 1242; x_wconf 91' lang='lat' dir='ltr'><strong>non</strong></span> 
     </span>
     <span class='ocr_line' id='line_1_24' title="bbox 2495 1275 3993 1358; baseline 0.003 -22"><span class='ocrx_word' id='word_1_129' title='bbox 2495 1275 2571 1336; x_wconf 91' lang='lat' dir='ltr'><strong>de</strong></span> <span class='ocrx_word' id='word_1_130' title='bbox 2610 1276 2925 1358; x_wconf 85' lang='lat' dir='ltr'><strong>acquisito</strong></span> <span class='ocrx_word' id='word_1_131' title='bbox 2966 1276 3270 1358; x_wconf 80' lang='lat' dir='ltr'><strong>cogitabit</strong></span> <span class='ocrx_word' id='word_1_132' title='bbox 3308 1277 3478 1358; x_wconf 88' lang='lat' dir='ltr'><strong>quod</strong></span> <span class='ocrx_word' id='word_1_133' title='bbox 3522 1277 3993 1358; x_wconf 78' lang='lat' dir='ltr'><strong>superadjicere</strong></span> 
     </span>
     <span class='ocr_line' id='line_1_25' title="bbox 2496 1373 3991 1466; baseline 0.001 -30"><span class='ocrx_word' id='word_1_134' title='bbox 2496 1375 2723 1457; x_wconf 91' lang='lat' dir='ltr'><strong>potuit,</strong></span> <span class='ocrx_word' id='word_1_135' title='bbox 2758 1375 2812 1436; x_wconf 91' lang='lat' dir='ltr'><strong>si</strong></span> <span class='ocrx_word' id='word_1_136' title='bbox 2844 1374 3069 1438; x_wconf 83' lang='lat' dir='ltr'><strong>cellam</strong></span> <span class='ocrx_word' id='word_1_137' title='bbox 3113 1394 3238 1439; x_wconf 90' lang='lat' dir='ltr'><strong>non</strong></span> <span class='ocrx_word' id='word_1_138' title='bbox 3278 1373 3505 1466; x_wconf 81' lang='lat' dir='ltr'><strong>fuisset</strong></span> <span class='ocrx_word' id='word_1_139' title='bbox 3533 1394 3848 1457; x_wconf 81' lang='lat' dir='ltr'><strong>egressuS‚</strong></span> <span class='ocrx_word' id='word_1_140' title='bbox 3882 1378 3991 1438; x_wconf 87' lang='lat' dir='ltr'><strong>sed</strong></span> 
     </span>
     <span class='ocr_line' id='line_1_26' title="bbox 2493 1473 3993 1557; baseline 0.002 -22"><span class='ocrx_word' id='word_1_141' title='bbox 2493 1473 2795 1555; x_wconf 90' lang='lat' dir='ltr'><strong>gaudebit</strong></span> <span class='ocrx_word' id='word_1_142' title='bbox 2836 1475 3045 1556; x_wconf 86' lang='lat' dir='ltr'><strong>potius</strong></span> <span class='ocrx_word' id='word_1_143' title='bbox 3085 1473 3137 1536; x_wconf 90' lang='lat' dir='ltr'><strong>si</strong></span> <span class='ocrx_word' id='word_1_144' title='bbox 3180 1493 3247 1537; x_wconf 90' lang='lat' dir='ltr'><strong>se</strong></span> <span class='ocrx_word' id='word_1_145' title='bbox 3282 1475 3551 1536; x_wconf 88' lang='lat' dir='ltr'><strong>senserit</strong></span> <span class='ocrx_word' id='word_1_146' title='bbox 3583 1493 3993 1557; x_wconf 86' lang='lat' dir='ltr'><strong>recuperasse</strong></span> 
     </span>
     <span class='ocr_line' id='line_1_27' title="bbox 2496 1573 3992 1655; baseline 0.001 -21"><span class='ocrx_word' id='word_1_147' title='bbox 2496 1580 2728 1634; x_wconf 88' lang='lat' dir='ltr'><strong>statum</strong></span> <span class='ocrx_word' id='word_1_148' title='bbox 2770 1591 2963 1653; x_wconf 91' lang='lat' dir='ltr'><strong>quem</strong></span> <span class='ocrx_word' id='word_1_149' title='bbox 3006 1573 3301 1654; x_wconf 87' lang='lat' dir='ltr'><strong>perdidit.</strong></span> <span class='ocrx_word' id='word_1_150' title='bbox 3336 1573 3489 1635; x_wconf 87' lang='lat' dir='ltr'><strong>Nam</strong></span> <span class='ocrx_word' id='word_1_151' title='bbox 3532 1573 3697 1635; x_wconf 88' lang='lat' dir='ltr'><strong>sicut</strong></span> <span class='ocrx_word' id='word_1_152' title='bbox 3738 1581 3992 1655; x_wconf 80' lang='lat' dir='ltr'><strong>praeter—</strong></span> 
     </span>
     <span class='ocr_line' id='line_1_28' title="bbox 2496 1671 3992 1754; baseline 0.001 -22"><span class='ocrx_word' id='word_1_153' title='bbox 2496 1671 2656 1732; x_wconf 84' lang='lat' dir='ltr'><strong>itum</strong></span> <span class='ocrx_word' id='word_1_154' title='bbox 2701 1678 2763 1732; x_wconf 92' lang='lat' dir='ltr'><strong>et.</strong></span> <span class='ocrx_word' id='word_1_155' title='bbox 2804 1671 3113 1733; x_wconf 87' lang='lat' dir='ltr'><strong>amissum</strong></span> <span class='ocrx_word' id='word_1_156' title='bbox 3164 1679 3417 1753; x_wconf 89' lang='lat' dir='ltr'><strong>tempus</strong></span> <span class='ocrx_word' id='word_1_157' title='bbox 3468 1671 3690 1753; x_wconf 90' lang='lat' dir='ltr'><strong>nequit</strong></span> <span class='ocrx_word' id='word_1_158' title='bbox 3732 1691 3992 1754; x_wconf 88' lang='lat' dir='ltr'><strong>recupe-</strong></span> 
     </span>
     <span class='ocr_line' id='line_1_29' title="bbox 2497 1768 3992 1852; baseline 0 -22"><span class='ocrx_word' id='word_1_159' title='bbox 2497 1770 2643 1842; x_wconf 91' lang='lat' dir='ltr'><strong>rari,</strong></span> <span class='ocrx_word' id='word_1_160' title='bbox 2698 1770 2783 1831; x_wconf 94' lang='lat' dir='ltr'><strong>ita</strong></span> <span class='ocrx_word' id='word_1_161' title='bbox 2842 1787 2960 1830; x_wconf 89' lang='lat' dir='ltr'><strong>nec</strong></span> <span class='ocrx_word' id='word_1_162' title='bbox 3014 1768 3445 1832; x_wconf 86' lang='lat' dir='ltr'><strong>emolumenta</strong></span> <span class='ocrx_word' id='word_1_163' title='bbox 3500 1789 3614 1832; x_wconf 92' lang='lat' dir='ltr'><strong>seu</strong></span> <span class='ocrx_word' id='word_1_164' title='bbox 3669 1769 3992 1852; x_wconf 83' lang='lat' dir='ltr'><strong>profectus</strong></span> 
     </span>
    </p>
   </div>
   <div class='ocr_carea' id='block_1_9' title="bbox 889 1868 3991 1950">
    <p class='ocr_par' dir='ltr' id='par_1_9' title="bbox 889 1868 3991 1950">
     <span class='ocr_line' id='line_1_30' title="bbox 889 1868 3991 1950; baseline 0 -21"><span class='ocrx_word' id='word_1_165' title='bbox 889 1869 1032 1950; x_wconf 89' lang='lat' dir='ltr'><strong>quis</strong></span> <span class='ocrx_word' id='word_1_166' title='bbox 1081 1870 1452 1931; x_wconf 86' lang='lat' dir='ltr'><strong>Sanctorum</strong></span> <span class='ocrx_word' id='word_1_167' title='bbox 1502 1869 1562 1930; x_wconf 93' lang='lat' dir='ltr'><strong>in</strong></span> <span class='ocrx_word' id='word_1_168' title='bbox 1611 1870 1726 1931; x_wconf 87' lang='lat' dir='ltr'><strong>hac</strong></span> <span class='ocrx_word' id='word_1_169' title='bbox 1771 1889 1959 1931; x_wconf 90' lang='lat' dir='ltr'><strong>carne</strong></span> <span class='ocrx_word' id='word_1_170' title='bbox 2003 1869 2379 1940; x_wconf 79' lang='lat' dir='ltr'><strong>consistenS,</strong></span> <span class='ocrx_word' id='word_1_171' title='bbox 2419 1869 2467 1931; x_wconf 92' lang='lat' dir='ltr'><strong>B</strong></span> <span class='ocrx_word' id='word_1_172' title='bbox 2497 1888 2637 1950; x_wconf 81' lang='lat' dir='ltr'><strong>quae</strong></span> <span class='ocrx_word' id='word_1_173' title='bbox 2668 1869 3015 1949; x_wconf 86' lang='lat' dir='ltr'><strong>perierunt,</strong></span> <span class='ocrx_word' id='word_1_174' title='bbox 3051 1877 3317 1950; x_wconf 90' lang='lat' dir='ltr'><strong>possunt</strong></span> <span class='ocrx_word' id='word_1_175' title='bbox 3345 1868 3613 1930; x_wconf 86' lang='lat' dir='ltr'><strong>restitui.</strong></span> <span class='ocrx_word' id='word_1_176' title='bbox 3649 1869 3991 1942; x_wconf 84' lang='lat' dir='ltr'><strong>Quantum-</strong></span> 
     </span>
    </p>
   </div>
   <div class='ocr_carea' id='block_1_10' title="bbox 888 1967 2393 3040">
    <p class='ocr_par' dir='ltr' id='par_1_10' title="bbox 888 1967 2393 3040">
     <span class='ocr_line' id='line_1_31' title="bbox 888 1967 2382 2050; baseline -0.001 -20"><span class='ocrx_word' id='word_1_177' title='bbox 888 1968 1134 2049; x_wconf 89' lang='lat' dir='ltr'><strong>apicem</strong></span> <span class='ocrx_word' id='word_1_178' title='bbox 1177 1967 1486 2030; x_wconf 87' lang='lat' dir='ltr'><strong>virtutum</strong></span> <span class='ocrx_word' id='word_1_179' title='bbox 1529 1969 1618 2030; x_wconf 89' lang='lat' dir='ltr'><strong>sic</strong></span> <span class='ocrx_word' id='word_1_180' title='bbox 1662 1968 1940 2050; x_wconf 87' lang='lat' dir='ltr'><strong>possidet</strong></span> <span class='ocrx_word' id='word_1_181' title='bbox 1979 1975 2050 2031; x_wconf 90' lang='lat' dir='ltr'><strong>ut</strong></span> <span class='ocrx_word' id='word_1_182' title='bbox 2093 1986 2382 2050; x_wconf 88' lang='lat' dir='ltr'><strong>perseve-</strong></span> 
     </span>
     <span class='ocr_line' id='line_1_32' title="bbox 891 2066 2384 2148; baseline -0.001 -20"><span class='ocrx_word' id='word_1_183' title='bbox 891 2074 984 2128; x_wconf 87' lang='lat' dir='ltr'><strong>ret</strong></span> <span class='ocrx_word' id='word_1_184' title='bbox 1029 2066 1413 2145; x_wconf 83' lang='lat' dir='ltr'><strong>immobilis3</strong></span> <span class='ocrx_word' id='word_1_185' title='bbox 1454 2068 1604 2148; x_wconf 91' lang='lat' dir='ltr'><strong>quia</strong></span> <span class='ocrx_word' id='word_1_186' title='bbox 1652 2066 2082 2129; x_wconf 89' lang='lat' dir='ltr'><strong>necessarium</strong></span> <span class='ocrx_word' id='word_1_187' title='bbox 2130 2075 2227 2128; x_wconf 89' lang='lat' dir='ltr'><strong>est</strong></span> <span class='ocrx_word' id='word_1_188' title='bbox 2273 2066 2384 2128; x_wconf 87' lang='lat' dir='ltr'><strong>ali·</strong></span> 
     </span>
     <span class='ocr_line' id='line_1_33' title="bbox 889 2164 2385 2246; baseline 0.001 -21"><span class='ocrx_word' id='word_1_189' title='bbox 889 2164 1042 2246; x_wconf 90' lang='lat' dir='ltr'><strong>quid</strong></span> <span class='ocrx_word' id='word_1_190' title='bbox 1082 2165 1428 2226; x_wconf 88' lang='lat' dir='ltr'><strong>virtutibus</strong></span> <span class='ocrx_word' id='word_1_191' title='bbox 1467 2165 1612 2227; x_wconf 93' lang='lat' dir='ltr'><strong>addi</strong></span> <span class='ocrx_word' id='word_1_192' title='bbox 1653 2173 1762 2227; x_wconf 87' lang='lat' dir='ltr'><strong>aut</strong></span> <span class='ocrx_word' id='word_1_193' title='bbox 1802 2165 2111 2238; x_wconf 79' lang='lat' dir='ltr'><strong>subtrahi,</strong></span> <span class='ocrx_word' id='word_1_194' title='bbox 2147 2166 2277 2227; x_wconf 92' lang='lat' dir='ltr'><strong>imo</strong></span> <span class='ocrx_word' id='word_1_195' title='bbox 2322 2164 2385 2226; x_wconf 93' lang='lat' dir='ltr'><strong>in</strong></span> 
     </span>
     <span class='ocr_line' id='line_1_34' title="bbox 888 2263 2387 2345; baseline 0 -20"><span class='ocrx_word' id='word_1_196' title='bbox 888 2263 1061 2325; x_wconf 90' lang='lat' dir='ltr'><strong>omni</strong></span> <span class='ocrx_word' id='word_1_197' title='bbox 1105 2271 1389 2325; x_wconf 87' lang='lat' dir='ltr'><strong>creatura</strong></span> <span class='ocrx_word' id='word_1_198' title='bbox 1434 2263 1604 2326; x_wconf 86' lang='lat' dir='ltr'><strong>nulla</strong></span> <span class='ocrx_word' id='word_1_199' title='bbox 1648 2271 1854 2345; x_wconf 90' lang='lat' dir='ltr'><strong>potest</strong></span> <span class='ocrx_word' id='word_1_200' title='bbox 1893 2263 2034 2324; x_wconf 89' lang='lat' dir='ltr'><strong>talis</strong></span> <span class='ocrx_word' id='word_1_201' title='bbox 2074 2283 2213 2325; x_wconf 90' lang='lat' dir='ltr'><strong>esse</strong></span> <span class='ocrx_word' id='word_1_202' title='bbox 2250 2281 2387 2344; x_wconf 88' lang='lat' dir='ltr'><strong>per-</strong></span> 
     </span>
     <span class='ocr_line' id='line_1_35' title="bbox 893 2360 2392 2443; baseline 0.001 -21"><span class='ocrx_word' id='word_1_203' title='bbox 893 2360 1081 2424; x_wconf 75' lang='lat' dir='ltr'><strong>fectio</strong></span> <span class='ocrx_word' id='word_1_204' title='bbox 1106 2381 1244 2443; x_wconf 82' lang='lat' dir='ltr'><strong>quae</strong></span> <span class='ocrx_word' id='word_1_205' title='bbox 1275 2379 1401 2424; x_wconf 91' lang='lat' dir='ltr'><strong>non</strong></span> <span class='ocrx_word' id='word_1_206' title='bbox 1433 2361 1754 2443; x_wconf 78' lang='lat' dir='ltr'><strong>subJaceat</strong></span> <span class='ocrx_word' id='word_1_207' title='bbox 1785 2361 2225 2424; x_wconf 89' lang='lat' dir='ltr'><strong>mutabilitatis</strong></span> <span class='ocrx_word' id='word_1_208' title='bbox 2258 2380 2392 2442; x_wconf 88' lang='lat' dir='ltr'><strong>pas-</strong></span> 
     </span>
     <span class='ocr_line' id='line_1_36' title="bbox 891 2460 2388 2541; baseline -0.001 -19"><span class='ocrx_word' id='word_1_209' title='bbox 891 2460 1077 2535; x_wconf 91' lang='lat' dir='ltr'><strong>sioni,</strong></span> <span class='ocrx_word' id='word_1_210' title='bbox 1109 2460 1290 2541; x_wconf 87' lang='lat' dir='ltr'><strong>juxta</strong></span> <span class='ocrx_word' id='word_1_211' title='bbox 1334 2461 1490 2523; x_wconf 92' lang='lat' dir='ltr'><strong>illud</strong></span> <span class='ocrx_word' id='word_1_212' title='bbox 1533 2461 1599 2522; x_wconf 92' lang='lat' dir='ltr'><strong>in</strong></span> <span class='ocrx_word' id='word_1_213' title='bbox 1634 2461 1800 2524; x_wconf 92' lang='lat' dir='ltr'><strong>libro</strong></span> <span class='ocrx_word' id='word_1_214' title='bbox 1829 2460 1997 2523; x_wconf 87' lang='lat' dir='ltr'><strong>beati</strong></span> <span class='ocrx_word' id='word_1_215' title='bbox 2026 2460 2142 2524; x_wconf 88' lang='lat' dir='ltr'><strong>Job</strong></span> <span class='ocrx_word' id='word_1_216' title='bbox 2177 2480 2192 2525; x_wconf 74' lang='grc' dir='ltr'>ε</span> <span class='ocrx_word' id='word_1_217' title='bbox 2228 2460 2388 2533; x_wconf 89' lang='lat' dir='ltr'><strong>Quid</strong></span> 
     </span>
     <span class='ocr_line' id='line_1_37' title="bbox 889 2560 2390 2641; baseline 0 -20"><span class='ocrx_word' id='word_1_218' title='bbox 889 2568 985 2621; x_wconf 88' lang='lat' dir='ltr'><strong>est</strong></span> <span class='ocrx_word' id='word_1_219' title='bbox 1017 2561 1208 2624; x_wconf 92' lang='lat' dir='ltr'><strong>homo</strong></span> <span class='ocrx_word' id='word_1_220' title='bbox 1242 2569 1308 2622; x_wconf 92' lang='lat' dir='ltr'><strong>ut</strong></span> <span class='ocrx_word' id='word_1_221' title='bbox 1341 2561 1786 2624; x_wconf 90' lang='lat' dir='ltr'><strong>immaculatus</strong></span> <span class='ocrx_word' id='word_1_222' title='bbox 1819 2561 1921 2634; x_wconf 86' lang='lat' dir='ltr'><strong>sit,</strong></span> <span class='ocrx_word' id='word_1_223' title='bbox 1949 2569 2012 2622; x_wconf 89' lang='lat' dir='ltr'><strong>et</strong></span> <span class='ocrx_word' id='word_1_224' title='bbox 2040 2560 2253 2641; x_wconf 90' lang='lat' dir='ltr'><strong>justus</strong></span> <span class='ocrx_word' id='word_1_225' title='bbox 2282 2579 2390 2641; x_wconf 88' lang='lat' dir='ltr'><strong>ap-</strong></span> 
     </span>
     <span class='ocr_line' id='line_1_38' title="bbox 892 2659 2392 2742; baseline -0.001 -21"><span class='ocrx_word' id='word_1_226' title='bbox 892 2667 1106 2742; x_wconf 88' lang='lat' dir='ltr'><strong>pareat</strong></span> <span class='ocrx_word' id='word_1_227' title='bbox 1146 2667 1329 2721; x_wconf 88' lang='lat' dir='ltr'><strong>natus</strong></span> <span class='ocrx_word' id='word_1_228' title='bbox 1369 2661 1445 2722; x_wconf 90' lang='lat' dir='ltr'><strong>de</strong></span> <span class='ocrx_word' id='word_1_229' title='bbox 1492 2659 1800 2723; x_wconf 65' lang='lat' dir='ltr'><strong>muliere?</strong></span> <span class='ocrx_word' id='word_1_230' title='bbox 1841 2661 2002 2722; x_wconf 87' lang='lat' dir='ltr'><strong>Ecce</strong></span> <span class='ocrx_word' id='word_1_231' title='bbox 2044 2661 2210 2722; x_wconf 85' lang='lat' dir='ltr'><strong>inter</strong></span> <span class='ocrx_word' id='word_1_232' title='bbox 2244 2659 2392 2721; x_wconf 91' lang='lat' dir='ltr'><strong>San-</strong></span> 
     </span>
     <span class='ocr_line' id='line_1_39' title="bbox 891 2757 2388 2839; baseline -0.002 -18"><span class='ocrx_word' id='word_1_233' title='bbox 891 2767 1024 2822; x_wconf 89' lang='lat' dir='ltr'><strong>ctos</strong></span> <span class='ocrx_word' id='word_1_234' title='bbox 1064 2759 1205 2839; x_wconf 88' lang='lat' dir='ltr'><strong>ejus</strong></span> <span class='ocrx_word' id='word_1_235' title='bbox 1244 2777 1432 2822; x_wconf 90' lang='lat' dir='ltr'><strong>nemo</strong></span> <span class='ocrx_word' id='word_1_236' title='bbox 1480 2759 1921 2833; x_wconf 77' lang='lat' dir='ltr'><strong>immutabiliS‚</strong></span> <span class='ocrx_word' id='word_1_237' title='bbox 1965 2765 2028 2820; x_wconf 91' lang='lat' dir='ltr'><strong>et</strong></span> <span class='ocrx_word' id='word_1_238' title='bbox 2072 2757 2214 2820; x_wconf 89' lang='lat' dir='ltr'><strong>coeli</strong></span> <span class='ocrx_word' id='word_1_239' title='bbox 2265 2775 2388 2820; x_wconf 91' lang='lat' dir='ltr'><strong>non</strong></span> 
     </span>
     <span class='ocr_line' id='line_1_40' title="bbox 891 2858 2393 2940; baseline -0.001 -20"><span class='ocrx_word' id='word_1_240' title='bbox 891 2867 1040 2921; x_wconf 90' lang='lat' dir='ltr'><strong>sunt</strong></span> <span class='ocrx_word' id='word_1_241' title='bbox 1071 2858 1290 2920; x_wconf 90' lang='lat' dir='ltr'><strong>mundi</strong></span> <span class='ocrx_word' id='word_1_242' title='bbox 1327 2859 1391 2920; x_wconf 90' lang='lat' dir='ltr'><strong>in</strong></span> <span class='ocrx_word' id='word_1_243' title='bbox 1424 2866 1769 2940; x_wconf 89' lang='lat' dir='ltr'><strong>conspectu</strong></span> <span class='ocrx_word' id='word_1_244' title='bbox 1801 2858 2197 2939; x_wconf 82' lang='lat' dir='ltr'><strong>ejuS.Solum</strong></span> <span class='ocrx_word' id='word_1_245' title='bbox 2228 2877 2393 2918; x_wconf 91' lang='lat' dir='ltr'><strong>nam·</strong></span> 
     </span>
     <span class='ocr_line' id='line_1_41' title="bbox 890 2955 2385 3040; baseline -0.003 -20"><span class='ocrx_word' id='word_1_246' title='bbox 890 2977 1016 3040; x_wconf 91' lang='lat' dir='ltr'><strong>que</strong></span> <span class='ocrx_word' id='word_1_247' title='bbox 1066 2959 1266 3020; x_wconf 90' lang='lat' dir='ltr'><strong>Deum</strong></span> <span class='ocrx_word' id='word_1_248' title='bbox 1317 2956 1786 3019; x_wconf 82' lang='lat' dir='ltr'><strong>immutabilem</strong></span> <span class='ocrx_word' id='word_1_249' title='bbox 1833 2955 2239 3028; x_wconf 78' lang='lat' dir='ltr'><strong>confitemur,</strong></span> <span class='ocrx_word' id='word_1_250' title='bbox 2285 2955 2385 3017; x_wconf 89' lang='lat' dir='ltr'><strong>cui</strong></span> 
     </span>
    </p>
   </div>
   <div class='ocr_carea' id='block_1_11' title="bbox 2497 1965 3993 2326">
    <p class='ocr_par' dir='ltr' id='par_1_11' title="bbox 2497 1965 3993 2326">
     <span class='ocr_line' id='line_1_42' title="bbox 2498 1965 3993 2048; baseline 0.001 -21"><span class='ocrx_word' id='word_1_251' title='bbox 2498 1966 2653 2029; x_wconf 89' lang='lat' dir='ltr'><strong>libet</strong></span> <span class='ocrx_word' id='word_1_252' title='bbox 2682 1966 2921 2028; x_wconf 85' lang='lat' dir='ltr'><strong>etenim</strong></span> <span class='ocrx_word' id='word_1_253' title='bbox 2962 1985 3142 2028; x_wconf 90' lang='lat' dir='ltr'><strong>mens</strong></span> <span class='ocrx_word' id='word_1_254' title='bbox 3184 1973 3325 2048; x_wconf 90' lang='lat' dir='ltr'><strong>post</strong></span> <span class='ocrx_word' id='word_1_255' title='bbox 3354 1967 3489 2029; x_wconf 77' lang='lat' dir='ltr'><strong>haec</strong></span> <span class='ocrx_word' id='word_1_256' title='bbox 3532 1965 3721 2028; x_wconf 82' lang='lat' dir='ltr'><strong>fuerit</strong></span> <span class='ocrx_word' id='word_1_257' title='bbox 3764 1966 3843 2028; x_wconf 88' lang='lat' dir='ltr'><strong>ad</strong></span> <span class='ocrx_word' id='word_1_258' title='bbox 3886 1966 3993 2028; x_wconf 93' lang='lat' dir='ltr'><strong>bo-</strong></span> 
     </span>
     <span class='ocr_line' id='line_1_43' title="bbox 2497 2065 3993 2146; baseline 0.001 -20"><span class='ocrx_word' id='word_1_259' title='bbox 2497 2085 2651 2127; x_wconf 92' lang='lat' dir='ltr'><strong>num</strong></span> <span class='ocrx_word' id='word_1_260' title='bbox 2705 2065 2966 2140; x_wconf 87' lang='lat' dir='ltr'><strong>intenta,</strong></span> <span class='ocrx_word' id='word_1_261' title='bbox 3012 2065 3303 2128; x_wconf 86' lang='lat' dir='ltr'><strong>instantis</strong></span> <span class='ocrx_word' id='word_1_262' title='bbox 3352 2065 3476 2126; x_wconf 89' lang='lat' dir='ltr'><strong>diei</strong></span> <span class='ocrx_word' id='word_1_263' title='bbox 3528 2072 3624 2126; x_wconf 92' lang='lat' dir='ltr'><strong>est</strong></span> <span class='ocrx_word' id='word_1_264' title='bbox 3668 2065 3993 2146; x_wconf 77' lang='lat' dir='ltr'><strong>profectus</strong></span> 
     </span>
     <span class='ocr_line' id='line_1_44' title="bbox 2497 2163 3993 2246; baseline -0.001 -19"><span class='ocrx_word' id='word_1_265' title='bbox 2497 2172 2559 2227; x_wconf 87' lang='lat' dir='ltr'><strong>et</strong></span> <span class='ocrx_word' id='word_1_266' title='bbox 2598 2165 2903 2245; x_wconf 88' lang='lat' dir='ltr'><strong>temporis</strong></span> <span class='ocrx_word' id='word_1_267' title='bbox 2944 2163 3274 2246; x_wconf 86' lang='lat' dir='ltr'><strong>praesentis</strong></span> <span class='ocrx_word' id='word_1_268' title='bbox 3314 2172 3617 2245; x_wconf 80' lang='lat' dir='ltr'><strong>quaestuS‚</strong></span> <span class='ocrx_word' id='word_1_269' title='bbox 3646 2182 3774 2227; x_wconf 91' lang='lat' dir='ltr'><strong>non</strong></span> <span class='ocrx_word' id='word_1_270' title='bbox 3816 2184 3993 2246; x_wconf 88' lang='lat' dir='ltr'><strong>repa-</strong></span> 
     </span>
     <span class='ocr_line' id='line_1_45' title="bbox 2498 2263 3383 2326; baseline 0 -2"><span class='ocrx_word' id='word_1_271' title='bbox 2498 2263 2657 2326; x_wconf 92' lang='lat' dir='ltr'><strong>ratio</strong></span> <span class='ocrx_word' id='word_1_272' title='bbox 2702 2263 2861 2325; x_wconf 83' lang='lat' dir='ltr'><strong>lueri</strong></span> <span class='ocrx_word' id='word_1_273' title='bbox 2906 2263 3101 2325; x_wconf 89' lang='lat' dir='ltr'><strong>semel</strong></span> <span class='ocrx_word' id='word_1_274' title='bbox 3144 2263 3383 2324; x_wconf 91' lang='lat' dir='ltr'><strong>amissi.</strong></span> 
     </span>
    </p>
   </div>
   <div class='ocr_carea' id='block_1_12' title="bbox 2876 2519 3608 2583">
    <p class='ocr_par' dir='ltr' id='par_1_12' title="bbox 2876 2519 3608 2583">
     <span class='ocr_line' id='line_1_46' title="bbox 2876 2519 3608 2583; baseline 0 -1"><span class='ocrx_word' id='word_1_275' title='bbox 2876 2519 3381 2583; x_wconf 78' lang='lat' dir='ltr'><strong>CAPITULUM</strong></span> <span class='ocrx_word' id='word_1_276' title='bbox 3426 2520 3608 2583; x_wconf 90' lang='lat' dir='ltr'>XVI.</span> 
     </span>
    </p>
   </div>
   <div class='ocr_carea' id='block_1_13' title="bbox 2634 2659 3861 2730">
    <p class='ocr_par' dir='ltr' id='par_1_13' title="bbox 2634 2659 3861 2730">
     <span class='ocr_line' id='line_1_47' title="bbox 2634 2659 3861 2730; baseline -0.001 -15"><span class='ocrx_word' id='word_1_277' title='bbox 2634 2661 2716 2715; x_wconf 93' lang='lat' dir='ltr'><strong>De</strong></span> <span class='ocrx_word' id='word_1_278' title='bbox 2744 2659 3084 2716; x_wconf 75' lang='lat' dir='ltr'><strong>mobilitate</strong></span> <span class='ocrx_word' id='word_1_279' title='bbox 3112 2675 3515 2730; x_wconf 81' lang='lat' dir='ltr'><strong>supernarum</strong></span> <span class='ocrx_word' id='word_1_280' title='bbox 3544 2660 3861 2716; x_wconf 78' lang='lat' dir='ltr'><strong>virtutum.</strong></span> 
     </span>
    </p>
   </div>
   <div class='ocr_carea' id='block_1_14' title="bbox 2623 2857 4001 3037">
    <p class='ocr_par' dir='ltr' id='par_1_14' title="bbox 2623 2857 4001 3037">
     <span class='ocr_line' id='line_1_48' title="bbox 2623 2857 4001 2939; baseline -0.001 -19"><span class='ocrx_word' id='word_1_281' title='bbox 2623 2857 2968 2920; x_wconf 77' lang='lat' dir='ltr'><strong>t&#39;PERNAs</strong></span> <span class='ocrx_word' id='word_1_282' title='bbox 3003 2857 3269 2919; x_wconf 88' lang='lat' dir='ltr'><strong>virtutes</strong></span> <span class='ocrx_word' id='word_1_283' title='bbox 3304 2876 3417 2918; x_wconf 89' lang='lat' dir='ltr'><strong>seu</strong></span> <span class='ocrx_word' id='word_1_284' title='bbox 3446 2858 3703 2939; x_wconf 81' lang='lat' dir='ltr'><strong>angelos</strong></span> <span class='ocrx_word' id='word_1_285' title='bbox 3736 2858 4001 2921; x_wconf 89' lang='lat' dir='ltr'><strong>mutabi-</strong></span> 
     </span>
     <span class='ocr_line' id='line_1_49' title="bbox 2643 2955 3995 3037; baseline 0 -20"><span class='ocrx_word' id='word_1_286' title='bbox 2643 2955 2802 3017; x_wconf 87' lang='lat' dir='ltr'><strong>litati</strong></span> <span class='ocrx_word' id='word_1_287' title='bbox 2836 2955 3189 3037; x_wconf 77' lang='lat' dir='ltr'><strong>subJacere,</strong></span> <span class='ocrx_word' id='word_1_288' title='bbox 3221 2963 3287 3016; x_wconf 91' lang='lat' dir='ltr'><strong>ut</strong></span> <span class='ocrx_word' id='word_1_289' title='bbox 3318 2955 3620 3030; x_wconf 81' lang='lat' dir='ltr'><strong>diximuS,</strong></span> <span class='ocrx_word' id='word_1_290' title='bbox 3648 2957 3995 3025; x_wconf 85' lang='lat' dir='ltr'><strong>declarant,</strong></span> 
     </span>
    </p>
   </div>
   <div class='ocr_carea' id='block_1_15' title="bbox 893 3054 4001 3138">
    <p class='ocr_par' dir='ltr' id='par_1_15' title="bbox 893 3054 4001 3138">
     <span class='ocr_line' id='line_1_50' title="bbox 893 3054 4001 3138; baseline -0.001 -18"><span class='ocrx_word' id='word_1_291' title='bbox 893 3058 1011 3120; x_wconf 93' lang='lat' dir='ltr'><strong>soli</strong></span> <span class='ocrx_word' id='word_1_292' title='bbox 1055 3057 1335 3138; x_wconf 90' lang='lat' dir='ltr'><strong>loquitur</strong></span> <span class='ocrx_word' id='word_1_293' title='bbox 1369 3063 1623 3118; x_wconf 83' lang='lat' dir='ltr'><strong>sanctus</strong></span> <span class='ocrx_word' id='word_1_294' title='bbox 1654 3056 1965 3138; x_wconf 86' lang='lat' dir='ltr'><strong>Propheta</strong></span> <span class='ocrx_word' id='word_1_295' title='bbox 1999 3075 2012 3119; x_wconf 75' lang='grc' dir='ltr'>ε</span> <span class='ocrx_word' id='word_1_296' title='bbox 2047 3055 2137 3116; x_wconf 84' lang='lat' dir='ltr'><strong>Tu</strong></span> <span class='ocrx_word' id='word_1_297' title='bbox 2175 3062 2389 3116; x_wconf 89' lang='lat' dir='ltr'><strong>autem</strong></span> <span class='ocrx_word' id='word_1_298' title='bbox 2428 3054 2471 3117; x_wconf 92' lang='lat' dir='ltr'>C</span> <span class='ocrx_word' id='word_1_299' title='bbox 2500 3055 2609 3138; x_wconf 90' lang='lat' dir='ltr'><strong>qui</strong></span> <span class='ocrx_word' id='word_1_300' title='bbox 2668 3055 2745 3116; x_wconf 91' lang='lat' dir='ltr'><strong>de</strong></span> <span class='ocrx_word' id='word_1_301' title='bbox 2801 3073 3021 3118; x_wconf 89' lang='lat' dir='ltr'><strong>eorum</strong></span> <span class='ocrx_word' id='word_1_302' title='bbox 3080 3073 3348 3118; x_wconf 89' lang='lat' dir='ltr'><strong>numero</strong></span> <span class='ocrx_word' id='word_1_303' title='bbox 3411 3063 3783 3117; x_wconf 88' lang='lat' dir='ltr'><strong>corruerunt</strong></span> <span class='ocrx_word' id='word_1_304' title='bbox 3840 3056 4001 3118; x_wconf 84' lang='lat' dir='ltr'><strong>vitio</strong></span> 
     </span>
    </p>
   </div>
   <div class='ocr_carea' id='block_1_16' title="bbox 891 3154 2395 4216">
    <p class='ocr_par' dir='ltr' id='par_1_16' title="bbox 891 3154 2395 4216">
     <span class='ocr_line' id='line_1_51' title="bbox 895 3154 2392 3237; baseline -0.001 -20"><span class='ocrx_word' id='word_1_305' title='bbox 895 3156 1064 3218; x_wconf 89' lang='lat' dir='ltr'><strong>idem</strong></span> <span class='ocrx_word' id='word_1_306' title='bbox 1097 3155 1232 3237; x_wconf 91' lang='lat' dir='ltr'><strong>ipse</strong></span> <span class='ocrx_word' id='word_1_307' title='bbox 1264 3173 1368 3233; x_wconf 89' lang='lat' dir='ltr'><strong>es;</strong></span> <span class='ocrx_word' id='word_1_308' title='bbox 1405 3164 1468 3217; x_wconf 89' lang='lat' dir='ltr'><strong>et</strong></span> <span class='ocrx_word' id='word_1_309' title='bbox 1499 3155 1769 3236; x_wconf 87' lang='lat' dir='ltr'><strong>ipsemet</strong></span> <span class='ocrx_word' id='word_1_310' title='bbox 1799 3154 2078 3236; x_wconf 87' lang='lat' dir='ltr'><strong>loquitur</strong></span> <span class='ocrx_word' id='word_1_311' title='bbox 2110 3173 2223 3236; x_wconf 91' lang='lat' dir='ltr'><strong>per</strong></span> <span class='ocrx_word' id='word_1_312' title='bbox 2251 3154 2392 3216; x_wconf 94' lang='lat' dir='ltr'><strong>Pro-</strong></span> 
     </span>
     <span class='ocr_line' id='line_1_52' title="bbox 898 3253 2388 3337; baseline -0.003 -20"><span class='ocrx_word' id='word_1_313' title='bbox 898 3255 1153 3337; x_wconf 89' lang='lat' dir='ltr'><strong>phetam</strong></span> <span class='ocrx_word' id='word_1_314' title='bbox 1207 3274 1221 3318; x_wconf 92' lang='lat'>:</span> <span class='ocrx_word' id='word_1_315' title='bbox 1277 3255 1406 3335; x_wconf 89' lang='lat' dir='ltr'><strong>Ego</strong></span> <span class='ocrx_word' id='word_1_316' title='bbox 1458 3253 1788 3328; x_wconf 77' lang='lat' dir='ltr'><strong>DominUS,</strong></span> <span class='ocrx_word' id='word_1_317' title='bbox 1834 3261 1893 3314; x_wconf 91' lang='lat' dir='ltr'><strong>et</strong></span> <span class='ocrx_word' id='word_1_318' title='bbox 1945 3270 2069 3314; x_wconf 90' lang='lat' dir='ltr'><strong>non</strong></span> <span class='ocrx_word' id='word_1_319' title='bbox 2127 3259 2388 3330; x_wconf 70' lang='lat' dir='ltr'><strong>mutor-3</strong></span> 
     </span>
     <span class='ocr_line' id='line_1_53' title="bbox 895 3351 2388 3436; baseline -0.002 -21"><span class='ocrx_word' id='word_1_320' title='bbox 895 3353 1198 3436; x_wconf 90' lang='lat' dir='ltr'><strong>quoniam</strong></span> <span class='ocrx_word' id='word_1_321' title='bbox 1248 3353 1385 3434; x_wconf 89' lang='lat' dir='ltr'><strong>ipse</strong></span> <span class='ocrx_word' id='word_1_322' title='bbox 1435 3352 1806 3414; x_wconf 83' lang='lat' dir='ltr'><strong>naturaliter</strong></span> <span class='ocrx_word' id='word_1_323' title='bbox 1858 3371 2110 3433; x_wconf 89' lang='lat' dir='ltr'><strong>semper</strong></span> <span class='ocrx_word' id='word_1_324' title='bbox 2161 3351 2388 3424; x_wconf 80' lang='lat' dir='ltr'><strong>bonuS,</strong></span> 
     </span>
     <span class='ocr_line' id='line_1_54' title="bbox 894 3449 2391 3534; baseline -0.002 -20"><span class='ocrx_word' id='word_1_325' title='bbox 894 3471 1148 3533; x_wconf 84' lang='lat' dir='ltr'><strong>semper</strong></span> <span class='ocrx_word' id='word_1_326' title='bbox 1193 3452 1442 3534; x_wconf 91' lang='lat' dir='ltr'><strong>plenus,</strong></span> <span class='ocrx_word' id='word_1_327' title='bbox 1478 3470 1731 3532; x_wconf 87' lang='lat' dir='ltr'><strong>semper</strong></span> <span class='ocrx_word' id='word_1_328' title='bbox 1775 3450 2118 3532; x_wconf 81' lang='lat' dir='ltr'><strong>perfectus,</strong></span> <span class='ocrx_word' id='word_1_329' title='bbox 2151 3450 2256 3512; x_wconf 93' lang='lat' dir='ltr'><strong>cui</strong></span> <span class='ocrx_word' id='word_1_330' title='bbox 2302 3449 2391 3511; x_wconf 91' lang='lat' dir='ltr'><strong>nil</strong></span> 
     </span>
     <span class='ocr_line' id='line_1_55' title="bbox 893 3548 2392 3632; baseline -0.001 -20"><span class='ocrx_word' id='word_1_331' title='bbox 893 3551 1038 3612; x_wconf 89' lang='lat' dir='ltr'><strong>addi</strong></span> <span class='ocrx_word' id='word_1_332' title='bbox 1081 3557 1287 3632; x_wconf 89' lang='lat' dir='ltr'><strong>potest</strong></span> <span class='ocrx_word' id='word_1_333' title='bbox 1331 3558 1438 3611; x_wconf 90' lang='lat' dir='ltr'><strong>aut</strong></span> <span class='ocrx_word' id='word_1_334' title='bbox 1480 3548 1702 3611; x_wconf 89' lang='lat' dir='ltr'><strong>minui.</strong></span> <span class='ocrx_word' id='word_1_335' title='bbox 1740 3549 1884 3611; x_wconf 87' lang='lat' dir='ltr'><strong>ldeo</strong></span> <span class='ocrx_word' id='word_1_336' title='bbox 1925 3549 2232 3611; x_wconf 90' lang='lat' dir='ltr'><strong>debemus</strong></span> <span class='ocrx_word' id='word_1_337' title='bbox 2278 3567 2392 3612; x_wconf 90' lang='lat' dir='ltr'><strong>nos</strong></span> 
     </span>
     <span class='ocr_line' id='line_1_56' title="bbox 895 3647 2391 3730; baseline -0.001 -20"><span class='ocrx_word' id='word_1_338' title='bbox 895 3668 1148 3730; x_wconf 89' lang='lat' dir='ltr'><strong>semper</strong></span> <span class='ocrx_word' id='word_1_339' title='bbox 1197 3649 1536 3710; x_wconf 88' lang='lat' dir='ltr'><strong>extendere</strong></span> <span class='ocrx_word' id='word_1_340' title='bbox 1585 3648 1663 3710; x_wconf 92' lang='lat' dir='ltr'><strong>ad</strong></span> <span class='ocrx_word' id='word_1_341' title='bbox 1712 3648 1920 3710; x_wconf 87' lang='lat' dir='ltr'><strong>studia</strong></span> <span class='ocrx_word' id='word_1_342' title='bbox 1961 3655 2023 3708; x_wconf 85' lang='lat' dir='ltr'><strong>et</strong></span> <span class='ocrx_word' id='word_1_343' title='bbox 2067 3647 2391 3729; x_wconf 83' lang='lat' dir='ltr'><strong>profectus</strong></span> 
     </span>
     <span class='ocr_line' id='line_1_57' title="bbox 893 3744 2391 3815; baseline -0.002 -6"><span class='ocrx_word' id='word_1_344' title='bbox 893 3747 1203 3809; x_wconf 88' lang='lat' dir='ltr'><strong>virtutum</strong></span> <span class='ocrx_word' id='word_1_345' title='bbox 1266 3746 1698 3809; x_wconf 90' lang='lat' dir='ltr'><strong>sollicitudine</strong></span> <span class='ocrx_word' id='word_1_346' title='bbox 1757 3744 2094 3815; x_wconf 76' lang='lat' dir='ltr'><strong>indefessa,</strong></span> <span class='ocrx_word' id='word_1_347' title='bbox 2147 3753 2209 3807; x_wconf 87' lang='lat' dir='ltr'><strong>et</strong></span> <span class='ocrx_word' id='word_1_348' title='bbox 2266 3745 2391 3807; x_wconf 83' lang='lat' dir='ltr'><strong>vir-</strong></span> 
     </span>
     <span class='ocr_line' id='line_1_58' title="bbox 894 3845 2391 3926; baseline -0.001 -19"><span class='ocrx_word' id='word_1_349' title='bbox 894 3846 1094 3910; x_wconf 87' lang='lat' dir='ltr'><strong>tuosis</strong></span> <span class='ocrx_word' id='word_1_350' title='bbox 1141 3845 1460 3908; x_wconf 86' lang='lat' dir='ltr'><strong>exercitiis</strong></span> <span class='ocrx_word' id='word_1_351' title='bbox 1508 3863 1623 3908; x_wconf 90' lang='lat' dir='ltr'><strong>nos</strong></span> <span class='ocrx_word' id='word_1_352' title='bbox 1664 3845 1900 3926; x_wconf 88' lang='lat' dir='ltr'><strong>jugiter</strong></span> <span class='ocrx_word' id='word_1_353' title='bbox 1944 3863 2279 3926; x_wconf 88' lang='lat' dir='ltr'><strong>occupare,</strong></span> <span class='ocrx_word' id='word_1_354' title='bbox 2312 3863 2391 3906; x_wconf 93' lang='lat' dir='ltr'><strong>ne</strong></span> 
     </span>
     <span class='ocr_line' id='line_1_59' title="bbox 894 3943 2393 4028; baseline -0.001 -20"><span class='ocrx_word' id='word_1_355' title='bbox 894 3954 1181 4009; x_wconf 90' lang='lat' dir='ltr'><strong>cessante</strong></span> <span class='ocrx_word' id='word_1_356' title='bbox 1213 3945 1526 4028; x_wconf 79' lang='lat' dir='ltr'><strong>profectu,</strong></span> <span class='ocrx_word' id='word_1_357' title='bbox 1560 3952 1861 4027; x_wconf 87' lang='lat' dir='ltr'><strong>sequatur</strong></span> <span class='ocrx_word' id='word_1_358' title='bbox 1891 3943 2164 4007; x_wconf 82' lang='lat' dir='ltr'><strong>defectio</strong></span> <span class='ocrx_word' id='word_1_359' title='bbox 2195 3962 2208 4005; x_wconf 74' lang='grc' dir='ltr'>ε</span> <span class='ocrx_word' id='word_1_360' title='bbox 2241 3944 2393 4025; x_wconf 88' lang='lat' dir='ltr'><strong>quia</strong></span> 
     </span>
     <span class='ocr_line' id='line_1_60' title="bbox 891 4042 2392 4127; baseline -0.003 -20"><span class='ocrx_word' id='word_1_361' title='bbox 891 4047 992 4127; x_wconf 89' lang='lat' dir='ltr'><strong>(ut</strong></span> <span class='ocrx_word' id='word_1_362' title='bbox 1030 4043 1338 4125; x_wconf 86' lang='lat' dir='ltr'><strong>diximus)</strong></span> <span class='ocrx_word' id='word_1_363' title='bbox 1378 4063 1557 4106; x_wconf 89' lang='lat' dir='ltr'><strong>mens</strong></span> <span class='ocrx_word' id='word_1_364' title='bbox 1599 4043 1664 4104; x_wconf 91' lang='lat' dir='ltr'><strong>in</strong></span> <span class='ocrx_word' id='word_1_365' title='bbox 1707 4061 1832 4104; x_wconf 93' lang='lat' dir='ltr'><strong>uno</strong></span> <span class='ocrx_word' id='word_1_366' title='bbox 1866 4049 1929 4104; x_wconf 85' lang='lat' dir='ltr'><strong>et</strong></span> <span class='ocrx_word' id='word_1_367' title='bbox 1963 4042 2185 4104; x_wconf 88' lang='lat' dir='ltr'><strong>eodem</strong></span> <span class='ocrx_word' id='word_1_368' title='bbox 2226 4050 2392 4104; x_wconf 88' lang='lat' dir='ltr'><strong>statu</strong></span> 
     </span>
     <span class='ocr_line' id='line_1_61' title="bbox 895 4141 2395 4216; baseline -0.003 -9"><span class='ocrx_word' id='word_1_369' title='bbox 895 4162 1150 4207; x_wconf 88' lang='lat' dir='ltr'><strong>manere</strong></span> <span class='ocrx_word' id='word_1_370' title='bbox 1205 4162 1332 4207; x_wconf 92' lang='lat' dir='ltr'><strong>non</strong></span> <span class='ocrx_word' id='word_1_371' title='bbox 1382 4143 1568 4216; x_wconf 85' lang='lat' dir='ltr'><strong>valet,</strong></span> <span class='ocrx_word' id='word_1_372' title='bbox 1613 4151 1682 4204; x_wconf 91' lang='lat' dir='ltr'><strong>ut</strong></span> <span class='ocrx_word' id='word_1_373' title='bbox 1732 4141 1976 4204; x_wconf 89' lang='lat' dir='ltr'><strong>scilicet</strong></span> <span class='ocrx_word' id='word_1_374' title='bbox 2027 4160 2144 4204; x_wconf 90' lang='lat' dir='ltr'><strong>nec</strong></span> <span class='ocrx_word' id='word_1_375' title='bbox 2197 4141 2395 4203; x_wconf 90' lang='lat' dir='ltr'><strong>incre-</strong></span> 
     </span>
    </p>
   </div>
   <div class='ocr_carea' id='block_1_17' title="bbox 2500 3153 4005 4023">
    <p class='ocr_par' dir='ltr' id='par_1_17' title="bbox 2500 3153 4005 4023">
     <span class='ocr_line' id='line_1_62' title="bbox 2501 3153 3996 3236; baseline 0.001 -22"><span class='ocrx_word' id='word_1_376' title='bbox 2501 3153 2842 3216; x_wconf 84' lang='lat' dir='ltr'><strong>voluntatis</strong></span> <span class='ocrx_word' id='word_1_377' title='bbox 2879 3161 3210 3236; x_wconf 81' lang='lat' dir='ltr'><strong>corruptae.</strong></span> <span class='ocrx_word' id='word_1_378' title='bbox 3246 3154 3422 3216; x_wconf 77' lang='lat' dir='ltr'><strong>Unde</strong></span> <span class='ocrx_word' id='word_1_379' title='bbox 3452 3171 3569 3215; x_wconf 87' lang='lat' dir='ltr'><strong>nec</strong></span> <span class='ocrx_word' id='word_1_380' title='bbox 3602 3153 3695 3215; x_wconf 92' lang='lat' dir='ltr'><strong>illi</strong></span> <span class='ocrx_word' id='word_1_381' title='bbox 3730 3155 3996 3235; x_wconf 83' lang='lat' dir='ltr'><strong>putandi</strong></span> 
     </span>
     <span class='ocr_line' id='line_1_63' title="bbox 2500 3244 4003 3334; baseline 0.001 -20"><span class='ocrx_word' id='word_1_382' title='bbox 2500 3260 2647 3314; x_wconf 91' lang='lat' dir='ltr'><strong>sunt</strong></span> <span class='ocrx_word' id='word_1_383' title='bbox 2693 3244 3114 3313; x_wconf 85' lang='lat' dir='ltr'><strong>immutabilis</strong></span> <span class='ocrx_word' id='word_1_384' title='bbox 3156 3271 3295 3313; x_wconf 88' lang='lat' dir='ltr'><strong>esse</strong></span> <span class='ocrx_word' id='word_1_385' title='bbox 3339 3259 3599 3326; x_wconf 82' lang='lat' dir='ltr'><strong>naturae,</strong></span> <span class='ocrx_word' id='word_1_386' title='bbox 3634 3252 3745 3334; x_wconf 89' lang='lat' dir='ltr'><strong>qui</strong></span> <span class='ocrx_word' id='word_1_387' title='bbox 3792 3272 4003 3334; x_wconf 86' lang='lat' dir='ltr'><strong>perse-</strong></span> 
     </span>
     <span class='ocr_line' id='line_1_64' title="bbox 2502 3349 4002 3432; baseline 0.001 -20"><span class='ocrx_word' id='word_1_388' title='bbox 2502 3358 2719 3413; x_wconf 87' lang='lat' dir='ltr'><strong>verant</strong></span> <span class='ocrx_word' id='word_1_389' title='bbox 2752 3351 2817 3412; x_wconf 92' lang='lat' dir='ltr'><strong>in</strong></span> <span class='ocrx_word' id='word_1_390' title='bbox 2857 3349 3252 3412; x_wconf 88' lang='lat' dir='ltr'><strong>beatitudine</strong></span> <span class='ocrx_word' id='word_1_391' title='bbox 3287 3351 3353 3411; x_wconf 91' lang='lat' dir='ltr'><strong>in</strong></span> <span class='ocrx_word' id='word_1_392' title='bbox 3389 3369 3516 3432; x_wconf 90' lang='lat' dir='ltr'><strong>qua</strong></span> <span class='ocrx_word' id='word_1_393' title='bbox 3548 3358 3799 3413; x_wconf 84' lang='lat' dir='ltr'><strong>exstant</strong></span> <span class='ocrx_word' id='word_1_394' title='bbox 3829 3370 4002 3414; x_wconf 88' lang='lat' dir='ltr'><strong>crea—</strong></span> 
     </span>
     <span class='ocr_line' id='line_1_65' title="bbox 2500 3447 4005 3530; baseline 0 -19"><span class='ocrx_word' id='word_1_395' title='bbox 2500 3449 2567 3511; x_wconf 91' lang='lat' dir='ltr'><strong>ti.</strong></span> <span class='ocrx_word' id='word_1_396' title='bbox 2605 3448 2791 3511; x_wconf 88' lang='lat' dir='ltr'><strong>Aliud</strong></span> <span class='ocrx_word' id='word_1_397' title='bbox 2832 3466 3107 3530; x_wconf 89' lang='lat' dir='ltr'><strong>namque</strong></span> <span class='ocrx_word' id='word_1_398' title='bbox 3140 3455 3236 3508; x_wconf 90' lang='lat' dir='ltr'><strong>est</strong></span> <span class='ocrx_word' id='word_1_399' title='bbox 3267 3447 3688 3511; x_wconf 88' lang='lat' dir='ltr'><strong>immutabilis</strong></span> <span class='ocrx_word' id='word_1_400' title='bbox 3721 3468 3863 3511; x_wconf 90' lang='lat' dir='ltr'><strong>esse</strong></span> <span class='ocrx_word' id='word_1_401' title='bbox 3898 3468 4005 3511; x_wconf 84' lang='lat' dir='ltr'><strong>na-</strong></span> 
     </span>
     <span class='ocr_line' id='line_1_66' title="bbox 2501 3545 4000 3628; baseline -0.001 -18"><span class='ocrx_word' id='word_1_402' title='bbox 2501 3556 2679 3621; x_wconf 81' lang='lat' dir='ltr'><strong>turae,</strong></span> <span class='ocrx_word' id='word_1_403' title='bbox 2720 3546 2893 3609; x_wconf 91' lang='lat' dir='ltr'><strong>aliud</strong></span> <span class='ocrx_word' id='word_1_404' title='bbox 2943 3564 3057 3628; x_wconf 90' lang='lat' dir='ltr'><strong>per</strong></span> <span class='ocrx_word' id='word_1_405' title='bbox 3102 3545 3521 3608; x_wconf 91' lang='lat' dir='ltr'><strong>immutabilis</strong></span> <span class='ocrx_word' id='word_1_406' title='bbox 3572 3545 3682 3608; x_wconf 89' lang='lat' dir='ltr'><strong>Dei</strong></span> <span class='ocrx_word' id='word_1_407' title='bbox 3730 3548 4000 3628; x_wconf 86' lang='lat' dir='ltr'><strong>gratiam</strong></span> 
     </span>
     <span class='ocr_line' id='line_1_67' title="bbox 2501 3645 4002 3718; baseline 0.001 -11"><span class='ocrx_word' id='word_1_408' title='bbox 2501 3665 2628 3708; x_wconf 90' lang='lat' dir='ltr'><strong>non</strong></span> <span class='ocrx_word' id='word_1_409' title='bbox 2680 3645 2932 3718; x_wconf 87' lang='lat' dir='ltr'><strong>mutari,</strong></span> <span class='ocrx_word' id='word_1_410' title='bbox 2980 3653 3397 3708; x_wconf 88' lang='lat' dir='ltr'><strong>concurrente</strong></span> <span class='ocrx_word' id='word_1_411' title='bbox 3446 3647 3525 3707; x_wconf 85' lang='lat' dir='ltr'><strong>ad</strong></span> <span class='ocrx_word' id='word_1_412' title='bbox 3574 3645 3693 3706; x_wconf 89' lang='lat' dir='ltr'><strong>hoc</strong></span> <span class='ocrx_word' id='word_1_413' title='bbox 3742 3646 4002 3708; x_wconf 87' lang='lat' dir='ltr'><strong>virtutis</strong></span> 
     </span>
     <span class='ocr_line' id='line_1_68' title="bbox 2503 3743 3999 3825; baseline -0.001 -18"><span class='ocrx_word' id='word_1_414' title='bbox 2503 3744 2814 3807; x_wconf 87' lang='lat' dir='ltr'><strong>industria</strong></span> <span class='ocrx_word' id='word_1_415' title='bbox 2842 3763 2915 3805; x_wconf 88' lang='lat' dir='ltr'><strong>ac</strong></span> <span class='ocrx_word' id='word_1_416' title='bbox 2947 3743 3097 3805; x_wconf 91' lang='lat' dir='ltr'><strong>boni</strong></span> <span class='ocrx_word' id='word_1_417' title='bbox 3130 3744 3435 3806; x_wconf 89' lang='lat' dir='ltr'><strong>custodia.</strong></span> <span class='ocrx_word' id='word_1_418' title='bbox 3471 3743 3789 3825; x_wconf 87' lang='lat' dir='ltr'><strong>Quidquid</strong></span> <span class='ocrx_word' id='word_1_419' title='bbox 3824 3745 3999 3807; x_wconf 90' lang='lat' dir='ltr'><strong>enim</strong></span> 
     </span>
     <span class='ocr_line' id='line_1_69' title="bbox 2502 3841 4005 3926; baseline 0.001 -21"><span class='ocrx_word' id='word_1_420' title='bbox 2502 3863 2617 3926; x_wconf 88' lang='lat' dir='ltr'><strong>per</strong></span> <span class='ocrx_word' id='word_1_421' title='bbox 2646 3842 3041 3924; x_wconf 83' lang='lat' dir='ltr'><strong>diligentiam</strong></span> <span class='ocrx_word' id='word_1_422' title='bbox 3071 3841 3427 3923; x_wconf 88' lang='lat' dir='ltr'><strong>acquiritur</strong></span> <span class='ocrx_word' id='word_1_423' title='bbox 3454 3849 3564 3904; x_wconf 87' lang='lat' dir='ltr'><strong>aut</strong></span> <span class='ocrx_word' id='word_1_424' title='bbox 3598 3849 3874 3912; x_wconf 75' lang='lat' dir='ltr'><strong>tenetur.</strong></span> <span class='ocrx_word' id='word_1_425' title='bbox 3902 3863 4005 3926; x_wconf 88' lang='lat' dir='ltr'><strong>po-</strong></span> 
     </span>
     <span class='ocr_line' id='line_1_70' title="bbox 2501 3940 3997 4023; baseline 0.001 -20"><span class='ocrx_word' id='word_1_426' title='bbox 2501 3949 2626 4005; x_wconf 89' lang='lat' dir='ltr'><strong>test</strong></span> <span class='ocrx_word' id='word_1_427' title='bbox 2667 3941 2857 4003; x_wconf 89' lang='lat' dir='ltr'><strong>etiam</strong></span> <span class='ocrx_word' id='word_1_428' title='bbox 2907 3959 3021 4023; x_wconf 90' lang='lat' dir='ltr'><strong>per</strong></span> <span class='ocrx_word' id='word_1_429' title='bbox 3065 3940 3515 4022; x_wconf 89' lang='lat' dir='ltr'><strong>negligentiam</strong></span> <span class='ocrx_word' id='word_1_430' title='bbox 3558 3941 3851 4022; x_wconf 90' lang='lat' dir='ltr'><strong>deperire</strong></span> <span class='ocrx_word' id='word_1_431' title='bbox 3893 3952 3997 4005; x_wconf 85' lang='lat' dir='ltr'><strong>aut</strong></span> 
     </span>
    </p>
   </div>
   <div class='ocr_carea' id='block_1_18' title="bbox 2504 4039 4261 4203">
    <p class='ocr_par' dir='ltr' id='par_1_18' title="bbox 2504 4039 4261 4203">
     <span class='ocr_line' id='line_1_71' title="bbox 2504 4039 4261 4169; baseline 0.001 -65"><span class='ocrx_word' id='word_1_432' title='bbox 2504 4041 2703 4124; x_wconf 92' lang='lat' dir='ltr'><strong>perdi.</strong></span> <span class='ocrx_word' id='word_1_433' title='bbox 2758 4041 2904 4103; x_wconf 91' lang='lat' dir='ltr'><strong>Ideo</strong></span> <span class='ocrx_word' id='word_1_434' title='bbox 2962 4040 3270 4121; x_wconf 89' lang='lat' dir='ltr'><strong>scriptum</strong></span> <span class='ocrx_word' id='word_1_435' title='bbox 3320 4049 3417 4102; x_wconf 91' lang='lat' dir='ltr'><strong>est</strong></span> <span class='ocrx_word' id='word_1_436' title='bbox 3468 4058 3481 4101; x_wconf 92' lang='lat'>:</span> <span class='ocrx_word' id='word_1_437' title='bbox 3534 4039 3623 4102; x_wconf 90' lang='lat' dir='ltr'><strong>Ne</strong></span> <span class='ocrx_word' id='word_1_438' title='bbox 3677 4040 4001 4120; x_wconf 78' lang='lat' dir='ltr'><strong>justifices</strong></span> <span class='ocrx_word' id='word_1_439' title='bbox 4028 4065 4261 4169; x_wconf 55' lang='grc' dir='ltr'><strong>εαιιᾶεςξ,</strong></span> 
     </span>
     <span class='ocr_line' id='line_1_72' title="bbox 3946 4131 4257 4203; baseline -0.016 -32"><span class='ocrx_word' id='word_1_440' title='bbox 3946 4161 4005 4203; x_wconf 60' lang='lat' dir='ltr'><strong>e·</strong></span> <span class='ocrx_word' id='word_1_441' title='bbox 4028 4131 4145 4185; x_wconf 71' lang='lat' dir='ltr'><strong>juxta</strong></span> <span class='ocrx_word' id='word_1_442' title='bbox 4218 4155 4257 4166; x_wconf 83' lang='lat'><strong>..</strong></span> 
     </span>
    </p>
   </div>
   <div class='ocr_carea' id='block_1_19' title="bbox 2504 4138 3940 4220">
    <p class='ocr_par' dir='ltr' id='par_1_19' title="bbox 2504 4138 3940 4220">
     <span class='ocr_line' id='line_1_73' title="bbox 2504 4138 3940 4220; baseline 0.001 -18"><span class='ocrx_word' id='word_1_443' title='bbox 2504 4141 2829 4204; x_wconf 89' lang='lat' dir='ltr'><strong>hominem</strong></span> <span class='ocrx_word' id='word_1_444' title='bbox 2879 4146 3025 4201; x_wconf 91' lang='lat' dir='ltr'><strong>ante</strong></span> <span class='ocrx_word' id='word_1_445' title='bbox 3073 4138 3316 4201; x_wconf 90' lang='lat' dir='ltr'><strong>exitum</strong></span> <span class='ocrx_word' id='word_1_446' title='bbox 3367 4157 3589 4216; x_wconf 83' lang='lat' dir='ltr'><strong>suum3</strong></span> <span class='ocrx_word' id='word_1_447' title='bbox 3637 4140 3790 4220; x_wconf 90' lang='lat' dir='ltr'><strong>quia</strong></span> <span class='ocrx_word' id='word_1_448' title='bbox 3832 4141 3940 4204; x_wconf 87' lang='lat' dir='ltr'><strong>vid</strong></span> 
     </span>
    </p>
   </div>
   <div class='ocr_carea' id='block_1_20' title="bbox 897 4236 4005 4323">
    <p class='ocr_par' dir='ltr' id='par_1_20' title="bbox 897 4236 4005 4323">
     <span class='ocr_line' id='line_1_74' title="bbox 897 4236 4005 4323; baseline -0.002 -17"><span class='ocrx_word' id='word_1_449' title='bbox 897 4251 1109 4306; x_wconf 92' lang='lat' dir='ltr'><strong>menta</strong></span> <span class='ocrx_word' id='word_1_450' title='bbox 1151 4242 1459 4305; x_wconf 76' lang='lat' dir='ltr'><strong>virtutum</strong></span> <span class='ocrx_word' id='word_1_451' title='bbox 1504 4241 1810 4323; x_wconf 84' lang='lat' dir='ltr'><strong>acquirat,</strong></span> <span class='ocrx_word' id='word_1_452' title='bbox 1855 4259 1972 4302; x_wconf 91' lang='lat' dir='ltr'><strong>nec</strong></span> <span class='ocrx_word' id='word_1_453' title='bbox 2015 4241 2393 4303; x_wconf 86' lang='lat' dir='ltr'><strong>detrimenta</strong></span> <span class='ocrx_word' id='word_1_454' title='bbox 2422 4241 2473 4302; x_wconf 93' lang='lat' dir='ltr'>D</span> <span class='ocrx_word' id='word_1_455' title='bbox 2503 4238 2653 4301; x_wconf 81' lang='lat' dir='ltr'><strong>licet.</strong></span> <span class='ocrx_word' id='word_1_456' title='bbox 2700 4238 2906 4300; x_wconf 89' lang='lat' dir='ltr'><strong>adhuc</strong></span> <span class='ocrx_word' id='word_1_457' title='bbox 2951 4236 3195 4318; x_wconf 91' lang='lat' dir='ltr'><strong>positus</strong></span> <span class='ocrx_word' id='word_1_458' title='bbox 3246 4236 3311 4298; x_wconf 91' lang='lat' dir='ltr'><strong>in</strong></span> <span class='ocrx_word' id='word_1_459' title='bbox 3364 4236 3522 4309; x_wconf 91' lang='lat' dir='ltr'><strong>loco,</strong></span> <span class='ocrx_word' id='word_1_460' title='bbox 3564 4244 3627 4298; x_wconf 90' lang='lat' dir='ltr'><strong>et</strong></span> <span class='ocrx_word' id='word_1_461' title='bbox 3668 4246 3737 4299; x_wconf 91' lang='lat' dir='ltr'><strong>ut</strong></span> <span class='ocrx_word' id='word_1_462' title='bbox 3778 4238 3874 4300; x_wconf 91' lang='lat' dir='ltr'><strong>sic</strong></span> <span class='ocrx_word' id='word_1_463' title='bbox 3916 4239 4005 4301; x_wconf 93' lang='lat' dir='ltr'><strong>lo-</strong></span> 
     </span>
    </p>
   </div>
   <div class='ocr_carea' id='block_1_21' title="bbox 896 4339 2395 4620">
    <p class='ocr_par' dir='ltr' id='par_1_21' title="bbox 896 4339 2395 4620">
     <span class='ocr_line' id='line_1_75' title="bbox 896 4339 2394 4422; baseline -0.001 -19"><span class='ocrx_word' id='word_1_464' title='bbox 896 4342 1223 4404; x_wconf 89' lang='lat' dir='ltr'><strong>sustineat.</strong></span> <span class='ocrx_word' id='word_1_465' title='bbox 1260 4341 1415 4404; x_wconf 88' lang='lat' dir='ltr'><strong>Nam</strong></span> <span class='ocrx_word' id='word_1_466' title='bbox 1463 4358 1588 4403; x_wconf 93' lang='lat' dir='ltr'><strong>non</strong></span> <span class='ocrx_word' id='word_1_467' title='bbox 1639 4340 1970 4422; x_wconf 89' lang='lat' dir='ltr'><strong>acquirere</strong></span> <span class='ocrx_word' id='word_1_468' title='bbox 2015 4347 2110 4402; x_wconf 91' lang='lat' dir='ltr'><strong>est</strong></span> <span class='ocrx_word' id='word_1_469' title='bbox 2150 4339 2394 4403; x_wconf 82' lang='lat' dir='ltr'><strong>amitte—</strong></span> 
     </span>
     <span class='ocr_line' id='line_1_76' title="bbox 897 4438 2395 4522; baseline -0.001 -20"><span class='ocrx_word' id='word_1_470' title='bbox 897 4459 962 4502; x_wconf 91' lang='lat' dir='ltr'><strong>re</strong></span> <span class='ocrx_word' id='word_1_471' title='bbox 999 4460 1012 4504; x_wconf 89' lang='lat'>:</span> <span class='ocrx_word' id='word_1_472' title='bbox 1048 4459 1279 4522; x_wconf 91' lang='lat' dir='ltr'><strong>nempe</strong></span> <span class='ocrx_word' id='word_1_473' title='bbox 1320 4439 1428 4522; x_wconf 90' lang='lat' dir='ltr'><strong>qui</strong></span> <span class='ocrx_word' id='word_1_474' title='bbox 1469 4439 1704 4502; x_wconf 88' lang='lat' dir='ltr'><strong>desinit</strong></span> <span class='ocrx_word' id='word_1_475' title='bbox 1742 4459 1778 4502; x_wconf 93' lang='lat' dir='ltr'><strong>a</strong></span> <span class='ocrx_word' id='word_1_476' title='bbox 1817 4439 2197 4522; x_wconf 83' lang='lat' dir='ltr'><strong>proficiendi</strong></span> <span class='ocrx_word' id='word_1_477' title='bbox 2240 4438 2395 4501; x_wconf 82' lang='lat' dir='ltr'><strong>asse-</strong></span> 
     </span>
     <span class='ocr_line' id='line_1_77' title="bbox 898 4537 2249 4620; baseline -0.001 -20"><span class='ocrx_word' id='word_1_478' title='bbox 898 4547 1026 4612; x_wconf 86' lang='lat' dir='ltr'><strong>ctu,</strong></span> <span class='ocrx_word' id='word_1_479' title='bbox 1062 4557 1187 4602; x_wconf 92' lang='lat' dir='ltr'><strong>non</strong></span> <span class='ocrx_word' id='word_1_480' title='bbox 1230 4537 1434 4600; x_wconf 90' lang='lat' dir='ltr'><strong>aberit</strong></span> <span class='ocrx_word' id='word_1_481' title='bbox 1477 4557 1514 4600; x_wconf 91' lang='lat' dir='ltr'><strong>a</strong></span> <span class='ocrx_word' id='word_1_482' title='bbox 1557 4537 1844 4620; x_wconf 87' lang='lat' dir='ltr'><strong>periculo</strong></span> <span class='ocrx_word' id='word_1_483' title='bbox 1887 4538 2249 4600; x_wconf 79' lang='lat' dir='ltr'><strong>deficiendi.</strong></span> 
     </span>
    </p>
   </div>
   <div class='ocr_carea' id='block_1_22' title="bbox 1300 4791 1996 4859">
    <p class='ocr_par' dir='ltr' id='par_1_22' title="bbox 1300 4791 1996 4859">
     <span class='ocr_line' id='line_1_78' title="bbox 1300 4791 1996 4859; baseline -0.006 -1"><span class='ocrx_word' id='word_1_484' title='bbox 1300 4793 1803 4859; x_wconf 87' lang='lat' dir='ltr'><strong>CAPITULUM</strong></span> <span class='ocrx_word' id='word_1_485' title='bbox 1848 4791 1996 4854; x_wconf 91' lang='lat' dir='ltr'><strong>XV.</strong></span> 
     </span>
    </p>
   </div>
   <div class='ocr_carea' id='block_1_23' title="bbox 950 4928 2343 5004">
    <p class='ocr_par' dir='ltr' id='par_1_23' title="bbox 950 4928 2343 5004">
     <span class='ocr_line' id='line_1_79' title="bbox 950 4928 2343 5004; baseline -0.006 -11"><span class='ocrx_word' id='word_1_486' title='bbox 950 4936 1122 5004; x_wconf 84' lang='lat' dir='ltr'><strong>Quod</strong></span> <span class='ocrx_word' id='word_1_487' title='bbox 1150 4936 1574 4991; x_wconf 81' lang='lat' dir='ltr'><strong>detrimentum</strong></span> <span class='ocrx_word' id='word_1_488' title='bbox 1601 4933 1684 4988; x_wconf 78' lang='lat' dir='ltr'><strong>sit</strong></span> <span class='ocrx_word' id='word_1_489' title='bbox 1711 4931 2078 4988; x_wconf 80' lang='lat' dir='ltr'><strong>discedentis</strong></span> <span class='ocrx_word' id='word_1_490' title='bbox 2103 4947 2142 4986; x_wconf 87' lang='grc' dir='ltr'><em>α</em></span> <span class='ocrx_word' id='word_1_491' title='bbox 2169 4928 2343 4986; x_wconf 86' lang='lat' dir='ltr'><strong>cella.</strong></span> 
     </span>
    </p>
   </div>
   <div class='ocr_carea' id='block_1_24' title="bbox 904 5127 2404 5414">
    <p class='ocr_par' dir='ltr' id='par_1_24' title="bbox 904 5127 2404 5414">
     <span class='ocr_line' id='line_1_80' title="bbox 1053 5127 2401 5211; baseline -0.006 -15"><span class='ocrx_word' id='word_1_492' title='bbox 1053 5133 1181 5196; x_wconf 87' lang='lat' dir='ltr'><strong>INC</strong></span> <span class='ocrx_word' id='word_1_493' title='bbox 1217 5131 1489 5195; x_wconf 89' lang='lat' dir='ltr'><strong>tenenda</strong></span> <span class='ocrx_word' id='word_1_494' title='bbox 1527 5138 1621 5193; x_wconf 88' lang='lat' dir='ltr'><strong>est</strong></span> <span class='ocrx_word' id='word_1_495' title='bbox 1658 5128 1828 5211; x_wconf 89' lang='lat' dir='ltr'><strong>jugis</strong></span> <span class='ocrx_word' id='word_1_496' title='bbox 1871 5127 2249 5191; x_wconf 88' lang='lat' dir='ltr'><strong>inhabitatio</strong></span> <span class='ocrx_word' id='word_1_497' title='bbox 2280 5127 2401 5189; x_wconf 90' lang='lat' dir='ltr'><strong>cel-</strong></span> 
     </span>
     <span class='ocr_line' id='line_1_81' title="bbox 1083 5225 2399 5311; baseline -0.005 -17"><span class='ocrx_word' id='word_1_498' title='bbox 1083 5233 1176 5296; x_wconf 81' lang='lat' dir='ltr'><strong>lae.</strong></span> <span class='ocrx_word' id='word_1_499' title='bbox 1212 5229 1469 5306; x_wconf 89' lang='lat' dir='ltr'><strong>Quoties</strong></span> <span class='ocrx_word' id='word_1_500' title='bbox 1513 5248 1788 5311; x_wconf 90' lang='lat' dir='ltr'><strong>namque</strong></span> <span class='ocrx_word' id='word_1_501' title='bbox 1832 5227 1977 5310; x_wconf 88' lang='lat' dir='ltr'><strong>quis</strong></span> <span class='ocrx_word' id='word_1_502' title='bbox 2021 5225 2217 5288; x_wconf 80' lang='lat' dir='ltr'><strong>fuerit</strong></span> <span class='ocrx_word' id='word_1_503' title='bbox 2258 5245 2399 5289; x_wconf 80' lang='lat' dir='ltr'><strong>eva-</strong></span> 
     </span>
     <span class='ocr_line' id='line_1_82' title="bbox 904 5323 2404 5414; baseline -0.005 -20"><span class='ocrx_word' id='word_1_504' title='bbox 904 5340 1088 5414; x_wconf 89' lang='lat' dir='ltr'><strong>gatus</strong></span> <span class='ocrx_word' id='word_1_505' title='bbox 1133 5331 1211 5393; x_wconf 89' lang='lat' dir='ltr'><strong>de</strong></span> <span class='ocrx_word' id='word_1_506' title='bbox 1257 5329 1440 5404; x_wconf 89' lang='lat' dir='ltr'><strong>cella,</strong></span> <span class='ocrx_word' id='word_1_507' title='bbox 1469 5327 1656 5392; x_wconf 90' lang='lat' dir='ltr'><strong>toties</strong></span> <span class='ocrx_word' id='word_1_508' title='bbox 1699 5345 1899 5408; x_wconf 88' lang='lat' dir='ltr'><strong>quum</strong></span> <span class='ocrx_word' id='word_1_509' title='bbox 1945 5325 2011 5389; x_wconf 93' lang='lat' dir='ltr'><strong>in</strong></span> <span class='ocrx_word' id='word_1_510' title='bbox 2055 5343 2198 5388; x_wconf 89' lang='lat' dir='ltr'><strong>eam</strong></span> <span class='ocrx_word' id='word_1_511' title='bbox 2241 5323 2404 5387; x_wconf 91' lang='lat' dir='ltr'><strong>redi-</strong></span> 
     </span>
    </p>
   </div>
   <div class='ocr_carea' id='block_1_25' title="bbox 2501 4334 4101 5407">
    <p class='ocr_par' dir='ltr' id='par_1_25' title="bbox 2501 4334 4101 5407">
     <span class='ocr_line' id='line_1_83' title="bbox 2501 4334 4007 4418; baseline 0.001 -21"><span class='ocrx_word' id='word_1_512' title='bbox 2501 4356 2677 4418; x_wconf 87' lang='lat' dir='ltr'><strong>quar‚</strong></span> <span class='ocrx_word' id='word_1_513' title='bbox 2694 4336 2758 4398; x_wconf 93' lang='lat' dir='ltr'><strong>in</strong></span> <span class='ocrx_word' id='word_1_514' title='bbox 2788 4342 3127 4397; x_wconf 89' lang='lat' dir='ltr'><strong>scammate</strong></span> <span class='ocrx_word' id='word_1_515' title='bbox 3160 4334 3699 4406; x_wconf 88' lang='lat' dir='ltr'><strong>colluctationum,</strong></span> <span class='ocrx_word' id='word_1_516' title='bbox 3714 4337 4007 4417; x_wconf 79' lang='lat' dir='ltr'><strong>quamvis</strong></span> 
     </span>
     <span class='ocr_line' id='line_1_84' title="bbox 2504 4433 4009 4516; baseline 0.001 -19"><span class='ocrx_word' id='word_1_517' title='bbox 2504 4436 2759 4498; x_wconf 89' lang='lat' dir='ltr'><strong>vincere</strong></span> <span class='ocrx_word' id='word_1_518' title='bbox 2808 4434 3005 4496; x_wconf 88' lang='lat' dir='ltr'><strong>soleat</strong></span> <span class='ocrx_word' id='word_1_519' title='bbox 3052 4442 3114 4495; x_wconf 91' lang='lat' dir='ltr'><strong>et</strong></span> <span class='ocrx_word' id='word_1_520' title='bbox 3164 4441 3590 4516; x_wconf 82' lang='lat' dir='ltr'><strong>consequatur</strong></span> <span class='ocrx_word' id='word_1_521' title='bbox 3636 4433 4009 4516; x_wconf 86' lang='lat' dir='ltr'><strong>frequentes</strong></span> 
     </span>
     <span class='ocr_line' id='line_1_85' title="bbox 2503 4533 4009 4615; baseline 0.001 -20"><span class='ocrx_word' id='word_1_522' title='bbox 2503 4534 2785 4597; x_wconf 79' lang='lat' dir='ltr'><strong>victoriae</strong></span> <span class='ocrx_word' id='word_1_523' title='bbox 2844 4533 3109 4615; x_wconf 78' lang='lat' dir='ltr'><strong>palmaS‚</strong></span> <span class='ocrx_word' id='word_1_524' title='bbox 3162 4550 3289 4596; x_wconf 92' lang='lat' dir='ltr'><strong>non</strong></span> <span class='ocrx_word' id='word_1_525' title='bbox 3339 4541 3553 4595; x_wconf 89' lang='lat' dir='ltr'><strong>tamen</strong></span> <span class='ocrx_word' id='word_1_526' title='bbox 3610 4539 3823 4615; x_wconf 84' lang='lat' dir='ltr'><strong>potest</strong></span> <span class='ocrx_word' id='word_1_527' title='bbox 3868 4554 4009 4597; x_wconf 88' lang='lat' dir='ltr'><strong>esse</strong></span> 
     </span>
     <span class='ocr_line' id='line_1_86' title="bbox 2504 4631 4013 4716; baseline 0.001 -21"><span class='ocrx_word' id='word_1_528' title='bbox 2504 4651 2766 4696; x_wconf 90' lang='lat' dir='ltr'><strong>securus</strong></span> <span class='ocrx_word' id='word_1_529' title='bbox 2805 4651 2842 4694; x_wconf 91' lang='lat' dir='ltr'><strong>a</strong></span> <span class='ocrx_word' id='word_1_530' title='bbox 2881 4640 3057 4694; x_wconf 91' lang='lat' dir='ltr'><strong>metu</strong></span> <span class='ocrx_word' id='word_1_531' title='bbox 3096 4639 3160 4694; x_wconf 90' lang='lat' dir='ltr'><strong>et</strong></span> <span class='ocrx_word' id='word_1_532' title='bbox 3198 4631 3561 4714; x_wconf 91' lang='lat' dir='ltr'><strong>suspicione</strong></span> <span class='ocrx_word' id='word_1_533' title='bbox 3599 4632 3831 4695; x_wconf 89' lang='lat' dir='ltr'><strong>incerti</strong></span> <span class='ocrx_word' id='word_1_534' title='bbox 3871 4651 4013 4716; x_wconf 92' lang='lat' dir='ltr'><strong>pro-</strong></span> 
     </span>
     <span class='ocr_line' id='line_1_87' title="bbox 2504 4729 4011 4795; baseline 0 -1"><span class='ocrx_word' id='word_1_535' title='bbox 2504 4739 2751 4794; x_wconf 87' lang='lat' dir='ltr'><strong>ventus.</strong></span> <span class='ocrx_word' id='word_1_536' title='bbox 2788 4732 2934 4795; x_wconf 91' lang='lat' dir='ltr'><strong>Ideo</strong></span> <span class='ocrx_word' id='word_1_537' title='bbox 2964 4730 3138 4792; x_wconf 90' lang='lat' dir='ltr'><strong>solus</strong></span> <span class='ocrx_word' id='word_1_538' title='bbox 3178 4731 3344 4793; x_wconf 90' lang='lat' dir='ltr'><strong>Deus</strong></span> <span class='ocrx_word' id='word_1_539' title='bbox 3384 4729 3588 4792; x_wconf 89' lang='lat' dir='ltr'><strong>bonus</strong></span> <span class='ocrx_word' id='word_1_540' title='bbox 3620 4738 3683 4792; x_wconf 88' lang='lat' dir='ltr'><strong>et</strong></span> <span class='ocrx_word' id='word_1_541' title='bbox 3713 4731 4011 4794; x_wconf 84' lang='lat' dir='ltr'><strong>immuta-</strong></span> 
     </span>
     <span class='ocr_line' id='line_1_88' title="bbox 2504 4827 4009 4911; baseline 0.002 -21"><span class='ocrx_word' id='word_1_542' title='bbox 2504 4829 2653 4892; x_wconf 92' lang='lat' dir='ltr'><strong>bilis</strong></span> <span class='ocrx_word' id='word_1_543' title='bbox 2683 4829 2943 4904; x_wconf 87' lang='lat' dir='ltr'><strong>dicitur,</strong></span> <span class='ocrx_word' id='word_1_544' title='bbox 2977 4828 3279 4911; x_wconf 89' lang='lat' dir='ltr'><strong>quoniam</strong></span> <span class='ocrx_word' id='word_1_545' title='bbox 3311 4827 3660 4891; x_wconf 87' lang='lat' dir='ltr'><strong>bonitatem</strong></span> <span class='ocrx_word' id='word_1_546' title='bbox 3702 4831 4009 4893; x_wconf 88' lang='lat' dir='ltr'><strong>naturali-</strong></span> 
     </span>
     <span class='ocr_line' id='line_1_89' title="bbox 2505 4925 4004 5010; baseline 0.001 -21"><span class='ocrx_word' id='word_1_547' title='bbox 2505 4936 2601 4990; x_wconf 92' lang='lat' dir='ltr'><strong>ter</strong></span> <span class='ocrx_word' id='word_1_548' title='bbox 2631 4929 2935 5010; x_wconf 90' lang='lat' dir='ltr'><strong>possidet,</strong></span> <span class='ocrx_word' id='word_1_549' title='bbox 2956 4945 3083 4990; x_wconf 91' lang='lat' dir='ltr'><strong>non</strong></span> <span class='ocrx_word' id='word_1_550' title='bbox 3114 4925 3325 4989; x_wconf 90' lang='lat' dir='ltr'><strong>studio</strong></span> <span class='ocrx_word' id='word_1_551' title='bbox 3353 4926 3627 5008; x_wconf 89' lang='lat' dir='ltr'><strong>alicujus</strong></span> <span class='ocrx_word' id='word_1_552' title='bbox 3659 4928 4004 4992; x_wconf 82' lang='lat' dir='ltr'><strong>industriae.</strong></span> 
     </span>
     <span class='ocr_line' id='line_1_90' title="bbox 2506 5026 4009 5111; baseline 0.001 -21"><span class='ocrx_word' id='word_1_553' title='bbox 2506 5027 2693 5090; x_wconf 91' lang='lat' dir='ltr'><strong>Nulla</strong></span> <span class='ocrx_word' id='word_1_554' title='bbox 2723 5027 2917 5108; x_wconf 88' lang='lat' dir='ltr'><strong>igitur</strong></span> <span class='ocrx_word' id='word_1_555' title='bbox 2946 5027 3150 5088; x_wconf 83' lang='lat' dir='ltr'><strong>virtus</strong></span> <span class='ocrx_word' id='word_1_556' title='bbox 3180 5033 3387 5108; x_wconf 90' lang='lat' dir='ltr'><strong>potest</strong></span> <span class='ocrx_word' id='word_1_557' title='bbox 3417 5026 3835 5090; x_wconf 89' lang='lat' dir='ltr'><strong>immobiliter</strong></span> <span class='ocrx_word' id='word_1_558' title='bbox 3865 5046 4009 5111; x_wconf 91' lang='lat' dir='ltr'><strong>pos-</strong></span> 
     </span>
     <span class='ocr_line' id='line_1_91' title="bbox 2508 5119 4101 5209; baseline 0.001 -21"><span class='ocrx_word' id='word_1_559' title='bbox 2508 5126 2701 5189; x_wconf 88' lang='lat' dir='ltr'><strong>sideri</strong></span> <span class='ocrx_word' id='word_1_560' title='bbox 2740 5125 2821 5188; x_wconf 87' lang='lat' dir='ltr'><strong>ab</strong></span> <span class='ocrx_word' id='word_1_561' title='bbox 2864 5125 3154 5202; x_wconf 80' lang='lat' dir='ltr'><strong>homine3</strong></span> <span class='ocrx_word' id='word_1_562' title='bbox 3187 5124 3296 5186; x_wconf 91' lang='lat' dir='ltr'><strong>sed</strong></span> <span class='ocrx_word' id='word_1_563' title='bbox 3345 5132 3413 5185; x_wconf 92' lang='lat' dir='ltr'><strong>ut</strong></span> <span class='ocrx_word' id='word_1_564' title='bbox 3455 5119 3733 5206; x_wconf 83' lang='lat' dir='ltr'><strong>partim*</strong></span> <span class='ocrx_word' id='word_1_565' title='bbox 3766 5126 4011 5209; x_wconf 89' lang='lat' dir='ltr'><strong>jugiter</strong></span> <span class='ocrx_word' id='word_1_566' title='bbox 4084 5149 4101 5168; x_wconf 93' lang='lat'><strong>·</strong></span> 
     </span>
     <span class='ocr_line' id='line_1_92' title="bbox 2509 5223 4012 5298; baseline 0.002 -13"><span class='ocrx_word' id='word_1_567' title='bbox 2509 5231 2821 5298; x_wconf 89' lang='lat' dir='ltr'><strong>teneatur,</strong></span> <span class='ocrx_word' id='word_1_568' title='bbox 2884 5241 3143 5285; x_wconf 90' lang='lat' dir='ltr'><strong>necesse</strong></span> <span class='ocrx_word' id='word_1_569' title='bbox 3205 5229 3303 5283; x_wconf 88' lang='lat' dir='ltr'><strong>est</strong></span> <span class='ocrx_word' id='word_1_570' title='bbox 3362 5240 3504 5284; x_wconf 89' lang='lat' dir='ltr'><strong>eam</strong></span> <span class='ocrx_word' id='word_1_571' title='bbox 3569 5223 3877 5287; x_wconf 89' lang='lat' dir='ltr'><strong>custodiri</strong></span> <span class='ocrx_word' id='word_1_572' title='bbox 3936 5245 4012 5288; x_wconf 90' lang='lat' dir='ltr'><strong>ea</strong></span> 
     </span>
     <span class='ocr_line' id='line_1_93' title="bbox 2512 5321 4015 5407; baseline 0.001 -21"><span class='ocrx_word' id='word_1_573' title='bbox 2512 5343 2766 5407; x_wconf 90' lang='lat' dir='ltr'><strong>semper</strong></span> <span class='ocrx_word' id='word_1_574' title='bbox 2800 5323 3135 5386; x_wconf 90' lang='lat' dir='ltr'><strong>sedulitate</strong></span> <span class='ocrx_word' id='word_1_575' title='bbox 3168 5329 3359 5404; x_wconf 89' lang='lat' dir='ltr'><strong>atque</strong></span> <span class='ocrx_word' id='word_1_576' title='bbox 3399 5321 3712 5386; x_wconf 82' lang='lat' dir='ltr'><strong>industria</strong></span> <span class='ocrx_word' id='word_1_577' title='bbox 3748 5343 3878 5406; x_wconf 89' lang='lat' dir='ltr'><strong>qua</strong></span> <span class='ocrx_word' id='word_1_578' title='bbox 3918 5325 4015 5388; x_wconf 84' lang='lat' dir='ltr'><strong>fu-</strong></span> 
     </span>
    </p>
   </div>
  </div>
 </body>
</html>
