<?xml version="1.0" encoding="UTF-8"?>
<!DOCTYPE html PUBLIC "-//W3C//DTD XHTML 1.0 Transitional//EN"
    "http://www.w3.org/TR/xhtml1/DTD/xhtml1-transitional.dtd">
<html xmlns="http://www.w3.org/1999/xhtml" xml:lang="en" lang="en">
 <head>
  <title>
</title>
<meta http-equiv="Content-Type" content="text/html;charset=utf-8" />
  <meta name='ocr-system' content='tesseract 3.04.00' />
  <meta name='ocr-capabilities' content='ocr_page ocr_carea ocr_par ocr_line ocrx_word'/>
</head>
<body>
  <div class='ocr_page' id='page_1' title='image "./doctorisecstati03denigoog_0037.png"; bbox 0 0 4359 6267; ppageno 0'>
   <div class='ocr_carea' id='block_1_1' title="bbox 1323 481 3531 547">
    <p class='ocr_par' dir='ltr' id='par_1_1' title="bbox 1323 481 3531 547">
     <span class='ocr_line' id='line_1_1' title="bbox 1323 481 3531 547; baseline -0 0"><span class='ocrx_word' id='word_1_1' title='bbox 1323 502 1404 547; x_wconf 73' lang='lat' dir='ltr'><strong>DE</strong></span> <span class='ocrx_word' id='word_1_2' title='bbox 1443 501 1774 547; x_wconf 81' lang='lat' dir='ltr'><strong>INSTITUTIS</strong></span> <span class='ocrx_word' id='word_1_3' title='bbox 1817 501 1900 545; x_wconf 88' lang='lat' dir='ltr'><strong>SS.</strong></span> <span class='ocrx_word' id='word_1_4' title='bbox 1937 500 2199 546; x_wconf 73' lang='lat' dir='ltr'><strong>PATRUM.</strong></span> <span class='ocrx_word' id='word_1_5' title='bbox 2244 519 2318 529; x_wconf 92' lang='grc'>-</span> <span class='ocrx_word' id='word_1_6' title='bbox 2362 500 2536 546; x_wconf 71' lang='lat' dir='ltr'><strong>LIBER</strong></span> <span class='ocrx_word' id='word_1_7' title='bbox 2578 502 2625 547; x_wconf 87' lang='lat'><strong>11</strong></span> <span class='ocrx_word' id='word_1_8' title='bbox 3449 481 3531 546; x_wconf 71' lang='lat'><strong>29</strong></span> 
     </span>
    </p>
   </div>
   <div class='ocr_carea' id='block_1_2' title="bbox 421 666 3529 752">
    <p class='ocr_par' dir='ltr' id='par_1_2' title="bbox 421 666 3529 752">
     <span class='ocr_line' id='line_1_2' title="bbox 421 666 3529 752; baseline -0.002 -17"><span class='ocrx_word' id='word_1_9' title='bbox 421 672 648 735; x_wconf 91' lang='lat' dir='ltr'><strong>divini.</strong></span> <span class='ocrx_word' id='word_1_10' title='bbox 683 671 848 734; x_wconf 92' lang='lat' dir='ltr'><strong>Illud</strong></span> <span class='ocrx_word' id='word_1_11' title='bbox 890 688 1144 752; x_wconf 89' lang='lat' dir='ltr'><strong>quoque</strong></span> <span class='ocrx_word' id='word_1_12' title='bbox 1188 668 1356 751; x_wconf 87' lang='lat' dir='ltr'><strong>apud</strong></span> <span class='ocrx_word' id='word_1_13' title='bbox 1401 686 1508 731; x_wconf 90' lang='lat' dir='ltr'><strong>eos</strong></span> <span class='ocrx_word' id='word_1_14' title='bbox 1555 686 1700 729; x_wconf 90' lang='lat' dir='ltr'><strong>cum</strong></span> <span class='ocrx_word' id='word_1_15' title='bbox 1744 666 1919 729; x_wconf 91' lang='lat' dir='ltr'><strong>omni</strong></span> <span class='ocrx_word' id='word_1_16' title='bbox 1951 666 2002 728; x_wconf 91' lang='lat' dir='ltr'><strong>A</strong></span> <span class='ocrx_word' id='word_1_17' title='bbox 2032 668 2677 749; x_wconf 89' lang='lat' dir='ltr'><strong>contemplationibus</strong></span> <span class='ocrx_word' id='word_1_18' title='bbox 2722 668 2897 742; x_wconf 84' lang='lat' dir='ltr'><strong>fidei,</strong></span> <span class='ocrx_word' id='word_1_19' title='bbox 2932 687 3047 731; x_wconf 89' lang='lat' dir='ltr'><strong>nec</strong></span> <span class='ocrx_word' id='word_1_20' title='bbox 3087 676 3299 731; x_wconf 90' lang='lat' dir='ltr'><strong>tamen</strong></span> <span class='ocrx_word' id='word_1_21' title='bbox 3344 668 3529 731; x_wconf 86' lang='lat' dir='ltr'><strong>fessis</strong></span> 
     </span>
    </p>
   </div>
   <div class='ocr_carea' id='block_1_3' title="bbox 421 766 1926 1439">
    <p class='ocr_par' dir='ltr' id='par_1_3' title="bbox 421 766 1926 1439">
     <span class='ocr_line' id='line_1_3' title="bbox 421 766 1922 851; baseline -0.005 -18"><span class='ocrx_word' id='word_1_22' title='bbox 421 770 756 851; x_wconf 79' lang='lat' dir='ltr'><strong>diligentia</strong></span> <span class='ocrx_word' id='word_1_23' title='bbox 813 769 1193 842; x_wconf 79' lang='lat' dir='ltr'><strong>custoditur,</strong></span> <span class='ocrx_word' id='word_1_24' title='bbox 1255 774 1325 828; x_wconf 92' lang='lat' dir='ltr'><strong>ut</strong></span> <span class='ocrx_word' id='word_1_25' title='bbox 1386 766 1448 827; x_wconf 90' lang='lat' dir='ltr'><strong>in</strong></span> <span class='ocrx_word' id='word_1_26' title='bbox 1510 766 1922 847; x_wconf 80' lang='lat' dir='ltr'><strong>responsione</strong></span> 
     </span>
     <span class='ocr_line' id='line_1_4' title="bbox 421 864 1922 949; baseline -0.005 -19"><span class='ocrx_word' id='word_1_27' title='bbox 421 868 716 941; x_wconf 85' lang='lat' dir='ltr'><strong>Alleluia,</strong></span> <span class='ocrx_word' id='word_1_28' title='bbox 751 867 968 930; x_wconf 91' lang='lat' dir='ltr'><strong>nullus</strong></span> <span class='ocrx_word' id='word_1_29' title='bbox 1015 867 1296 949; x_wconf 91' lang='lat' dir='ltr'><strong>psalmus</strong></span> <span class='ocrx_word' id='word_1_30' title='bbox 1341 866 1608 935; x_wconf 89' lang='lat' dir='ltr'><strong>dicatur,</strong></span> <span class='ocrx_word' id='word_1_31' title='bbox 1644 864 1768 925; x_wconf 91' lang='lat' dir='ltr'><strong>nisi</strong></span> <span class='ocrx_word' id='word_1_32' title='bbox 1812 864 1922 945; x_wconf 91' lang='lat' dir='ltr'><strong>qui</strong></span> 
     </span>
     <span class='ocr_line' id='line_1_5' title="bbox 421 964 1924 1048; baseline -0.003 -21"><span class='ocrx_word' id='word_1_33' title='bbox 421 966 614 1028; x_wconf 84' lang='lat' dir='ltr'><strong>babet</strong></span> <span class='ocrx_word' id='word_1_34' title='bbox 654 984 770 1048; x_wconf 89' lang='lat' dir='ltr'><strong>pro</strong></span> <span class='ocrx_word' id='word_1_35' title='bbox 801 965 1012 1038; x_wconf 82' lang='lat' dir='ltr'><strong>titulo,</strong></span> <span class='ocrx_word' id='word_1_36' title='bbox 1043 964 1332 1027; x_wconf 84' lang='lat' dir='ltr'><strong>Alleluia.</strong></span> <span class='ocrx_word' id='word_1_37' title='bbox 1366 964 1743 1027; x_wconf 81' lang='lat' dir='ltr'><strong>Praedictum</strong></span> <span class='ocrx_word' id='word_1_38' title='bbox 1774 979 1924 1024; x_wconf 88' lang='lat' dir='ltr'><strong>vero</strong></span> 
     </span>
     <span class='ocr_line' id='line_1_6' title="bbox 422 1060 1926 1145; baseline -0.003 -19"><span class='ocrx_word' id='word_1_39' title='bbox 422 1064 892 1127; x_wconf 84' lang='lat' dir='ltr'><strong>duodenarium</strong></span> <span class='ocrx_word' id='word_1_40' title='bbox 923 1082 1264 1125; x_wconf 89' lang='lat' dir='ltr'><strong>numerum</strong></span> <span class='ocrx_word' id='word_1_41' title='bbox 1295 1063 1686 1145; x_wconf 90' lang='lat' dir='ltr'><strong>psalmorum</strong></span> <span class='ocrx_word' id='word_1_42' title='bbox 1717 1061 1809 1123; x_wconf 91' lang='lat' dir='ltr'><strong>sic</strong></span> <span class='ocrx_word' id='word_1_43' title='bbox 1839 1060 1926 1122; x_wconf 89' lang='lat' dir='ltr'><strong>di-</strong></span> 
     </span>
     <span class='ocr_line' id='line_1_7' title="bbox 421 1160 1924 1241; baseline -0.003 -16"><span class='ocrx_word' id='word_1_44' title='bbox 421 1164 676 1237; x_wconf 84' lang='lat' dir='ltr'><strong>vidunt,</strong></span> <span class='ocrx_word' id='word_1_45' title='bbox 709 1170 780 1224; x_wconf 92' lang='lat' dir='ltr'><strong>ut</strong></span> <span class='ocrx_word' id='word_1_46' title='bbox 823 1163 875 1224; x_wconf 94' lang='lat' dir='ltr'><strong>si</strong></span> <span class='ocrx_word' id='word_1_47' title='bbox 921 1164 1048 1225; x_wconf 92' lang='lat' dir='ltr'><strong>duo</strong></span> <span class='ocrx_word' id='word_1_48' title='bbox 1084 1161 1322 1224; x_wconf 85' lang='lat' dir='ltr'><strong>fuerint</strong></span> <span class='ocrx_word' id='word_1_49' title='bbox 1361 1162 1603 1222; x_wconf 83' lang='lat' dir='ltr'><strong>Fratres</strong></span> <span class='ocrx_word' id='word_1_50' title='bbox 1648 1160 1924 1241; x_wconf 89' lang='lat' dir='ltr'><strong>psalmos</strong></span> 
     </span>
     <span class='ocr_line' id='line_1_8' title="bbox 425 1258 1926 1343; baseline -0.003 -20"><span class='ocrx_word' id='word_1_51' title='bbox 425 1261 684 1335; x_wconf 89' lang='lat' dir='ltr'><strong>dicturi,</strong></span> <span class='ocrx_word' id='word_1_52' title='bbox 738 1270 1008 1343; x_wconf 89' lang='lat' dir='ltr'><strong>uterque</strong></span> <span class='ocrx_word' id='word_1_53' title='bbox 1057 1278 1278 1322; x_wconf 90' lang='lat' dir='ltr'><strong>eorum</strong></span> <span class='ocrx_word' id='word_1_54' title='bbox 1328 1259 1556 1340; x_wconf 82' lang='lat' dir='ltr'><strong>psallat</strong></span> <span class='ocrx_word' id='word_1_55' title='bbox 1605 1277 1714 1320; x_wconf 85' lang='lat' dir='ltr'><strong>sex</strong></span> <span class='ocrx_word' id='word_1_56' title='bbox 1765 1258 1926 1338; x_wconf 88' lang='lat' dir='ltr'><strong>psal-</strong></span> 
     </span>
     <span class='ocr_line' id='line_1_9' title="bbox 425 1355 1926 1439; baseline -0.004 -18"><span class='ocrx_word' id='word_1_57' title='bbox 425 1376 604 1437; x_wconf 91' lang='lat' dir='ltr'><strong>mos;</strong></span> <span class='ocrx_word' id='word_1_58' title='bbox 637 1359 691 1421; x_wconf 89' lang='lat' dir='ltr'><strong>si</strong></span> <span class='ocrx_word' id='word_1_59' title='bbox 723 1365 872 1433; x_wconf 81' lang='lat' dir='ltr'><strong>treS,</strong></span> <span class='ocrx_word' id='word_1_60' title='bbox 907 1357 1179 1439; x_wconf 86' lang='lat' dir='ltr'><strong>quilibet</strong></span> <span class='ocrx_word' id='word_1_61' title='bbox 1209 1356 1434 1439; x_wconf 86' lang='lat' dir='ltr'><strong>psallat</strong></span> <span class='ocrx_word' id='word_1_62' title='bbox 1463 1364 1735 1438; x_wconf 90' lang='lat' dir='ltr'><strong>quatuor</strong></span> <span class='ocrx_word' id='word_1_63' title='bbox 1763 1355 1926 1437; x_wconf 88' lang='lat' dir='ltr'><strong>psal-</strong></span> 
     </span>
    </p>
   </div>
   <div class='ocr_carea' id='block_1_4' title="bbox 427 1453 1991 1539">
    <p class='ocr_par' dir='ltr' id='par_1_4' title="bbox 427 1453 1991 1539">
     <span class='ocr_line' id='line_1_10' title="bbox 427 1453 1991 1539; baseline -0.004 -20"><span class='ocrx_word' id='word_1_64' title='bbox 427 1474 598 1535; x_wconf 91' lang='lat' dir='ltr'><strong>mos;</strong></span> <span class='ocrx_word' id='word_1_65' title='bbox 627 1456 681 1518; x_wconf 91' lang='lat' dir='ltr'><strong>si</strong></span> <span class='ocrx_word' id='word_1_66' title='bbox 713 1462 984 1539; x_wconf 89' lang='lat' dir='ltr'><strong>quatuor</strong></span> <span class='ocrx_word' id='word_1_67' title='bbox 1013 1455 1278 1529; x_wconf 86' lang='lat' dir='ltr'><strong>Fratres,</strong></span> <span class='ocrx_word' id='word_1_68' title='bbox 1303 1453 1573 1536; x_wconf 90' lang='lat' dir='ltr'><strong>quilibet</strong></span> <span class='ocrx_word' id='word_1_69' title='bbox 1601 1454 1769 1516; x_wconf 87' lang='lat' dir='ltr'><strong>dicat</strong></span> <span class='ocrx_word' id='word_1_70' title='bbox 1798 1460 1924 1514; x_wconf 88' lang='lat' dir='ltr'><strong>tres</strong></span> <span class='ocrx_word' id='word_1_71' title='bbox 1982 1464 1991 1472; x_wconf 87' lang='lat'>·</span> 
     </span>
    </p>
   </div>
   <div class='ocr_carea' id='block_1_5' title="bbox 426 1551 1926 1833">
    <p class='ocr_par' dir='ltr' id='par_1_5' title="bbox 426 1551 1926 1833">
     <span class='ocr_line' id='line_1_11' title="bbox 426 1551 1924 1637; baseline -0.003 -20"><span class='ocrx_word' id='word_1_72' title='bbox 426 1554 728 1637; x_wconf 87' lang='lat' dir='ltr'><strong>psalmos.</strong></span> <span class='ocrx_word' id='word_1_73' title='bbox 761 1554 891 1616; x_wconf 91' lang='lat' dir='ltr'><strong>Nec</strong></span> <span class='ocrx_word' id='word_1_74' title='bbox 937 1572 1218 1635; x_wconf 89' lang='lat' dir='ltr'><strong>unquam</strong></span> <span class='ocrx_word' id='word_1_75' title='bbox 1271 1552 1597 1635; x_wconf 87' lang='lat' dir='ltr'><strong>pauciores</strong></span> <span class='ocrx_word' id='word_1_76' title='bbox 1646 1551 1924 1633; x_wconf 89' lang='lat' dir='ltr'><strong>psalmos</strong></span> 
     </span>
     <span class='ocr_line' id='line_1_12' title="bbox 426 1650 1926 1735; baseline -0.002 -21"><span class='ocrx_word' id='word_1_77' title='bbox 426 1653 662 1735; x_wconf 89' lang='lat' dir='ltr'><strong>aliquis</strong></span> <span class='ocrx_word' id='word_1_78' title='bbox 695 1654 760 1715; x_wconf 92' lang='lat' dir='ltr'><strong>in</strong></span> <span class='ocrx_word' id='word_1_79' title='bbox 793 1652 1277 1733; x_wconf 83' lang='lat' dir='ltr'><strong>congregatione</strong></span> <span class='ocrx_word' id='word_1_80' title='bbox 1316 1650 1641 1730; x_wconf 86' lang='lat' dir='ltr'><strong>decantat3</strong></span> <span class='ocrx_word' id='word_1_81' title='bbox 1683 1668 1756 1710; x_wconf 88' lang='lat' dir='ltr'><strong>ac</strong></span> <span class='ocrx_word' id='word_1_82' title='bbox 1785 1667 1926 1730; x_wconf 86' lang='lat' dir='ltr'><strong>pro-</strong></span> 
     </span>
     <span class='ocr_line' id='line_1_13' title="bbox 427 1747 1926 1833; baseline -0.003 -20"><span class='ocrx_word' id='word_1_83' title='bbox 427 1751 578 1813; x_wconf 88' lang='lat' dir='ltr'><strong>inde</strong></span> <span class='ocrx_word' id='word_1_84' title='bbox 604 1758 1187 1833; x_wconf 90' lang='lat' dir='ltr'><strong>quantumcumque</strong></span> <span class='ocrx_word' id='word_1_85' title='bbox 1209 1766 1431 1829; x_wconf 84' lang='lat' dir='ltr'><strong>magna</strong></span> <span class='ocrx_word' id='word_1_86' title='bbox 1448 1749 1736 1810; x_wconf 85' lang='lat' dir='ltr'><strong>Fratrum</strong></span> <span class='ocrx_word' id='word_1_87' title='bbox 1769 1747 1926 1809; x_wconf 91' lang='lat' dir='ltr'><strong>mul-</strong></span> 
     </span>
    </p>
   </div>
   <div class='ocr_carea' id='block_1_6' title="bbox 2031 765 3536 1830">
    <p class='ocr_par' dir='ltr' id='par_1_6' title="bbox 2031 765 3536 1830">
     <span class='ocr_line' id='line_1_14' title="bbox 2031 765 3530 848; baseline 0.002 -23"><span class='ocrx_word' id='word_1_88' title='bbox 2031 772 2094 826; x_wconf 89' lang='lat' dir='ltr'><strong>et</strong></span> <span class='ocrx_word' id='word_1_89' title='bbox 2144 765 2423 828; x_wconf 88' lang='lat' dir='ltr'><strong>infirmis</strong></span> <span class='ocrx_word' id='word_1_90' title='bbox 2470 784 2691 829; x_wconf 91' lang='lat' dir='ltr'><strong>eorum</strong></span> <span class='ocrx_word' id='word_1_91' title='bbox 2744 766 3115 848; x_wconf 86' lang='lat' dir='ltr'><strong>corporibus</strong></span> <span class='ocrx_word' id='word_1_92' title='bbox 3164 768 3530 848; x_wconf 86' lang='lat' dir='ltr'><strong>gigneretur</strong></span> 
     </span>
     <span class='ocr_line' id='line_1_15' title="bbox 2031 863 3523 945; baseline 0.003 -22"><span class='ocrx_word' id='word_1_93' title='bbox 2031 863 2110 923; x_wconf 92' lang='lat' dir='ltr'><strong>de</strong></span> <span class='ocrx_word' id='word_1_94' title='bbox 2153 863 2482 925; x_wconf 85' lang='lat' dir='ltr'><strong>nimietate</strong></span> <span class='ocrx_word' id='word_1_95' title='bbox 2527 864 2737 945; x_wconf 88' lang='lat' dir='ltr'><strong>operis</strong></span> <span class='ocrx_word' id='word_1_96' title='bbox 2781 884 2853 926; x_wconf 90' lang='lat' dir='ltr'><strong>ac</strong></span> <span class='ocrx_word' id='word_1_97' title='bbox 2899 863 3130 927; x_wconf 88' lang='lat' dir='ltr'><strong>laboris</strong></span> <span class='ocrx_word' id='word_1_98' title='bbox 3176 864 3523 927; x_wconf 90' lang='lat' dir='ltr'><strong>fastidium.</strong></span> 
     </span>
     <span class='ocr_line' id='line_1_16' title="bbox 2031 961 3527 1037; baseline 0.001 -14"><span class='ocrx_word' id='word_1_99' title='bbox 2031 961 2193 1023; x_wconf 87' lang='lat' dir='ltr'><strong>Hinc</strong></span> <span class='ocrx_word' id='word_1_100' title='bbox 2224 962 2545 1024; x_wconf 90' lang='lat' dir='ltr'><strong>canonicis</strong></span> <span class='ocrx_word' id='word_1_101' title='bbox 2574 962 2969 1025; x_wconf 86' lang='lat' dir='ltr'><strong>orationibus</strong></span> <span class='ocrx_word' id='word_1_102' title='bbox 2999 982 3075 1026; x_wconf 90' lang='lat' dir='ltr'><strong>ex</strong></span> <span class='ocrx_word' id='word_1_103' title='bbox 3101 980 3275 1025; x_wconf 87' lang='lat' dir='ltr'><strong>more</strong></span> <span class='ocrx_word' id='word_1_104' title='bbox 3299 962 3527 1037; x_wconf 81' lang='lat' dir='ltr'><strong>finitis,</strong></span> 
     </span>
     <span class='ocr_line' id='line_1_17' title="bbox 2031 1059 3528 1141; baseline 0.001 -20"><span class='ocrx_word' id='word_1_105' title='bbox 2031 1060 2112 1121; x_wconf 92' lang='lat' dir='ltr'><strong>ad</strong></span> <span class='ocrx_word' id='word_1_106' title='bbox 2143 1059 2405 1121; x_wconf 89' lang='lat' dir='ltr'><strong>cellulas</strong></span> <span class='ocrx_word' id='word_1_107' title='bbox 2446 1079 2592 1122; x_wconf 90' lang='lat' dir='ltr'><strong>suas</strong></span> <span class='ocrx_word' id='word_1_108' title='bbox 2634 1060 2926 1141; x_wconf 85' lang='lat' dir='ltr'><strong>regressi,</strong></span> <span class='ocrx_word' id='word_1_109' title='bbox 2962 1061 3132 1123; x_wconf 91' lang='lat' dir='ltr'><strong>idem</strong></span> <span class='ocrx_word' id='word_1_110' title='bbox 3169 1061 3528 1123; x_wconf 88' lang='lat' dir='ltr'><strong>orationum</strong></span> 
     </span>
     <span class='ocr_line' id='line_1_18' title="bbox 2034 1157 3529 1240; baseline 0.001 -21"><span class='ocrx_word' id='word_1_111' title='bbox 2034 1157 2339 1220; x_wconf 86' lang='lat' dir='ltr'><strong>Officium</strong></span> <span class='ocrx_word' id='word_1_112' title='bbox 2401 1166 2699 1240; x_wconf 85' lang='lat' dir='ltr'><strong>tanquam</strong></span> <span class='ocrx_word' id='word_1_113' title='bbox 2758 1159 3079 1239; x_wconf 88' lang='lat' dir='ltr'><strong>peculiare</strong></span> <span class='ocrx_word' id='word_1_114' title='bbox 3137 1158 3529 1221; x_wconf 85' lang='lat' dir='ltr'><strong>sacrificium</strong></span> 
     </span>
     <span class='ocr_line' id='line_1_19' title="bbox 2033 1254 3525 1336; baseline 0.001 -19"><span class='ocrx_word' id='word_1_115' title='bbox 2033 1275 2255 1318; x_wconf 90' lang='lat' dir='ltr'><strong>rursus</strong></span> <span class='ocrx_word' id='word_1_116' title='bbox 2295 1255 2663 1336; x_wconf 89' lang='lat' dir='ltr'><strong>diligentius</strong></span> <span class='ocrx_word' id='word_1_117' title='bbox 2702 1254 2985 1319; x_wconf 87' lang='lat' dir='ltr'><strong>offerunt</strong></span> <span class='ocrx_word' id='word_1_118' title='bbox 3026 1258 3153 1319; x_wconf 92' lang='lat' dir='ltr'><strong>Deo</strong></span> <span class='ocrx_word' id='word_1_119' title='bbox 3192 1258 3257 1319; x_wconf 91' lang='lat' dir='ltr'><strong>in</strong></span> <span class='ocrx_word' id='word_1_120' title='bbox 3297 1256 3476 1319; x_wconf 90' lang='lat' dir='ltr'><strong>cellis</strong></span> <span class='ocrx_word' id='word_1_121' title='bbox 3512 1275 3525 1319; x_wconf 78' lang='grc' dir='ltr'><strong><em>ε</em></strong></span> 
     </span>
     <span class='ocr_line' id='line_1_20' title="bbox 2034 1352 3529 1434; baseline 0.002 -21"><span class='ocrx_word' id='word_1_122' title='bbox 2034 1371 2192 1434; x_wconf 89' lang='lat' dir='ltr'><strong>quas</strong></span> <span class='ocrx_word' id='word_1_123' title='bbox 2235 1352 2337 1414; x_wconf 90' lang='lat' dir='ltr'><strong>vel</strong></span> <span class='ocrx_word' id='word_1_124' title='bbox 2380 1352 2498 1415; x_wconf 88' lang='lat' dir='ltr'><strong>soli</strong></span> <span class='ocrx_word' id='word_1_125' title='bbox 2542 1353 2644 1415; x_wconf 93' lang='lat' dir='ltr'><strong>vel</strong></span> <span class='ocrx_word' id='word_1_126' title='bbox 2688 1371 2835 1415; x_wconf 92' lang='lat' dir='ltr'><strong>cum</strong></span> <span class='ocrx_word' id='word_1_127' title='bbox 2885 1354 3011 1417; x_wconf 92' lang='lat' dir='ltr'><strong>alio</strong></span> <span class='ocrx_word' id='word_1_128' title='bbox 3058 1361 3305 1415; x_wconf 88' lang='lat' dir='ltr'><strong>tantum</strong></span> <span class='ocrx_word' id='word_1_129' title='bbox 3355 1354 3529 1416; x_wconf 89' lang='lat' dir='ltr'><strong>inha—</strong></span> 
     </span>
     <span class='ocr_line' id='line_1_21' title="bbox 2035 1454 3529 1538; baseline 0.001 -23"><span class='ocrx_word' id='word_1_130' title='bbox 2035 1454 2237 1515; x_wconf 88' lang='lat' dir='ltr'><strong>bitare</strong></span> <span class='ocrx_word' id='word_1_131' title='bbox 2278 1454 2596 1528; x_wconf 89' lang='lat' dir='ltr'><strong>sinuntur,</strong></span> <span class='ocrx_word' id='word_1_132' title='bbox 2631 1462 2703 1515; x_wconf 88' lang='lat' dir='ltr'><strong>ut</strong></span> <span class='ocrx_word' id='word_1_133' title='bbox 2741 1455 3005 1517; x_wconf 91' lang='lat' dir='ltr'><strong>insimul</strong></span> <span class='ocrx_word' id='word_1_134' title='bbox 3046 1455 3334 1517; x_wconf 87' lang='lat' dir='ltr'><strong>habitent</strong></span> <span class='ocrx_word' id='word_1_135' title='bbox 3369 1473 3529 1538; x_wconf 89' lang='lat' dir='ltr'><strong>quos</strong></span> 
     </span>
     <span class='ocr_line' id='line_1_22' title="bbox 2035 1551 3530 1635; baseline 0.002 -23"><span class='ocrx_word' id='word_1_136' title='bbox 2035 1551 2302 1613; x_wconf 87' lang='lat' dir='ltr'><strong>societas</strong></span> <span class='ocrx_word' id='word_1_137' title='bbox 2360 1551 2768 1633; x_wconf 84' lang='lat' dir='ltr'><strong>operationiS,</strong></span> <span class='ocrx_word' id='word_1_138' title='bbox 2816 1560 2925 1614; x_wconf 87' lang='lat' dir='ltr'><strong>aut</strong></span> <span class='ocrx_word' id='word_1_139' title='bbox 2981 1552 3399 1635; x_wconf 89' lang='lat' dir='ltr'><strong>discipulatus</strong></span> <span class='ocrx_word' id='word_1_140' title='bbox 3456 1570 3530 1615; x_wconf 88' lang='lat' dir='ltr'><strong>ac</strong></span> 
     </span>
     <span class='ocr_line' id='line_1_23' title="bbox 2035 1649 3532 1730; baseline 0.002 -20"><span class='ocrx_word' id='word_1_141' title='bbox 2035 1649 2391 1730; x_wconf 84' lang='lat' dir='ltr'><strong>disciplinae</strong></span> <span class='ocrx_word' id='word_1_142' title='bbox 2431 1649 2787 1723; x_wconf 83' lang='lat' dir='ltr'><strong>instructiO,</strong></span> <span class='ocrx_word' id='word_1_143' title='bbox 2821 1658 2929 1712; x_wconf 91' lang='lat' dir='ltr'><strong>aut</strong></span> <span class='ocrx_word' id='word_1_144' title='bbox 2969 1658 3139 1712; x_wconf 85' lang='lat' dir='ltr'><strong>certe</strong></span> <span class='ocrx_word' id='word_1_145' title='bbox 3178 1650 3532 1713; x_wconf 89' lang='lat' dir='ltr'><strong>similitudo</strong></span> 
     </span>
     <span class='ocr_line' id='line_1_24' title="bbox 2035 1748 3536 1830; baseline 0.001 -21"><span class='ocrx_word' id='word_1_146' title='bbox 2035 1748 2367 1820; x_wconf 88' lang='lat' dir='ltr'><strong>virtutum,</strong></span> <span class='ocrx_word' id='word_1_147' title='bbox 2384 1765 2711 1829; x_wconf 86' lang='lat' dir='ltr'><strong>compares</strong></span> <span class='ocrx_word' id='word_1_148' title='bbox 2736 1748 2904 1811; x_wconf 86' lang='lat' dir='ltr'><strong>fecit.</strong></span> <span class='ocrx_word' id='word_1_149' title='bbox 2920 1748 3047 1811; x_wconf 91' lang='lat' dir='ltr'><strong>Nec</strong></span> <span class='ocrx_word' id='word_1_150' title='bbox 3074 1749 3340 1811; x_wconf 88' lang='lat' dir='ltr'><strong>ulterius</strong></span> <span class='ocrx_word' id='word_1_151' title='bbox 3372 1748 3536 1830; x_wconf 89' lang='lat' dir='ltr'><strong>quis·</strong></span> 
     </span>
    </p>
   </div>
   <div class='ocr_carea' id='block_1_7' title="bbox 427 1846 3531 1928">
    <p class='ocr_par' dir='ltr' id='par_1_7' title="bbox 427 1846 3531 1928">
     <span class='ocr_line' id='line_1_25' title="bbox 427 1846 3531 1928; baseline -0.001 -18"><span class='ocrx_word' id='word_1_152' title='bbox 427 1849 636 1911; x_wconf 85' lang='lat' dir='ltr'><strong>tit-udo</strong></span> <span class='ocrx_word' id='word_1_153' title='bbox 666 1849 1054 1919; x_wconf 88' lang='lat' dir='ltr'><strong>convenerit,</strong></span> <span class='ocrx_word' id='word_1_154' title='bbox 1084 1865 1411 1928; x_wconf 90' lang='lat' dir='ltr'><strong>nunquam</strong></span> <span class='ocrx_word' id='word_1_155' title='bbox 1442 1846 1655 1926; x_wconf 92' lang='lat' dir='ltr'><strong>plures</strong></span> <span class='ocrx_word' id='word_1_156' title='bbox 1687 1846 1922 1927; x_wconf 82' lang='lat' dir='ltr'><strong>pariter</strong></span> <span class='ocrx_word' id='word_1_157' title='bbox 1958 1849 2006 1912; x_wconf 88' lang='lat' dir='ltr'>B</span> <span class='ocrx_word' id='word_1_158' title='bbox 2034 1864 2226 1927; x_wconf 88' lang='lat' dir='ltr'><strong>quam</strong></span> <span class='ocrx_word' id='word_1_159' title='bbox 2258 1863 2480 1908; x_wconf 89' lang='lat' dir='ltr'><strong>eorum</strong></span> <span class='ocrx_word' id='word_1_160' title='bbox 2514 1846 2579 1907; x_wconf 91' lang='lat' dir='ltr'><strong>in</strong></span> <span class='ocrx_word' id='word_1_161' title='bbox 2610 1864 2905 1909; x_wconf 89' lang='lat' dir='ltr'><strong>somnum</strong></span> <span class='ocrx_word' id='word_1_162' title='bbox 2938 1846 3294 1919; x_wconf 87' lang='lat' dir='ltr'><strong>resolvitur,</strong></span> <span class='ocrx_word' id='word_1_163' title='bbox 3329 1847 3531 1908; x_wconf 91' lang='lat' dir='ltr'><strong>donec</strong></span> 
     </span>
    </p>
   </div>
   <div class='ocr_carea' id='block_1_8' title="bbox 427 1944 1918 2038">
    <p class='ocr_par' dir='ltr' id='par_1_8' title="bbox 427 1944 1918 2038">
     <span class='ocr_line' id='line_1_26' title="bbox 427 1944 1918 2038; baseline -0.001 -31"><span class='ocrx_word' id='word_1_164' title='bbox 427 1944 710 2027; x_wconf 89' lang='lat' dir='ltr'><strong>psallunt</strong></span> <span class='ocrx_word' id='word_1_165' title='bbox 750 1946 817 2008; x_wconf 91' lang='lat' dir='ltr'><strong>in</strong></span> <span class='ocrx_word' id='word_1_166' title='bbox 859 1946 1081 2027; x_wconf 81' lang='lat' dir='ltr'><strong>synaxi</strong></span> <span class='ocrx_word' id='word_1_167' title='bbox 1118 1963 1309 2027; x_wconf 90' lang='lat' dir='ltr'><strong>quam</strong></span> <span class='ocrx_word' id='word_1_168' title='bbox 1348 1950 1618 2038; x_wconf 82' lang='lat' dir='ltr'><strong>quatuor</strong></span> <span class='ocrx_word' id='word_1_169' title='bbox 1654 1944 1918 2006; x_wconf 77' lang='lat' dir='ltr'><strong>Fratres,</strong></span> 
     </span>
    </p>
   </div>
   <div class='ocr_carea' id='block_1_9' title="bbox 818 2206 1537 2271">
    <p class='ocr_par' dir='ltr' id='par_1_9' title="bbox 818 2206 1537 2271">
     <span class='ocr_line' id='line_1_27' title="bbox 818 2206 1537 2271; baseline -0.004 0"><span class='ocrx_word' id='word_1_170' title='bbox 818 2206 1321 2271; x_wconf 85' lang='lat' dir='ltr'><strong>CAPITULUM</strong></span> <span class='ocrx_word' id='word_1_171' title='bbox 1385 2206 1537 2269; x_wconf 90' lang='lat' dir='ltr'><strong>XII.</strong></span> 
     </span>
    </p>
   </div>
   <div class='ocr_carea' id='block_1_10' title="bbox 431 2354 1926 2607">
    <p class='ocr_par' dir='ltr' id='par_1_10' title="bbox 431 2354 1926 2607">
     <span class='ocr_line' id='line_1_28' title="bbox 431 2354 1924 2429; baseline -0.004 -15"><span class='ocrx_word' id='word_1_172' title='bbox 431 2360 558 2415; x_wconf 82' lang='lat' dir='ltr'><strong>Cur</strong></span> <span class='ocrx_word' id='word_1_173' title='bbox 583 2374 704 2414; x_wconf 82' lang='lat' dir='ltr'><strong>uno</strong></span> <span class='ocrx_word' id='word_1_174' title='bbox 727 2357 1048 2429; x_wconf 78' lang='lat' dir='ltr'><strong>psallente,</strong></span> <span class='ocrx_word' id='word_1_175' title='bbox 1077 2356 1261 2411; x_wconf 82' lang='lat' dir='ltr'><strong>ceteri</strong></span> <span class='ocrx_word' id='word_1_176' title='bbox 1289 2356 1356 2409; x_wconf 87' lang='lat' dir='ltr'><strong>in</strong></span> <span class='ocrx_word' id='word_1_177' title='bbox 1384 2354 1613 2426; x_wconf 75' lang='lat' dir='ltr'><strong>synam·</strong></span> <span class='ocrx_word' id='word_1_178' title='bbox 1649 2356 1892 2410; x_wconf 84' lang='lat' dir='ltr'><strong>sedeant</strong></span> <span class='ocrx_word' id='word_1_179' title='bbox 1902 2374 1924 2417; x_wconf 88' lang='lat'><em>;</em></span> 
     </span>
     <span class='ocr_line' id='line_1_29' title="bbox 503 2442 1926 2519; baseline -0.004 -17"><span class='ocrx_word' id='word_1_180' title='bbox 503 2452 560 2503; x_wconf 78' lang='lat' dir='ltr'><strong>et</strong></span> <span class='ocrx_word' id='word_1_181' title='bbox 597 2445 773 2519; x_wconf 78' lang='lat' dir='ltr'><strong>quali</strong></span> <span class='ocrx_word' id='word_1_182' title='bbox 808 2446 1010 2501; x_wconf 78' lang='lat' dir='ltr'><strong>studio</strong></span> <span class='ocrx_word' id='word_1_183' title='bbox 1041 2450 1181 2516; x_wconf 79' lang='lat' dir='ltr'><strong>post</strong></span> <span class='ocrx_word' id='word_1_184' title='bbox 1217 2459 1403 2515; x_wconf 79' lang='lat' dir='ltr'><strong>usque</strong></span> <span class='ocrx_word' id='word_1_185' title='bbox 1448 2444 1529 2499; x_wconf 86' lang='lat' dir='ltr'><strong>ad</strong></span> <span class='ocrx_word' id='word_1_186' title='bbox 1574 2442 1760 2499; x_wconf 80' lang='lat' dir='ltr'><strong>lucem</strong></span> <span class='ocrx_word' id='word_1_187' title='bbox 1805 2458 1926 2499; x_wconf 80' lang='lat' dir='ltr'><strong>ser-</strong></span> 
     </span>
     <span class='ocr_line' id='line_1_30' title="bbox 505 2532 1492 2607; baseline -0.006 -16"><span class='ocrx_word' id='word_1_188' title='bbox 505 2542 640 2592; x_wconf 83' lang='lat' dir='ltr'><strong>vent</strong></span> <span class='ocrx_word' id='word_1_189' title='bbox 677 2535 934 2607; x_wconf 60' lang='lat' dir='ltr'><strong>vigilias</strong></span> <span class='ocrx_word' id='word_1_190' title='bbox 972 2535 1042 2590; x_wconf 85' lang='lat' dir='ltr'><strong>in</strong></span> <span class='ocrx_word' id='word_1_191' title='bbox 1074 2532 1310 2590; x_wconf 75' lang='lat' dir='ltr'><strong>cellulis</strong></span> <span class='ocrx_word' id='word_1_192' title='bbox 1346 2532 1492 2586; x_wconf 77' lang='lat' dir='ltr'><strong>suis.</strong></span> 
     </span>
    </p>
   </div>
   <div class='ocr_carea' id='block_1_11' title="bbox 433 2728 1930 3007">
    <p class='ocr_par' dir='ltr' id='par_1_11' title="bbox 433 2728 1930 3007">
     <span class='ocr_line' id='line_1_31' title="bbox 585 2728 1930 2809; baseline -0.002 -17"><span class='ocrx_word' id='word_1_193' title='bbox 585 2729 746 2792; x_wconf 84' lang='lat' dir='ltr'><strong>UNC</strong></span> <span class='ocrx_word' id='word_1_194' title='bbox 778 2748 929 2791; x_wconf 90' lang='lat' dir='ltr'><strong>sane</strong></span> <span class='ocrx_word' id='word_1_195' title='bbox 970 2728 1346 2790; x_wconf 89' lang='lat' dir='ltr'><strong>canonicum</strong></span> <span class='ocrx_word' id='word_1_196' title='bbox 1387 2746 1726 2790; x_wconf 87' lang='lat' dir='ltr'><strong>numerum</strong></span> <span class='ocrx_word' id='word_1_197' title='bbox 1769 2728 1930 2809; x_wconf 88' lang='lat' dir='ltr'><strong>psal-</strong></span> 
     </span>
     <span class='ocr_line' id='line_1_32' title="bbox 607 2825 1930 2908; baseline -0.004 -18"><span class='ocrx_word' id='word_1_198' title='bbox 607 2846 857 2890; x_wconf 89' lang='lat' dir='ltr'><strong>morum</strong></span> <span class='ocrx_word' id='word_1_199' title='bbox 897 2825 1356 2889; x_wconf 86' lang='lat' dir='ltr'><strong>duodenarium</strong></span> <span class='ocrx_word' id='word_1_200' title='bbox 1401 2844 1594 2908; x_wconf 90' lang='lat' dir='ltr'><strong>quem</strong></span> <span class='ocrx_word' id='word_1_201' title='bbox 1641 2826 1930 2907; x_wconf 83' lang='lat' dir='ltr'><strong>praedixi-</strong></span> 
     </span>
     <span class='ocr_line' id='line_1_33' title="bbox 433 2925 1929 3007; baseline -0.002 -19"><span class='ocrx_word' id='word_1_202' title='bbox 433 2946 601 2999; x_wconf 80' lang='lat' dir='ltr'><strong>muS,</strong></span> <span class='ocrx_word' id='word_1_203' title='bbox 645 2944 794 2987; x_wconf 92' lang='lat' dir='ltr'><strong>cum</strong></span> <span class='ocrx_word' id='word_1_204' title='bbox 843 2925 953 2987; x_wconf 89' lang='lat' dir='ltr'><strong>tali</strong></span> <span class='ocrx_word' id='word_1_205' title='bbox 1002 2925 1440 3007; x_wconf 86' lang='lat' dir='ltr'><strong>repausatione</strong></span> <span class='ocrx_word' id='word_1_206' title='bbox 1490 2925 1773 3006; x_wconf 90' lang='lat' dir='ltr'><strong>corporis</strong></span> <span class='ocrx_word' id='word_1_207' title='bbox 1823 2943 1929 2987; x_wconf 87' lang='lat' dir='ltr'><strong>au·-</strong></span> 
     </span>
    </p>
   </div>
   <div class='ocr_carea' id='block_1_12' title="bbox 2033 1944 3530 2123">
    <p class='ocr_par' dir='ltr' id='par_1_12' title="bbox 2033 1944 3530 2123">
     <span class='ocr_line' id='line_1_34' title="bbox 2033 1944 3530 2025; baseline 0 -20"><span class='ocrx_word' id='word_1_208' title='bbox 2033 1944 2523 2025; x_wconf 89' lang='lat' dir='ltr'><strong>superveniente</strong></span> <span class='ocrx_word' id='word_1_209' title='bbox 2554 1945 2696 2007; x_wconf 88' lang='lat' dir='ltr'><strong>luce</strong></span> <span class='ocrx_word' id='word_1_210' title='bbox 2726 1944 2875 2019; x_wconf 88' lang='lat' dir='ltr'><strong>diei,</strong></span> <span class='ocrx_word' id='word_1_211' title='bbox 2909 1952 3219 2007; x_wconf 88' lang='lat' dir='ltr'><strong>nocturno</strong></span> <span class='ocrx_word' id='word_1_212' title='bbox 3247 1944 3424 2025; x_wconf 85' lang='lat' dir='ltr'><strong>operi</strong></span> <span class='ocrx_word' id='word_1_213' title='bbox 3455 1963 3530 2006; x_wconf 91' lang='lat' dir='ltr'><strong>ac</strong></span> 
     </span>
     <span class='ocr_line' id='line_1_35' title="bbox 2035 2041 3372 2123; baseline -0.001 -19"><span class='ocrx_word' id='word_1_214' title='bbox 2035 2041 2433 2104; x_wconf 88' lang='lat' dir='ltr'><strong>meditationi</strong></span> <span class='ocrx_word' id='word_1_215' title='bbox 2472 2043 2756 2123; x_wconf 86' lang='lat' dir='ltr'><strong>operatio</strong></span> <span class='ocrx_word' id='word_1_216' title='bbox 2792 2042 3089 2105; x_wconf 87' lang='lat' dir='ltr'><strong>succedat</strong></span> <span class='ocrx_word' id='word_1_217' title='bbox 3127 2042 3372 2104; x_wconf 88' lang='lat' dir='ltr'><strong>diurna.</strong></span> 
     </span>
    </p>
   </div>
   <div class='ocr_carea' id='block_1_13' title="bbox 2403 2294 3153 2359">
    <p class='ocr_par' dir='ltr' id='par_1_13' title="bbox 2403 2294 3153 2359">
     <span class='ocr_line' id='line_1_36' title="bbox 2403 2294 3153 2359; baseline 0.003 -2"><span class='ocrx_word' id='word_1_218' title='bbox 2403 2294 2905 2358; x_wconf 82' lang='lat' dir='ltr'><strong>CAPITULUM</strong></span> <span class='ocrx_word' id='word_1_219' title='bbox 2966 2294 3153 2359; x_wconf 87' lang='lat' dir='ltr'><strong>XIII.</strong></span> 
     </span>
    </p>
   </div>
   <div class='ocr_carea' id='block_1_14' title="bbox 2033 2443 3531 2589">
    <p class='ocr_par' dir='ltr' id='par_1_14' title="bbox 2033 2443 3531 2589">
     <span class='ocr_line' id='line_1_37' title="bbox 2033 2443 3531 2514; baseline 0.001 -15"><span class='ocrx_word' id='word_1_220' title='bbox 2033 2444 2235 2511; x_wconf 82' lang='lat' dir='ltr'><strong>Quare</strong></span> <span class='ocrx_word' id='word_1_221' title='bbox 2264 2447 2405 2514; x_wconf 80' lang='lat' dir='ltr'><strong>post</strong></span> <span class='ocrx_word' id='word_1_222' title='bbox 2442 2444 2685 2499; x_wconf 81' lang='lat' dir='ltr'><strong>missam</strong></span> <span class='ocrx_word' id='word_1_223' title='bbox 2722 2449 3078 2499; x_wconf 81' lang='lat' dir='ltr'><strong>nocturnam</strong></span> <span class='ocrx_word' id='word_1_224' title='bbox 3112 2443 3531 2501; x_wconf 79' lang='lat' dir='ltr'><strong>dormiendum</strong></span> 
     </span>
     <span class='ocr_line' id='line_1_38' title="bbox 2658 2534 2919 2589; baseline -0.011 1"><span class='ocrx_word' id='word_1_225' title='bbox 2658 2549 2781 2589; x_wconf 84' lang='lat' dir='ltr'><strong>non</strong></span> <span class='ocrx_word' id='word_1_226' title='bbox 2818 2534 2874 2588; x_wconf 81' lang='lat' dir='ltr'><strong>si</strong></span> <span class='ocrx_word' id='word_1_227' title='bbox 2879 2538 2919 2588; x_wconf 87' lang='lat' dir='ltr'><strong>t.</strong></span> 
     </span>
    </p>
   </div>
   <div class='ocr_carea' id='block_1_15' title="bbox 2036 2726 3531 3007">
    <p class='ocr_par' dir='ltr' id='par_1_15' title="bbox 2036 2726 3531 3007">
     <span class='ocr_line' id='line_1_39' title="bbox 2040 2726 3531 2927; baseline -0.002 -134"><span class='ocrx_word' id='word_1_228' title='bbox 2040 2726 2348 2927; x_wconf 80' lang='lat' dir='ltr'><strong>QUEM</strong></span> <span class='ocrx_word' id='word_1_229' title='bbox 2388 2730 2667 2792; x_wconf 90' lang='lat' dir='ltr'><strong>laborem</strong></span> <span class='ocrx_word' id='word_1_230' title='bbox 2707 2729 2945 2792; x_wconf 87' lang='lat' dir='ltr'><strong>idcirco</strong></span> <span class='ocrx_word' id='word_1_231' title='bbox 2986 2748 3133 2791; x_wconf 92' lang='lat' dir='ltr'><strong>cum</strong></span> <span class='ocrx_word' id='word_1_232' title='bbox 3173 2729 3347 2792; x_wconf 90' lang='lat' dir='ltr'><strong>omni</strong></span> <span class='ocrx_word' id='word_1_233' title='bbox 3388 2729 3531 2791; x_wconf 91' lang='lat' dir='ltr'><strong>dili-</strong></span> 
     </span>
     <span class='ocr_line' id='line_1_40' title="bbox 2195 2827 3527 2909; baseline 0 -20"><span class='ocrx_word' id='word_1_234' title='bbox 2195 2829 2408 2909; x_wconf 89' lang='lat' dir='ltr'><strong>gentia</strong></span> <span class='ocrx_word' id='word_1_235' title='bbox 2446 2835 2703 2909; x_wconf 85' lang='lat' dir='ltr'><strong>propter</strong></span> <span class='ocrx_word' id='word_1_236' title='bbox 2732 2828 2887 2890; x_wconf 82' lang='lat' dir='ltr'><strong>duas</strong></span> <span class='ocrx_word' id='word_1_237' title='bbox 2920 2846 3140 2890; x_wconf 90' lang='lat' dir='ltr'><strong>causas</strong></span> <span class='ocrx_word' id='word_1_238' title='bbox 3167 2827 3527 2903; x_wconf 88' lang='lat' dir='ltr'><strong>observant,</strong></span> 
     </span>
     <span class='ocr_line' id='line_1_41' title="bbox 2036 2924 3529 3007; baseline 0 -20"><span class='ocrx_word' id='word_1_239' title='bbox 2036 2934 2387 3007; x_wconf 85' lang='lat' dir='ltr'><strong>satagentes</strong></span> <span class='ocrx_word' id='word_1_240' title='bbox 2428 2944 2576 2988; x_wconf 90' lang='lat' dir='ltr'><strong>cum</strong></span> <span class='ocrx_word' id='word_1_241' title='bbox 2614 2933 2743 2987; x_wconf 90' lang='lat' dir='ltr'><strong>tota</strong></span> <span class='ocrx_word' id='word_1_242' title='bbox 2786 2925 3098 2987; x_wconf 85' lang='lat' dir='ltr'><strong>industria</strong></span> <span class='ocrx_word' id='word_1_243' title='bbox 3138 2924 3529 2987; x_wconf 89' lang='lat' dir='ltr'><strong>sacrificium</strong></span> 
     </span>
    </p>
   </div>
   <div class='ocr_carea' id='block_1_16' title="bbox 431 3021 3526 3105">
    <p class='ocr_par' dir='ltr' id='par_1_16' title="bbox 431 3021 3526 3105">
     <span class='ocr_line' id='line_1_42' title="bbox 431 3021 3526 3105; baseline 0 -19"><span class='ocrx_word' id='word_1_244' title='bbox 431 3024 639 3097; x_wconf 89' lang='lat' dir='ltr'><strong>diunt,</strong></span> <span class='ocrx_word' id='word_1_245' title='bbox 691 3029 761 3085; x_wconf 89' lang='lat' dir='ltr'><strong>ut</strong></span> <span class='ocrx_word' id='word_1_246' title='bbox 811 3021 1100 3105; x_wconf 80' lang='lat' dir='ltr'><strong>praefatas</strong></span> <span class='ocrx_word' id='word_1_247' title='bbox 1151 3022 1708 3103; x_wconf 84' lang='lat' dir='ltr'><strong>congregationum</strong></span> <span class='ocrx_word' id='word_1_248' title='bbox 1764 3023 1926 3104; x_wconf 87' lang='lat' dir='ltr'><strong>psal·</strong></span> <span class='ocrx_word' id='word_1_249' title='bbox 1963 3022 2008 3086; x_wconf 86' lang='lat' dir='ltr'>C</span> <span class='ocrx_word' id='word_1_250' title='bbox 2037 3025 2166 3087; x_wconf 90' lang='lat' dir='ltr'><strong>Deo</strong></span> <span class='ocrx_word' id='word_1_251' title='bbox 2209 3024 2442 3086; x_wconf 85' lang='lat' dir='ltr'><strong>offerre</strong></span> <span class='ocrx_word' id='word_1_252' title='bbox 2487 3024 2565 3085; x_wconf 90' lang='lat' dir='ltr'><strong>de</strong></span> <span class='ocrx_word' id='word_1_253' title='bbox 2609 3023 2821 3086; x_wconf 90' lang='lat' dir='ltr'><strong>fructu</strong></span> <span class='ocrx_word' id='word_1_254' title='bbox 2868 3041 3173 3085; x_wconf 91' lang='lat' dir='ltr'><strong>manuum</strong></span> <span class='ocrx_word' id='word_1_255' title='bbox 3216 3041 3475 3084; x_wconf 89' lang='lat' dir='ltr'><strong>suarum</strong></span> <span class='ocrx_word' id='word_1_256' title='bbox 3511 3042 3526 3086; x_wconf 72' lang='grc' dir='ltr'>ε</span> 
     </span>
    </p>
   </div>
   <div class='ocr_carea' id='block_1_17' title="bbox 429 3120 1934 4183">
    <p class='ocr_par' dir='ltr' id='par_1_17' title="bbox 429 3120 1934 4183">
     <span class='ocr_line' id='line_1_43' title="bbox 433 3120 1924 3203; baseline -0.002 -18"><span class='ocrx_word' id='word_1_257' title='bbox 433 3121 678 3185; x_wconf 89' lang='lat' dir='ltr'><strong>modias</strong></span> <span class='ocrx_word' id='word_1_258' title='bbox 728 3120 970 3202; x_wconf 90' lang='lat' dir='ltr'><strong>Deique</strong></span> <span class='ocrx_word' id='word_1_259' title='bbox 1017 3120 1262 3183; x_wconf 89' lang='lat' dir='ltr'><strong>cultum</strong></span> <span class='ocrx_word' id='word_1_260' title='bbox 1306 3139 1382 3182; x_wconf 91' lang='lat' dir='ltr'><strong>ex</strong></span> <span class='ocrx_word' id='word_1_261' title='bbox 1427 3138 1602 3183; x_wconf 88' lang='lat' dir='ltr'><strong>more</strong></span> <span class='ocrx_word' id='word_1_262' title='bbox 1646 3128 1924 3203; x_wconf 83' lang='lat' dir='ltr'><strong>agenteS‚</strong></span> 
     </span>
     <span class='ocr_line' id='line_1_44' title="bbox 431 3219 1926 3301; baseline -0.002 -18"><span class='ocrx_word' id='word_1_263' title='bbox 431 3221 648 3284; x_wconf 89' lang='lat' dir='ltr'><strong>cuncti</strong></span> <span class='ocrx_word' id='word_1_264' title='bbox 708 3238 903 3301; x_wconf 90' lang='lat' dir='ltr'><strong>super</strong></span> <span class='ocrx_word' id='word_1_265' title='bbox 952 3219 1312 3281; x_wconf 88' lang='lat' dir='ltr'><strong>humillima</strong></span> <span class='ocrx_word' id='word_1_266' title='bbox 1364 3219 1588 3281; x_wconf 89' lang='lat' dir='ltr'><strong>sedilia</strong></span> <span class='ocrx_word' id='word_1_267' title='bbox 1645 3221 1926 3293; x_wconf 87' lang='lat' dir='ltr'><strong>sedeant,</strong></span> 
     </span>
     <span class='ocr_line' id='line_1_45' title="bbox 431 3316 1930 3401; baseline -0.001 -21"><span class='ocrx_word' id='word_1_268' title='bbox 431 3327 664 3401; x_wconf 84' lang='lat' dir='ltr'><strong>praeter</strong></span> <span class='ocrx_word' id='word_1_269' title='bbox 705 3336 856 3379; x_wconf 90' lang='lat' dir='ltr'><strong>eum</strong></span> <span class='ocrx_word' id='word_1_270' title='bbox 905 3318 1014 3399; x_wconf 92' lang='lat' dir='ltr'><strong>qui</strong></span> <span class='ocrx_word' id='word_1_271' title='bbox 1065 3316 1342 3398; x_wconf 87' lang='lat' dir='ltr'><strong>psalmos</strong></span> <span class='ocrx_word' id='word_1_272' title='bbox 1392 3317 1678 3378; x_wconf 90' lang='lat' dir='ltr'><strong>dicturus</strong></span> <span class='ocrx_word' id='word_1_273' title='bbox 1728 3318 1930 3399; x_wconf 88' lang='lat' dir='ltr'><strong>surgit</strong></span> 
     </span>
     <span class='ocr_line' id='line_1_46' title="bbox 431 3414 1929 3495; baseline -0.001 -18"><span class='ocrx_word' id='word_1_274' title='bbox 431 3424 498 3478; x_wconf 85' lang='lat' dir='ltr'><strong>et</strong></span> <span class='ocrx_word' id='word_1_275' title='bbox 538 3423 656 3476; x_wconf 88' lang='lat' dir='ltr'><strong>stat</strong></span> <span class='ocrx_word' id='word_1_276' title='bbox 697 3416 765 3476; x_wconf 90' lang='lat' dir='ltr'><strong>in</strong></span> <span class='ocrx_word' id='word_1_277' title='bbox 807 3415 1038 3489; x_wconf 87' lang='lat' dir='ltr'><strong>medic,</strong></span> <span class='ocrx_word' id='word_1_278' title='bbox 1074 3414 1258 3495; x_wconf 87' lang='lat' dir='ltr'><strong>cujus</strong></span> <span class='ocrx_word' id='word_1_279' title='bbox 1293 3431 1512 3476; x_wconf 92' lang='lat' dir='ltr'><strong>vocem</strong></span> <span class='ocrx_word' id='word_1_280' title='bbox 1553 3422 1682 3476; x_wconf 89' lang='lat' dir='ltr'><strong>tota</strong></span> <span class='ocrx_word' id='word_1_281' title='bbox 1722 3415 1929 3476; x_wconf 86' lang='lat' dir='ltr'><strong>cordis</strong></span> 
     </span>
     <span class='ocr_line' id='line_1_47' title="bbox 430 3512 1928 3593; baseline -0.001 -18"><span class='ocrx_word' id='word_1_282' title='bbox 430 3513 782 3575; x_wconf 86' lang='lat' dir='ltr'><strong>attentione</strong></span> <span class='ocrx_word' id='word_1_283' title='bbox 820 3513 1174 3574; x_wconf 89' lang='lat' dir='ltr'><strong>advertunt.</strong></span> <span class='ocrx_word' id='word_1_284' title='bbox 1213 3512 1316 3574; x_wconf 89' lang='lat' dir='ltr'><strong>Sic</strong></span> <span class='ocrx_word' id='word_1_285' title='bbox 1355 3530 1632 3593; x_wconf 89' lang='lat' dir='ltr'><strong>namque</strong></span> <span class='ocrx_word' id='word_1_286' title='bbox 1663 3512 1928 3593; x_wconf 83' lang='lat' dir='ltr'><strong>jejuniis</strong></span> 
     </span>
     <span class='ocr_line' id='line_1_48' title="bbox 430 3609 1931 3693; baseline -0.001 -20"><span class='ocrx_word' id='word_1_287' title='bbox 430 3619 624 3693; x_wconf 88' lang='lat' dir='ltr'><strong>atque</strong></span> <span class='ocrx_word' id='word_1_288' title='bbox 672 3609 976 3692; x_wconf 88' lang='lat' dir='ltr'><strong>operibus</strong></span> <span class='ocrx_word' id='word_1_289' title='bbox 1025 3609 1216 3672; x_wconf 90' lang='lat' dir='ltr'><strong>totius</strong></span> <span class='ocrx_word' id='word_1_290' title='bbox 1266 3610 1394 3672; x_wconf 87' lang='lat' dir='ltr'><strong>diei</strong></span> <span class='ocrx_word' id='word_1_291' title='bbox 1436 3629 1509 3672; x_wconf 90' lang='lat' dir='ltr'><strong>ac</strong></span> <span class='ocrx_word' id='word_1_292' title='bbox 1561 3610 1765 3672; x_wconf 90' lang='lat' dir='ltr'><strong>noctis</strong></span> <span class='ocrx_word' id='word_1_293' title='bbox 1815 3610 1931 3671; x_wconf 89' lang='lat' dir='ltr'><strong>las-</strong></span> 
     </span>
     <span class='ocr_line' id='line_1_49' title="bbox 431 3708 1930 3790; baseline -0.002 -18"><span class='ocrx_word' id='word_1_294' title='bbox 431 3717 677 3781; x_wconf 86' lang='lat' dir='ltr'><strong>santur,</strong></span> <span class='ocrx_word' id='word_1_295' title='bbox 725 3708 899 3790; x_wconf 90' lang='lat' dir='ltr'><strong>quod</strong></span> <span class='ocrx_word' id='word_1_296' title='bbox 950 3708 1324 3790; x_wconf 85' lang='lat' dir='ltr'><strong>praedictum</strong></span> <span class='ocrx_word' id='word_1_297' title='bbox 1375 3708 1769 3790; x_wconf 88' lang='lat' dir='ltr'><strong>psalmorum</strong></span> <span class='ocrx_word' id='word_1_298' title='bbox 1816 3727 1930 3771; x_wconf 93' lang='lat' dir='ltr'><strong>nu-</strong></span> 
     </span>
     <span class='ocr_line' id='line_1_50' title="bbox 433 3805 1928 3888; baseline -0.001 -19"><span class='ocrx_word' id='word_1_299' title='bbox 433 3826 685 3870; x_wconf 91' lang='lat' dir='ltr'><strong>merum</strong></span> <span class='ocrx_word' id='word_1_300' title='bbox 716 3824 922 3888; x_wconf 88' lang='lat' dir='ltr'><strong>usque</strong></span> <span class='ocrx_word' id='word_1_301' title='bbox 955 3806 1032 3867; x_wconf 87' lang='lat' dir='ltr'><strong>ad</strong></span> <span class='ocrx_word' id='word_1_302' title='bbox 1060 3805 1261 3868; x_wconf 86' lang='lat' dir='ltr'><strong>finem</strong></span> <span class='ocrx_word' id='word_1_303' title='bbox 1292 3806 1512 3869; x_wconf 90' lang='lat' dir='ltr'><strong>audire</strong></span> <span class='ocrx_word' id='word_1_304' title='bbox 1543 3824 1671 3869; x_wconf 91' lang='lat' dir='ltr'><strong>non</strong></span> <span class='ocrx_word' id='word_1_305' title='bbox 1697 3806 1928 3879; x_wconf 89' lang='lat' dir='ltr'><strong>valent,</strong></span> 
     </span>
     <span class='ocr_line' id='line_1_51' title="bbox 433 3904 1930 3985; baseline -0.002 -17"><span class='ocrx_word' id='word_1_306' title='bbox 433 3906 563 3968; x_wconf 90' lang='lat' dir='ltr'><strong>nisi</strong></span> <span class='ocrx_word' id='word_1_307' title='bbox 592 3904 1038 3985; x_wconf 83' lang='lat' dir='ltr'><strong>hujuscemodi</strong></span> <span class='ocrx_word' id='word_1_308' title='bbox 1070 3904 1284 3985; x_wconf 89' lang='lat' dir='ltr'><strong>quiete</strong></span> <span class='ocrx_word' id='word_1_309' title='bbox 1313 3904 1635 3985; x_wconf 88' lang='lat' dir='ltr'><strong>juventur.</strong></span> <span class='ocrx_word' id='word_1_310' title='bbox 1670 3904 1930 3967; x_wconf 90' lang='lat' dir='ltr'><strong>Nullum</strong></span> 
     </span>
     <span class='ocr_line' id='line_1_52' title="bbox 429 4002 1934 4084; baseline -0.002 -18"><span class='ocrx_word' id='word_1_311' title='bbox 429 4004 674 4067; x_wconf 87' lang='lat' dir='ltr'><strong>etenim</strong></span> <span class='ocrx_word' id='word_1_312' title='bbox 713 4010 970 4084; x_wconf 89' lang='lat' dir='ltr'><strong>tempus</strong></span> <span class='ocrx_word' id='word_1_313' title='bbox 1012 4002 1252 4084; x_wconf 88' lang='lat' dir='ltr'><strong>absque</strong></span> <span class='ocrx_word' id='word_1_314' title='bbox 1292 4003 1502 4084; x_wconf 90' lang='lat' dir='ltr'><strong>operis</strong></span> <span class='ocrx_word' id='word_1_315' title='bbox 1543 4003 1934 4065; x_wconf 83' lang='lat' dir='ltr'><strong>exercitatio-</strong></span> 
     </span>
     <span class='ocr_line' id='line_1_53' title="bbox 431 4100 1932 4183; baseline -0.002 -19"><span class='ocrx_word' id='word_1_316' title='bbox 431 4121 518 4165; x_wconf 87' lang='lat' dir='ltr'><strong>ne</strong></span> <span class='ocrx_word' id='word_1_317' title='bbox 549 4119 824 4163; x_wconf 87' lang='lat' dir='ltr'><strong>vacuum</strong></span> <span class='ocrx_word' id='word_1_318' title='bbox 855 4100 1124 4163; x_wconf 90' lang='lat' dir='ltr'><strong>transire</strong></span> <span class='ocrx_word' id='word_1_319' title='bbox 1156 4101 1534 4181; x_wconf 86' lang='lat' dir='ltr'><strong>permittunt</strong></span> <span class='ocrx_word' id='word_1_320' title='bbox 1567 4119 1580 4162; x_wconf 73' lang='grc' dir='ltr'><strong><em>ε</em></strong></span> <span class='ocrx_word' id='word_1_321' title='bbox 1615 4102 1766 4183; x_wconf 91' lang='lat' dir='ltr'><strong>quia</strong></span> <span class='ocrx_word' id='word_1_322' title='bbox 1806 4118 1932 4162; x_wconf 92' lang='lat' dir='ltr'><strong>non</strong></span> 
     </span>
    </p>
   </div>
   <div class='ocr_carea' id='block_1_18' title="bbox 2037 3120 3539 4180">
    <p class='ocr_par' dir='ltr' id='par_1_18' title="bbox 2037 3120 3539 4180">
     <span class='ocr_line' id='line_1_54' title="bbox 2037 3120 3533 3205; baseline -0.003 -19"><span class='ocrx_word' id='word_1_323' title='bbox 2037 3123 2207 3205; x_wconf 91' lang='lat' dir='ltr'><strong>quod</strong></span> <span class='ocrx_word' id='word_1_324' title='bbox 2258 3140 2371 3185; x_wconf 88' lang='lat' dir='ltr'><strong>nos</strong></span> <span class='ocrx_word' id='word_1_325' title='bbox 2422 3139 2676 3203; x_wconf 90' lang='lat' dir='ltr'><strong>quoque</strong></span> <span class='ocrx_word' id='word_1_326' title='bbox 2736 3140 2884 3183; x_wconf 91' lang='lat' dir='ltr'><strong>cum</strong></span> <span class='ocrx_word' id='word_1_327' title='bbox 2934 3121 3154 3183; x_wconf 91' lang='lat' dir='ltr'><strong>eadem</strong></span> <span class='ocrx_word' id='word_1_328' title='bbox 3202 3120 3533 3201; x_wconf 89' lang='lat' dir='ltr'><strong>diligentia</strong></span> 
     </span>
     <span class='ocr_line' id='line_1_55' title="bbox 2038 3219 3531 3302; baseline -0.001 -18"><span class='ocrx_word' id='word_1_329' title='bbox 2038 3221 2337 3285; x_wconf 89' lang='lat' dir='ltr'><strong>convenit</strong></span> <span class='ocrx_word' id='word_1_330' title='bbox 2382 3220 2741 3295; x_wconf 86' lang='lat' dir='ltr'><strong>observare,</strong></span> <span class='ocrx_word' id='word_1_331' title='bbox 2792 3220 2846 3283; x_wconf 88' lang='lat' dir='ltr'><strong>si</strong></span> <span class='ocrx_word' id='word_1_332' title='bbox 2897 3219 3270 3302; x_wconf 86' lang='lat' dir='ltr'><strong>perfectioni</strong></span> <span class='ocrx_word' id='word_1_333' title='bbox 3319 3220 3531 3283; x_wconf 91' lang='lat' dir='ltr'><strong>stude-</strong></span> 
     </span>
     <span class='ocr_line' id='line_1_56' title="bbox 2039 3316 3529 3397; baseline 0 -18"><span class='ocrx_word' id='word_1_334' title='bbox 2039 3337 2203 3379; x_wconf 91' lang='lat' dir='ltr'><strong>mus.</strong></span> <span class='ocrx_word' id='word_1_335' title='bbox 2245 3316 2454 3378; x_wconf 87' lang='lat' dir='ltr'><strong>Prima</strong></span> <span class='ocrx_word' id='word_1_336' title='bbox 2496 3335 2685 3379; x_wconf 89' lang='lat' dir='ltr'><strong>causa</strong></span> <span class='ocrx_word' id='word_1_337' title='bbox 2731 3323 2848 3390; x_wconf 90' lang='lat' dir='ltr'><strong>est,</strong></span> <span class='ocrx_word' id='word_1_338' title='bbox 2892 3335 2971 3378; x_wconf 91' lang='lat' dir='ltr'><strong>ne</strong></span> <span class='ocrx_word' id='word_1_339' title='bbox 3016 3316 3529 3397; x_wconf 87' lang='lat' dir='ltr'><strong>purificationem</strong></span> 
     </span>
     <span class='ocr_line' id='line_1_57' title="bbox 2039 3414 3537 3497; baseline -0.001 -20"><span class='ocrx_word' id='word_1_340' title='bbox 2039 3425 2319 3478; x_wconf 91' lang='lat' dir='ltr'><strong>nostram</strong></span> <span class='ocrx_word' id='word_1_341' title='bbox 2348 3415 2670 3477; x_wconf 87' lang='lat' dir='ltr'><strong>nocturnis</strong></span> <span class='ocrx_word' id='word_1_342' title='bbox 2705 3415 2961 3497; x_wconf 88' lang='lat' dir='ltr'><strong>psalmis</strong></span> <span class='ocrx_word' id='word_1_343' title='bbox 2988 3414 3537 3497; x_wconf 89' lang='lat' dir='ltr'><strong>acquisitam‚rur-</strong></span> 
     </span>
     <span class='ocr_line' id='line_1_58' title="bbox 2041 3512 3535 3593; baseline 0 -19"><span class='ocrx_word' id='word_1_344' title='bbox 2041 3533 2148 3575; x_wconf 92' lang='lat' dir='ltr'><strong>sus</strong></span> <span class='ocrx_word' id='word_1_345' title='bbox 2189 3513 2577 3575; x_wconf 78' lang='lat' dir='ltr'><strong>contaminet</strong></span> <span class='ocrx_word' id='word_1_346' title='bbox 2607 3513 2837 3593; x_wconf 77' lang='lat' dir='ltr'><strong>aliqua.</strong></span> <span class='ocrx_word' id='word_1_347' title='bbox 2860 3514 3091 3575; x_wconf 89' lang='lat' dir='ltr'><strong>somnii</strong></span> <span class='ocrx_word' id='word_1_348' title='bbox 3133 3512 3429 3576; x_wconf 90' lang='lat' dir='ltr'><strong>illusione</strong></span> <span class='ocrx_word' id='word_1_349' title='bbox 3460 3513 3535 3574; x_wconf 87' lang='lat' dir='ltr'><strong>li-</strong></span> 
     </span>
     <span class='ocr_line' id='line_1_59' title="bbox 2039 3610 3532 3691; baseline -0.001 -18"><span class='ocrx_word' id='word_1_350' title='bbox 2039 3611 2227 3673; x_wconf 91' lang='lat' dir='ltr'><strong>vidus</strong></span> <span class='ocrx_word' id='word_1_351' title='bbox 2279 3610 2579 3671; x_wconf 90' lang='lat' dir='ltr'><strong>inimicus</strong></span> <span class='ocrx_word' id='word_1_352' title='bbox 2626 3617 2856 3672; x_wconf 83' lang='lat' dir='ltr'><strong>nostrae</strong></span> <span class='ocrx_word' id='word_1_353' title='bbox 2907 3610 3198 3672; x_wconf 90' lang='lat' dir='ltr'><strong>invidens</strong></span> <span class='ocrx_word' id='word_1_354' title='bbox 3247 3610 3532 3691; x_wconf 89' lang='lat' dir='ltr'><strong>puritati,</strong></span> 
     </span>
     <span class='ocr_line' id='line_1_60' title="bbox 2042 3708 3538 3788; baseline -0.001 -18"><span class='ocrx_word' id='word_1_355' title='bbox 2042 3710 2146 3770; x_wconf 93' lang='lat' dir='ltr'><strong>cui</strong></span> <span class='ocrx_word' id='word_1_356' title='bbox 2199 3708 2472 3770; x_wconf 89' lang='lat' dir='ltr'><strong>maxime</strong></span> <span class='ocrx_word' id='word_1_357' title='bbox 2520 3725 2775 3788; x_wconf 90' lang='lat' dir='ltr'><strong>semper</strong></span> <span class='ocrx_word' id='word_1_358' title='bbox 2828 3708 3163 3770; x_wconf 90' lang='lat' dir='ltr'><strong>insidiatur</strong></span> <span class='ocrx_word' id='word_1_359' title='bbox 3210 3716 3397 3788; x_wconf 89' lang='lat' dir='ltr'><strong>atque</strong></span> <span class='ocrx_word' id='word_1_360' title='bbox 3447 3708 3538 3769; x_wconf 92' lang='lat' dir='ltr'><strong>in-</strong></span> 
     </span>
     <span class='ocr_line' id='line_1_61' title="bbox 2041 3805 3536 3887; baseline 0.001 -20"><span class='ocrx_word' id='word_1_361' title='bbox 2041 3806 2404 3868; x_wconf 86' lang='lat' dir='ltr'><strong>desinenter</strong></span> <span class='ocrx_word' id='word_1_362' title='bbox 2434 3805 2704 3867; x_wconf 88' lang='lat' dir='ltr'><strong>infestus</strong></span> <span class='ocrx_word' id='word_1_363' title='bbox 2736 3813 2832 3869; x_wconf 92' lang='lat' dir='ltr'><strong>est</strong></span> <span class='ocrx_word' id='word_1_364' title='bbox 2865 3824 2878 3869; x_wconf 90' lang='lat'>:</span> <span class='ocrx_word' id='word_1_365' title='bbox 2914 3806 3025 3887; x_wconf 93' lang='lat' dir='ltr'><strong>qui</strong></span> <span class='ocrx_word' id='word_1_366' title='bbox 3056 3805 3391 3868; x_wconf 88' lang='lat' dir='ltr'><strong>sollicitius</strong></span> <span class='ocrx_word' id='word_1_367' title='bbox 3422 3823 3536 3868; x_wconf 88' lang='lat' dir='ltr'><strong>nos</strong></span> 
     </span>
     <span class='ocr_line' id='line_1_62' title="bbox 2042 3901 3539 3976; baseline 0 -11"><span class='ocrx_word' id='word_1_368' title='bbox 2042 3903 2361 3965; x_wconf 88' lang='lat' dir='ltr'><strong>maculare</strong></span> <span class='ocrx_word' id='word_1_369' title='bbox 2410 3901 2689 3976; x_wconf 91' lang='lat' dir='ltr'><strong>festinat,</strong></span> <span class='ocrx_word' id='word_1_370' title='bbox 2732 3903 2785 3965; x_wconf 90' lang='lat' dir='ltr'><strong>si</strong></span> <span class='ocrx_word' id='word_1_371' title='bbox 2832 3921 2947 3965; x_wconf 92' lang='lat' dir='ltr'><strong>nos</strong></span> <span class='ocrx_word' id='word_1_372' title='bbox 2998 3903 3062 3963; x_wconf 91' lang='lat' dir='ltr'><strong>in</strong></span> <span class='ocrx_word' id='word_1_373' title='bbox 3112 3921 3407 3966; x_wconf 90' lang='lat' dir='ltr'><strong>somnum</strong></span> <span class='ocrx_word' id='word_1_374' title='bbox 3447 3904 3539 3965; x_wconf 92' lang='lat' dir='ltr'><strong>in-</strong></span> 
     </span>
     <span class='ocr_line' id='line_1_63' title="bbox 2040 4000 3535 4083; baseline 0 -20"><span class='ocrx_word' id='word_1_375' title='bbox 2040 4001 2287 4063; x_wconf 86' lang='lat' dir='ltr'><strong>venerit</strong></span> <span class='ocrx_word' id='word_1_376' title='bbox 2316 4000 2618 4063; x_wconf 88' lang='lat' dir='ltr'><strong>resolutos</strong></span> <span class='ocrx_word' id='word_1_377' title='bbox 2651 4008 2793 4083; x_wconf 90' lang='lat' dir='ltr'><strong>post</strong></span> <span class='ocrx_word' id='word_1_378' title='bbox 2822 4000 3317 4063; x_wconf 84' lang='lat' dir='ltr'><strong>satisfactionem</strong></span> <span class='ocrx_word' id='word_1_379' title='bbox 3348 4020 3535 4083; x_wconf 91' lang='lat' dir='ltr'><strong>quam</strong></span> 
     </span>
     <span class='ocr_line' id='line_1_64' title="bbox 2042 4099 3536 4180; baseline 0.001 -20"><span class='ocrx_word' id='word_1_380' title='bbox 2042 4099 2108 4161; x_wconf 91' lang='lat' dir='ltr'><strong>in</strong></span> <span class='ocrx_word' id='word_1_381' title='bbox 2167 4107 2353 4161; x_wconf 90' lang='lat' dir='ltr'><strong>nocte</strong></span> <span class='ocrx_word' id='word_1_382' title='bbox 2410 4116 2526 4180; x_wconf 85' lang='lat' dir='ltr'><strong>pro</strong></span> <span class='ocrx_word' id='word_1_383' title='bbox 2582 4099 2985 4179; x_wconf 87' lang='lat' dir='ltr'><strong>negligentiis</strong></span> <span class='ocrx_word' id='word_1_384' title='bbox 3043 4106 3106 4160; x_wconf 90' lang='lat' dir='ltr'><strong>et</strong></span> <span class='ocrx_word' id='word_1_385' title='bbox 3164 4100 3536 4180; x_wconf 87' lang='lat' dir='ltr'><strong>ignorantiis</strong></span> 
     </span>
    </p>
   </div>
   <div class='ocr_carea' id='block_1_19' title="bbox 433 4195 3535 4279">
    <p class='ocr_par' dir='ltr' id='par_1_19' title="bbox 433 4195 3535 4279">
     <span class='ocr_line' id='line_1_65' title="bbox 433 4195 3535 4279; baseline -0.001 -18"><span class='ocrx_word' id='word_1_386' title='bbox 433 4200 644 4261; x_wconf 91' lang='lat' dir='ltr'><strong>solum</strong></span> <span class='ocrx_word' id='word_1_387' title='bbox 694 4198 998 4260; x_wconf 87' lang='lat' dir='ltr'><strong>diurnum</strong></span> <span class='ocrx_word' id='word_1_388' title='bbox 1051 4205 1302 4279; x_wconf 88' lang='lat' dir='ltr'><strong>tempus</strong></span> <span class='ocrx_word' id='word_1_389' title='bbox 1352 4199 1648 4260; x_wconf 88' lang='lat' dir='ltr'><strong>manibus</strong></span> <span class='ocrx_word' id='word_1_390' title='bbox 1699 4200 1933 4260; x_wconf 88' lang='lat' dir='ltr'><strong>instan-</strong></span> <span class='ocrx_word' id='word_1_391' title='bbox 1964 4202 2013 4263; x_wconf 90' lang='lat' dir='ltr'>D</span> <span class='ocrx_word' id='word_1_392' title='bbox 2043 4197 2277 4259; x_wconf 89' lang='lat' dir='ltr'><strong>nostris</strong></span> <span class='ocrx_word' id='word_1_393' title='bbox 2321 4198 2449 4259; x_wconf 91' lang='lat' dir='ltr'><strong>Deo</strong></span> <span class='ocrx_word' id='word_1_394' title='bbox 2505 4195 2876 4270; x_wconf 84' lang='lat' dir='ltr'><strong>obtulimuS‚</strong></span> <span class='ocrx_word' id='word_1_395' title='bbox 2920 4204 2981 4258; x_wconf 89' lang='lat' dir='ltr'><strong>et</strong></span> <span class='ocrx_word' id='word_1_396' title='bbox 3038 4204 3181 4278; x_wconf 93' lang='lat' dir='ltr'><strong>post</strong></span> <span class='ocrx_word' id='word_1_397' title='bbox 3232 4195 3535 4259; x_wconf 87' lang='lat' dir='ltr'><strong>confessi·</strong></span> 
     </span>
    </p>
   </div>
   <div class='ocr_carea' id='block_1_20' title="bbox 433 4296 1946 5351">
    <p class='ocr_par' dir='ltr' id='par_1_20' title="bbox 433 4296 1946 5351">
     <span class='ocr_line' id='line_1_66' title="bbox 437 4296 1932 4379; baseline -0.001 -19"><span class='ocrx_word' id='word_1_398' title='bbox 437 4306 536 4361; x_wconf 90' lang='lat' dir='ltr'><strong>ter</strong></span> <span class='ocrx_word' id='word_1_399' title='bbox 575 4296 900 4379; x_wconf 90' lang='lat' dir='ltr'><strong>operando</strong></span> <span class='ocrx_word' id='word_1_400' title='bbox 943 4298 1332 4378; x_wconf 87' lang='lat' dir='ltr'><strong>expendunt,</strong></span> <span class='ocrx_word' id='word_1_401' title='bbox 1375 4298 1483 4359; x_wconf 92' lang='lat' dir='ltr'><strong>sed</strong></span> <span class='ocrx_word' id='word_1_402' title='bbox 1529 4297 1637 4359; x_wconf 87' lang='lat' dir='ltr'><strong>illa</strong></span> <span class='ocrx_word' id='word_1_403' title='bbox 1679 4316 1932 4379; x_wconf 90' lang='lat' dir='ltr'><strong>quoque</strong></span> 
     </span>
     <span class='ocr_line' id='line_1_67' title="bbox 433 4394 1935 4477; baseline -0.002 -19"><span class='ocrx_word' id='word_1_404' title='bbox 433 4414 631 4477; x_wconf 87' lang='lat' dir='ltr'><strong>opera</strong></span> <span class='ocrx_word' id='word_1_405' title='bbox 671 4401 884 4457; x_wconf 92' lang='lat' dir='ltr'><strong>mente</strong></span> <span class='ocrx_word' id='word_1_406' title='bbox 915 4394 1187 4456; x_wconf 89' lang='lat' dir='ltr'><strong>sollicita</strong></span> <span class='ocrx_word' id='word_1_407' title='bbox 1227 4394 1559 4477; x_wconf 91' lang='lat' dir='ltr'><strong>inquirunt</strong></span> <span class='ocrx_word' id='word_1_408' title='bbox 1587 4413 1661 4457; x_wconf 89' lang='lat' dir='ltr'><strong>ac</strong></span> <span class='ocrx_word' id='word_1_409' title='bbox 1692 4394 1935 4457; x_wconf 87' lang='lat' dir='ltr'><strong>faciunt</strong></span> 
     </span>
     <span class='ocr_line' id='line_1_68' title="bbox 435 4492 1933 4577; baseline 0.001 -22"><span class='ocrx_word' id='word_1_410' title='bbox 435 4514 580 4577; x_wconf 81' lang='lat' dir='ltr'><strong>quae</strong></span> <span class='ocrx_word' id='word_1_411' title='bbox 629 4493 698 4556; x_wconf 94' lang='lat' dir='ltr'><strong>in</strong></span> <span class='ocrx_word' id='word_1_412' title='bbox 747 4492 1148 4555; x_wconf 90' lang='lat' dir='ltr'><strong>densissimis</strong></span> <span class='ocrx_word' id='word_1_413' title='bbox 1209 4493 1412 4555; x_wconf 89' lang='lat' dir='ltr'><strong>noctis</strong></span> <span class='ocrx_word' id='word_1_414' title='bbox 1460 4494 1738 4555; x_wconf 85' lang='lat' dir='ltr'><strong>tenebris</strong></span> <span class='ocrx_word' id='word_1_415' title='bbox 1791 4494 1933 4556; x_wconf 87' lang='lat' dir='ltr'><strong>fieri</strong></span> 
     </span>
     <span class='ocr_line' id='line_1_69' title="bbox 435 4591 1934 4675; baseline -0.001 -20"><span class='ocrx_word' id='word_1_416' title='bbox 435 4598 705 4675; x_wconf 87' lang='lat' dir='ltr'><strong>queunt,</strong></span> <span class='ocrx_word' id='word_1_417' title='bbox 740 4591 1068 4653; x_wconf 90' lang='lat' dir='ltr'><strong>credentes</strong></span> <span class='ocrx_word' id='word_1_418' title='bbox 1110 4610 1178 4653; x_wconf 90' lang='lat' dir='ltr'><strong>se</strong></span> <span class='ocrx_word' id='word_1_419' title='bbox 1217 4591 1294 4652; x_wconf 91' lang='lat' dir='ltr'><strong>ad</strong></span> <span class='ocrx_word' id='word_1_420' title='bbox 1336 4592 1934 4672; x_wconf 87' lang='lat' dir='ltr'><strong>contemplationem</strong></span> 
     </span>
     <span class='ocr_line' id='line_1_70' title="bbox 434 4686 1937 4769; baseline -0.001 -18"><span class='ocrx_word' id='word_1_421' title='bbox 434 4695 614 4752; x_wconf 85' lang='lat' dir='ltr'><strong>tanto</strong></span> <span class='ocrx_word' id='word_1_422' title='bbox 664 4687 992 4769; x_wconf 89' lang='lat' dir='ltr'><strong>puriorem</strong></span> <span class='ocrx_word' id='word_1_423' title='bbox 1041 4686 1422 4768; x_wconf 90' lang='lat' dir='ltr'><strong>pertingere,</strong></span> <span class='ocrx_word' id='word_1_424' title='bbox 1466 4696 1702 4769; x_wconf 91' lang='lat' dir='ltr'><strong>quanto</strong></span> <span class='ocrx_word' id='word_1_425' title='bbox 1750 4689 1937 4750; x_wconf 92' lang='lat' dir='ltr'><strong>devo-</strong></span> 
     </span>
     <span class='ocr_line' id='line_1_71' title="bbox 435 4785 1940 4867; baseline -0.001 -17"><span class='ocrx_word' id='word_1_426' title='bbox 435 4788 568 4851; x_wconf 89' lang='lat' dir='ltr'><strong>tius</strong></span> <span class='ocrx_word' id='word_1_427' title='bbox 608 4785 850 4848; x_wconf 88' lang='lat' dir='ltr'><strong>fuerint</strong></span> <span class='ocrx_word' id='word_1_428' title='bbox 879 4785 1050 4847; x_wconf 89' lang='lat' dir='ltr'><strong>circa</strong></span> <span class='ocrx_word' id='word_1_429' title='bbox 1089 4785 1374 4847; x_wconf 92' lang='lat' dir='ltr'><strong>studium</strong></span> <span class='ocrx_word' id='word_1_430' title='bbox 1414 4786 1624 4867; x_wconf 92' lang='lat' dir='ltr'><strong>operis</strong></span> <span class='ocrx_word' id='word_1_431' title='bbox 1663 4804 1737 4847; x_wconf 91' lang='lat' dir='ltr'><strong>ac</strong></span> <span class='ocrx_word' id='word_1_432' title='bbox 1772 4785 1940 4849; x_wconf 92' lang='lat' dir='ltr'><strong>labo-</strong></span> 
     </span>
     <span class='ocr_line' id='line_1_72' title="bbox 435 4882 1937 4947; baseline -0.001 0"><span class='ocrx_word' id='word_1_433' title='bbox 435 4886 528 4947; x_wconf 91' lang='lat' dir='ltr'><strong>ris</strong></span> <span class='ocrx_word' id='word_1_434' title='bbox 571 4883 822 4946; x_wconf 87' lang='lat' dir='ltr'><strong>intenti.</strong></span> <span class='ocrx_word' id='word_1_435' title='bbox 859 4882 935 4944; x_wconf 89' lang='lat' dir='ltr'><strong>Et</strong></span> <span class='ocrx_word' id='word_1_436' title='bbox 979 4882 1120 4945; x_wconf 92' lang='lat' dir='ltr'><strong>ideo</strong></span> <span class='ocrx_word' id='word_1_437' title='bbox 1165 4883 1548 4945; x_wconf 86' lang='lat' dir='ltr'><strong>mediocrem</strong></span> <span class='ocrx_word' id='word_1_438' title='bbox 1599 4902 1937 4946; x_wconf 90' lang='lat' dir='ltr'><strong>numerum</strong></span> 
     </span>
     <span class='ocr_line' id='line_1_73' title="bbox 437 4982 1942 5063; baseline -0.001 -17"><span class='ocrx_word' id='word_1_439' title='bbox 437 4982 899 5046; x_wconf 88' lang='lat' dir='ltr'><strong>canonicarum</strong></span> <span class='ocrx_word' id='word_1_440' title='bbox 945 4982 1303 5043; x_wconf 90' lang='lat' dir='ltr'><strong>orationum</strong></span> <span class='ocrx_word' id='word_1_441' title='bbox 1364 4989 1587 5063; x_wconf 88' lang='lat' dir='ltr'><strong>putant</strong></span> <span class='ocrx_word' id='word_1_442' title='bbox 1634 4982 1942 5045; x_wconf 91' lang='lat' dir='ltr'><strong>divinitus</strong></span> 
     </span>
     <span class='ocr_line' id='line_1_74' title="bbox 439 5078 1942 5162; baseline -0.002 -18"><span class='ocrx_word' id='word_1_443' title='bbox 439 5081 834 5152; x_wconf 89' lang='lat' dir='ltr'><strong>institutum,</strong></span> <span class='ocrx_word' id='word_1_444' title='bbox 864 5088 934 5141; x_wconf 90' lang='lat' dir='ltr'><strong>ut</strong></span> <span class='ocrx_word' id='word_1_445' title='bbox 963 5078 1242 5162; x_wconf 88' lang='lat' dir='ltr'><strong>spatium</strong></span> <span class='ocrx_word' id='word_1_446' title='bbox 1275 5098 1401 5161; x_wconf 91' lang='lat' dir='ltr'><strong>quo</strong></span> <span class='ocrx_word' id='word_1_447' title='bbox 1431 5099 1498 5141; x_wconf 90' lang='lat' dir='ltr'><strong>se</strong></span> <span class='ocrx_word' id='word_1_448' title='bbox 1531 5079 1942 5161; x_wconf 87' lang='lat' dir='ltr'><strong>infatigabilis</strong></span> 
     </span>
     <span class='ocr_line' id='line_1_75' title="bbox 440 5178 1946 5243; baseline -0.001 -1"><span class='ocrx_word' id='word_1_449' title='bbox 440 5198 673 5243; x_wconf 88' lang='lat' dir='ltr'><strong>cursus</strong></span> <span class='ocrx_word' id='word_1_450' title='bbox 713 5178 969 5240; x_wconf 87' lang='lat' dir='ltr'><strong>virtutis</strong></span> <span class='ocrx_word' id='word_1_451' title='bbox 1011 5195 1233 5240; x_wconf 87' lang='lat' dir='ltr'><strong>eorum</strong></span> <span class='ocrx_word' id='word_1_452' title='bbox 1279 5179 1644 5240; x_wconf 89' lang='lat' dir='ltr'><strong>extenderet</strong></span> <span class='ocrx_word' id='word_1_453' title='bbox 1683 5186 1745 5239; x_wconf 92' lang='lat' dir='ltr'><strong>et</strong></span> <span class='ocrx_word' id='word_1_454' title='bbox 1787 5179 1946 5241; x_wconf 89' lang='lat' dir='ltr'><strong>leva-</strong></span> 
     </span>
     <span class='ocr_line' id='line_1_76' title="bbox 447 5276 1944 5351; baseline -0.003 -10"><span class='ocrx_word' id='word_1_455' title='bbox 447 5286 570 5351; x_wconf 90' lang='lat' dir='ltr'><strong>ret,</strong></span> <span class='ocrx_word' id='word_1_456' title='bbox 632 5283 990 5339; x_wconf 88' lang='lat' dir='ltr'><strong>servaretur</strong></span> <span class='ocrx_word' id='word_1_457' title='bbox 1047 5276 1514 5339; x_wconf 88' lang='lat' dir='ltr'><strong>ardentioribus</strong></span> <span class='ocrx_word' id='word_1_458' title='bbox 1576 5276 1824 5338; x_wconf 87' lang='lat' dir='ltr'><strong>actibus</strong></span> <span class='ocrx_word' id='word_1_459' title='bbox 1882 5284 1944 5337; x_wconf 92' lang='lat' dir='ltr'><strong>et</strong></span> 
     </span>
    </p>
   </div>
   <div class='ocr_carea' id='block_1_21' title="bbox 2043 4294 3547 5358">
    <p class='ocr_par' dir='ltr' id='par_1_21' title="bbox 2043 4294 3547 5358">
     <span class='ocr_line' id='line_1_77' title="bbox 2043 4294 3534 4375; baseline -0.001 -17"><span class='ocrx_word' id='word_1_460' title='bbox 2043 4296 2182 4358; x_wconf 93' lang='lat' dir='ltr'><strong>onis</strong></span> <span class='ocrx_word' id='word_1_461' title='bbox 2233 4303 2463 4359; x_wconf 83' lang='lat' dir='ltr'><strong>nostrae</strong></span> <span class='ocrx_word' id='word_1_462' title='bbox 2516 4294 2974 4374; x_wconf 89' lang='lat' dir='ltr'><strong>indulgentiam</strong></span> <span class='ocrx_word' id='word_1_463' title='bbox 3021 4294 3368 4375; x_wconf 87' lang='lat' dir='ltr'><strong>gemitibus</strong></span> <span class='ocrx_word' id='word_1_464' title='bbox 3421 4294 3534 4356; x_wconf 91' lang='lat' dir='ltr'><strong>im-</strong></span> 
     </span>
     <span class='ocr_line' id='line_1_78' title="bbox 2046 4391 3532 4475; baseline 0 -20"><span class='ocrx_word' id='word_1_465' title='bbox 2046 4394 2373 4475; x_wconf 88' lang='lat' dir='ltr'><strong>ploratam.</strong></span> <span class='ocrx_word' id='word_1_466' title='bbox 2407 4392 2565 4455; x_wconf 90' lang='lat' dir='ltr'><strong>Nam</strong></span> <span class='ocrx_word' id='word_1_467' title='bbox 2609 4399 2672 4453; x_wconf 91' lang='lat' dir='ltr'><strong>et</strong></span> <span class='ocrx_word' id='word_1_468' title='bbox 2710 4400 2862 4453; x_wconf 91' lang='lat' dir='ltr'><strong>tunc</strong></span> <span class='ocrx_word' id='word_1_469' title='bbox 2903 4391 3208 4454; x_wconf 87' lang='lat' dir='ltr'><strong>fiduciam</strong></span> <span class='ocrx_word' id='word_1_470' title='bbox 3253 4400 3532 4455; x_wconf 91' lang='lat' dir='ltr'><strong>nostram</strong></span> 
     </span>
     <span class='ocr_line' id='line_1_79' title="bbox 2044 4489 3536 4573; baseline -0.001 -19"><span class='ocrx_word' id='word_1_471' title='bbox 2044 4491 2319 4573; x_wconf 89' lang='lat' dir='ltr'><strong>dejicere</strong></span> <span class='ocrx_word' id='word_1_472' title='bbox 2350 4498 2412 4553; x_wconf 93' lang='lat' dir='ltr'><strong>et</strong></span> <span class='ocrx_word' id='word_1_473' title='bbox 2441 4508 2746 4551; x_wconf 89' lang='lat' dir='ltr'><strong>evacuare</strong></span> <span class='ocrx_word' id='word_1_474' title='bbox 2776 4489 3096 4571; x_wconf 83' lang='lat' dir='ltr'><strong>praecipue</strong></span> <span class='ocrx_word' id='word_1_475' title='bbox 3125 4490 3536 4567; x_wconf 89' lang='lat' dir='ltr'><strong>nititur,dum</strong></span> 
     </span>
     <span class='ocr_line' id='line_1_80' title="bbox 2044 4586 3539 4654; baseline -0.001 -1"><span class='ocrx_word' id='word_1_476' title='bbox 2044 4590 2220 4654; x_wconf 87' lang='lat' dir='ltr'><strong>videt</strong></span> <span class='ocrx_word' id='word_1_477' title='bbox 2250 4606 2363 4651; x_wconf 91' lang='lat' dir='ltr'><strong>nos</strong></span> <span class='ocrx_word' id='word_1_478' title='bbox 2394 4588 2472 4649; x_wconf 89' lang='lat' dir='ltr'><strong>ad</strong></span> <span class='ocrx_word' id='word_1_479' title='bbox 2505 4588 2705 4649; x_wconf 91' lang='lat' dir='ltr'><strong>Deum</strong></span> <span class='ocrx_word' id='word_1_480' title='bbox 2737 4586 3088 4649; x_wconf 91' lang='lat' dir='ltr'><strong>ferventius</strong></span> <span class='ocrx_word' id='word_1_481' title='bbox 3116 4590 3374 4651; x_wconf 86' lang='lat' dir='ltr'><strong>tendere</strong></span> <span class='ocrx_word' id='word_1_482' title='bbox 3405 4607 3539 4651; x_wconf 89' lang='lat' dir='ltr'><strong>ora-</strong></span> 
     </span>
     <span class='ocr_line' id='line_1_81' title="bbox 2045 4685 3541 4769; baseline 0 -18"><span class='ocrx_word' id='word_1_483' title='bbox 2045 4688 2295 4751; x_wconf 86' lang='lat' dir='ltr'><strong>tionum</strong></span> <span class='ocrx_word' id='word_1_484' title='bbox 2333 4694 2691 4749; x_wconf 87' lang='lat' dir='ltr'><strong>nostrarum</strong></span> <span class='ocrx_word' id='word_1_485' title='bbox 2734 4685 2980 4749; x_wconf 86' lang='lat' dir='ltr'><strong>fervore</strong></span> <span class='ocrx_word' id='word_1_486' title='bbox 3012 4705 3087 4749; x_wconf 88' lang='lat' dir='ltr'><strong>ac</strong></span> <span class='ocrx_word' id='word_1_487' title='bbox 3124 4688 3420 4769; x_wconf 88' lang='lat' dir='ltr'><strong>puritate,</strong></span> <span class='ocrx_word' id='word_1_488' title='bbox 3454 4689 3541 4751; x_wconf 88' lang='lat' dir='ltr'><strong>ita</strong></span> 
     </span>
     <span class='ocr_line' id='line_1_82' title="bbox 2049 4785 3544 4868; baseline 0 -19"><span class='ocrx_word' id='word_1_489' title='bbox 2049 4794 2118 4849; x_wconf 91' lang='lat' dir='ltr'><strong>ut</strong></span> <span class='ocrx_word' id='word_1_490' title='bbox 2155 4803 2315 4868; x_wconf 90' lang='lat' dir='ltr'><strong>quos</strong></span> <span class='ocrx_word' id='word_1_491' title='bbox 2361 4803 2475 4867; x_wconf 91' lang='lat' dir='ltr'><strong>per</strong></span> <span class='ocrx_word' id='word_1_492' title='bbox 2516 4791 2719 4846; x_wconf 84' lang='lat' dir='ltr'><strong>totum</strong></span> <span class='ocrx_word' id='word_1_493' title='bbox 2763 4785 2966 4847; x_wconf 90' lang='lat' dir='ltr'><strong>noctis</strong></span> <span class='ocrx_word' id='word_1_494' title='bbox 3010 4786 3284 4867; x_wconf 90' lang='lat' dir='ltr'><strong>spatium</strong></span> <span class='ocrx_word' id='word_1_495' title='bbox 3330 4806 3544 4849; x_wconf 89' lang='lat' dir='ltr'><strong>macu-</strong></span> 
     </span>
     <span class='ocr_line' id='line_1_83' title="bbox 2050 4882 3547 4964; baseline 0.001 -17"><span class='ocrx_word' id='word_1_496' title='bbox 2050 4886 2178 4947; x_wconf 90' lang='lat' dir='ltr'><strong>lare</strong></span> <span class='ocrx_word' id='word_1_497' title='bbox 2227 4901 2353 4945; x_wconf 93' lang='lat' dir='ltr'><strong>non</strong></span> <span class='ocrx_word' id='word_1_498' title='bbox 2414 4883 2641 4964; x_wconf 89' lang='lat' dir='ltr'><strong>potuit,</strong></span> <span class='ocrx_word' id='word_1_499' title='bbox 2696 4882 2761 4945; x_wconf 89' lang='lat' dir='ltr'><strong>in</strong></span> <span class='ocrx_word' id='word_1_500' title='bbox 2810 4883 2921 4945; x_wconf 90' lang='lat' dir='ltr'><strong>illa</strong></span> <span class='ocrx_word' id='word_1_501' title='bbox 2967 4883 3344 4948; x_wconf 87' lang='lat' dir='ltr'><strong>brevissima</strong></span> <span class='ocrx_word' id='word_1_502' title='bbox 3392 4887 3547 4948; x_wconf 87' lang='lat' dir='ltr'><strong>hora</strong></span> 
     </span>
     <span class='ocr_line' id='line_1_84' title="bbox 2052 4981 3546 5066; baseline 0.001 -21"><span class='ocrx_word' id='word_1_503' title='bbox 2052 5003 2165 5066; x_wconf 87' lang='lat' dir='ltr'><strong>per</strong></span> <span class='ocrx_word' id='word_1_504' title='bbox 2214 4982 2494 5063; x_wconf 89' lang='lat' dir='ltr'><strong>aliquam</strong></span> <span class='ocrx_word' id='word_1_505' title='bbox 2554 4981 2916 5044; x_wconf 90' lang='lat' dir='ltr'><strong>illusionem</strong></span> <span class='ocrx_word' id='word_1_506' title='bbox 2976 4984 3387 5047; x_wconf 89' lang='lat' dir='ltr'><strong>dehonestare</strong></span> <span class='ocrx_word' id='word_1_507' title='bbox 3444 5003 3546 5047; x_wconf 91' lang='lat' dir='ltr'><strong>co-</strong></span> 
     </span>
     <span class='ocr_line' id='line_1_85' title="bbox 2051 5080 3546 5163; baseline 0.001 -20"><span class='ocrx_word' id='word_1_508' title='bbox 2051 5090 2257 5156; x_wconf 83' lang='lat' dir='ltr'><strong>netur.</strong></span> <span class='ocrx_word' id='word_1_509' title='bbox 2295 5080 2584 5144; x_wconf 89' lang='lat' dir='ltr'><strong>Secunda</strong></span> <span class='ocrx_word' id='word_1_510' title='bbox 2626 5098 2816 5142; x_wconf 89' lang='lat' dir='ltr'><strong>causa</strong></span> <span class='ocrx_word' id='word_1_511' title='bbox 2859 5087 2975 5154; x_wconf 89' lang='lat' dir='ltr'><strong>est,</strong></span> <span class='ocrx_word' id='word_1_512' title='bbox 3019 5082 3168 5163; x_wconf 91' lang='lat' dir='ltr'><strong>quia</strong></span> <span class='ocrx_word' id='word_1_513' title='bbox 3210 5083 3327 5144; x_wconf 92' lang='lat' dir='ltr'><strong>etsi</strong></span> <span class='ocrx_word' id='word_1_514' title='bbox 3372 5083 3546 5145; x_wconf 91' lang='lat' dir='ltr'><strong>nulla</strong></span> 
     </span>
     <span class='ocr_line' id='line_1_86' title="bbox 2054 5178 3542 5259; baseline 0.001 -19"><span class='ocrx_word' id='word_1_515' title='bbox 2054 5180 2197 5242; x_wconf 89' lang='lat' dir='ltr'><strong>talis</strong></span> <span class='ocrx_word' id='word_1_516' title='bbox 2256 5178 2589 5241; x_wconf 86' lang='lat' dir='ltr'><strong>inhonesta</strong></span> <span class='ocrx_word' id='word_1_517' title='bbox 2647 5178 2967 5259; x_wconf 92' lang='lat' dir='ltr'><strong>contingat</strong></span> <span class='ocrx_word' id='word_1_518' title='bbox 3015 5178 3249 5241; x_wconf 90' lang='lat' dir='ltr'><strong>diaboli</strong></span> <span class='ocrx_word' id='word_1_519' title='bbox 3310 5179 3542 5255; x_wconf 91' lang='lat' dir='ltr'><strong>illusi0,</strong></span> 
     </span>
     <span class='ocr_line' id='line_1_87' title="bbox 2056 5276 3543 5358; baseline 0.001 -20"><span class='ocrx_word' id='word_1_520' title='bbox 2056 5276 2487 5340; x_wconf 88' lang='lat' dir='ltr'><strong>interveniens</strong></span> <span class='ocrx_word' id='word_1_521' title='bbox 2537 5283 2750 5338; x_wconf 87' lang='lat' dir='ltr'><strong>tamen</strong></span> <span class='ocrx_word' id='word_1_522' title='bbox 2798 5277 2987 5339; x_wconf 91' lang='lat' dir='ltr'><strong>etiam</strong></span> <span class='ocrx_word' id='word_1_523' title='bbox 3038 5296 3236 5358; x_wconf 89' lang='lat' dir='ltr'><strong>purus</strong></span> <span class='ocrx_word' id='word_1_524' title='bbox 3284 5295 3543 5341; x_wconf 92' lang='lat' dir='ltr'><strong>somnus</strong></span> 
     </span>
    </p>
   </div>
  </div>
 </body>
</html>
