4359 6267
827 476 945 541 176

1538 496 1953 545 COLLATIONUM
1995 496 2080 543 SS.
2114 497 2359 544 rutum
2397 495 2574 545 LIBER
2615 496 2654 543 1.
2699 514 2781 525 -
2822 495 3106 546 coLLA'rlo
3147 497 3208 545 lv

1831 880 1903 992 C
1937 879 2023 992 Ο
2055 879 2136 989 L
2160 878 2242 988 L
2269 877 2438 987 AT
2470 878 2515 985 Ι
2549 875 2635 988 Ο
2749 876 2794 983 Ι
2826 876 2915 984 V

1951 1110 2336 1207 (Abbatis
2374 1108 2791 1204 Danielis)

1434 1352 1537 1405 DE
1612 1346 2302 1403 CONCUPISCENTIA
2375 1344 2669 1397 CARNIS
2741 1345 2841 1397 ET
2913 1343 3313 1398 SPIRITUS.

1031 1675 1612 1777 CAPITULUM
1682 1671 2097 1737 PRIMUM.

1149 1836 1235 1891 De
1262 1834 1397 1890 vita
1425 1832 1669 1889 abbatis
1695 1831 1995 1888 Danielis,

904 2040 1128 2104 NTER
1171 2048 1412 2103 ceteros
1456 2039 1816 2102 christianas
1858 2036 2186 2117 sapientiae
2227 2034 2320 2097 vi-

930 2158 1054 2215 roS,
1088 2140 1368 2202 vidimus
1409 2137 1705 2201 abbatem
1751 2135 2075 2199 Danielem
2117 2153 2322 2216 aequa-

827 2237 956 2301 lem
986 2237 1331 2302 virtutibus
1361 2237 1459 2299 bis
1492 2237 1602 2317 qui
1636 2235 2045 2298 morabantur
2076 2233 2141 2295 in
2173 2233 2320 2314 Scy-

827 2338 944 2412 tbi,
978 2336 1320 2419 specialius
1351 2345 1562 2398 tamen
1603 2342 1895 2397 ornatum
1937 2332 2315 2395 humilitate.

829 2436 947 2509 Qui
973 2435 1199 2497 merito
1228 2454 1357 2498 suae
1387 2433 1681 2516 puritatis
1711 2452 1785 2494 ac
1815 2430 2321 2494 mansuetudinis

829 2541 1158 2617 promotus
1201 2541 1294 2596 est
1334 2534 1413 2596 ad
1458 2533 1864 2595 diaconatum
1906 2551 1942 2593 a
1988 2530 2171 2592 beato
2213 2530 2320 2591 Pa-

827 2634 1099 2716 phnutio
1154 2633 1445 2714 ejusdem
1503 2631 1864 2695 solitudinis
1926 2628 2317 2712 presbytero,

826 2752 1027 2815 quum
1054 2732 1273 2813 junior
1301 2738 1466 2793 esset
1497 2729 1734 2792 multis.
1769 2731 1839 2791 ln
1871 2736 2117 2791 tantum
2150 2746 2323 2789 nam-

2348 1645 2401 1708 A
2559 1646 2852 1709 EATUM
2894 1648 3107 1730 itaque
3147 1649 3472 1712 Danielem
3514 1652 3948 1733 interrogavi-

2587 1764 2752 1820 muS‚
2792 1765 2907 1807 cur
2944 1748 3236 1809 sedentes
3280 1749 3349 1809 in
3392 1749 3642 1812 cellulis
3685 1752 3942 1814 nostris

2429 1844 2823 1925 repleremur
2853 1844 3175 1908 interdum
3206 1853 3380 1908 tanta
3414 1846 3754 1922 alacritate,
3793 1850 3946 1913 imo

2430 1940 2745 2003 ineffabili
2775 1942 3006 2023 gaudio
3036 1944 3334 2025 quodam,
3368 1951 3666 2027 tantaque
3694 1947 3951 2010 exube-

2429 2038 2632 2101 rantia
2659 2040 3090 2121 spiritualium
3121 2024 3810 2125 sacratissimorumque
3845 2047 3950 2107 in-

2432 2136 2822 2212 tellectuum,
2877 2145 2948 2199 ut
2994 2156 3120 2201 non
3171 2141 3378 2203 solum
3428 2160 3556 2204 non
3607 2144 3942 2224 possimus

2431 2235 2644 2298 verbis
2692 2238 3072 2318 exprimere,
3128 2238 3257 2301 imo
3306 2258 3424 2300 nec
3475 2259 3665 2303 sensu
3714 2243 3942 2305 conci-

2430 2352 2622 2415 pere;
2670 2354 2828 2417 pura
2872 2354 3125 2417 quoque
3171 2356 3245 2399 ac
3296 2347 3588 2420 prompta
3639 2338 3944 2403 effunde-

2429 2439 2605 2494 retur
2643 2434 2863 2508 oratio,
2904 2441 2968 2495 et
3006 2454 3185 2496 mens
3224 2436 3666 2517 spiritualibus
3706 2438 3940 2501 fructi-

2431 2531 2550 2594 bus
2585 2531 2791 2613 plena‚
2827 2533 2894 2595 in
2925 2552 3149 2597 somno
3186 2535 3377 2598 etiam
3419 2554 3626 2611 oranS,
3660 2540 3939 2602 sentiret

2432 2648 2651 2711 preces
2683 2650 2827 2693 suas
2858 2632 3156 2695 efficaces
3186 2641 3249 2696 et
3279 2634 3450 2697 leves
3480 2637 3812 2717 pervenire
3845 2640 3934 2700 ad

2431 2728 2673 2808 Deum3
2714 2730 2942 2791 deinde
2987 2731 3124 2792 sine
3168 2750 3356 2795 causa
3400 2733 3790 2815 repleremur
3835 2754 3940 2798 re-

827 2850 951 2913 que
982 2830 1177 2893 abbas
1203 2829 1593 2911 Paphnutius
1624 2827 2177 2908 congratulabatur
2201 2827 2323 2889 vir·
2355 2828 2402 2889 B
2431 2834 2620 2909 pente
2676 2828 2989 2908 angustia,
3051 2837 3115 2890 et
3174 2830 3592 2894 irrationabili
3650 2834 3936 2914 quadam

826 2928 1075 2991 tutibus
1142 2927 1452 3000 Danielis,
1518 2935 1587 2988 ut
1652 2945 1845 3008 quem
1910 2925 2034 2987 sibi
2102 2944 2322 3007 parem

828 3034 1092 3090 noverat
1131 3027 1333 3108 gratia
1371 3046 1445 3089 ac
1492 3026 1737 3088 meritis
1780 3026 1947 3098 vitae,
1997 3024 2325 3087 festinaret

828 3126 953 3189 sibi
984 3143 1235 3208 aequare
1265 3125 1598 3188 sacerdotii
1630 3124 1953 3206 dignitate.
1990 3125 2163 3187 Unde
2197 3142 2323 3186 non

830 3225 1042 3287 ferens
1092 3224 1418 3287 Danielem
1468 3224 1709 3287 diutius
1762 3224 2061 3305 occupari
2113 3225 2175 3285 in
2227 3242 2324 3287 or-

832 3323 981 3386 dine
1025 3322 1365 3384 ministerii
1411 3322 1754 3397 inferioriS,
1786 3330 1849 3384 et
1891 3322 2157 3403 cupiens
2201 3323 2324 3385 sibi

833 3438 1265 3484 successorem
1306 3420 1752 3502 dignissimum
1792 3421 2147 3503 providere,
2182 3440 2324 3503 pro-

831 3520 1005 3583 vexit
1043 3538 1191 3582 eum
1221 3520 1300 3581 ad
1331 3519 1804 3601 presbyteratus
1844 3521 2167 3583 honorem.
2205 3521 2325 3583 Sed

830 3619 1026 3682 abbas
1073 3618 1292 3680 Daniel
1339 3618 1674 3700 pristinam
1724 3619 2147 3681 humilitatem
2198 3636 2323 3682 non

830 3718 1143 3789 deserens,
1169 3736 1498 3799 nunquam
1529 3718 1813 3780 exercuit
1842 3726 2053 3779 actum
2085 3719 2327 3781 ordinis

831 3816 1225 3878 sublimioris
1268 3834 1379 3877 seu
1424 3816 1829 3877 sacerdotalis
1873 3823 2180 3898 praesente
2218 3818 2325 3879 Pa-

832 3915 1135 3997 phnuti03
1169 3915 1292 3977 imo
1322 3913 1549 3976 abbate
1579 3914 1935 3996 Paphnutio
1963 3915 2325 3994 spirituales

2432 2944 2871 3007 premeremur
2915 2928 3190 3001 tristitia,
3238 2936 3308 2989 ut
3355 2947 3482 2992 non
3531 2931 3736 2993 solum
3783 2950 3940 2995 sen-

2433 3024 2699 3086 tiremus
2740 3043 2854 3087 nos
2892 3044 2929 3087 a
2969 3027 3288 3107 spirituali
3328 3028 3656 3091 intellectu
3691 3048 3944 3093 aresce-

2432 3142 2521 3197 re,
2567 3142 2792 3185 verum
2830 3124 3022 3185 etiam
3069 3125 3228 3187 cella
3277 3127 3689 3202 horresceret,
3735 3137 3940 3211 atque

2432 3222 2633 3284 oratio
2661 3230 2876 3283 nostra
2913 3231 3078 3285 esset
3111 3224 3448 3300 instabilis,
3483 3244 3640 3308 vaga
3675 3236 3737 3289 et
3775 3248 3942 3310 quo-

2434 3320 2772 3382 dammodo
2811 3320 2990 3383 ebria
3023 3341 3036 3385 :
3073 3322 3158 3384 ita
3189 3331 3259 3385 ut
3298 3324 3590 3404 quamvis
3632 3326 3940 3408 ingemis—

2434 3438 2722 3481 ceremus
2752 3428 2816 3482 et
2839 3438 3217 3483 conaremur
3244 3423 3322 3484 ad
3352 3424 3686 3504 pristinam
3717 3426 3938 3507 dispo-

2434 3517 2728 3579 sitionem
2758 3525 2821 3580 et
2848 3517 3239 3581 alacritatem
3267 3521 3523 3595 reverti,
3555 3538 3682 3584 non
3711 3530 3934 3586 tamen

2436 3633 2788 3697 possemuS,
2831 3617 2941 3678 sed
2984 3626 3223 3698 quanto
3268 3618 3575 3682 intentius
3615 3640 3796 3683 mens
3837 3640 3939 3684 re-

2433 3722 2766 3777 vocaretur
2793 3716 2872 3777 ad
2902 3716 3013 3777 Dei
3046 3716 3372 3791 intuitum,
3394 3724 3566 3782 tanto
3595 3720 3942 3783 vehemen-

2435 3813 2560 3875 tius
2592 3821 2919 3895 raperetur
2949 3814 3028 3876 ad
3061 3816 3463 3896 evagationes
3502 3825 3566 3879 et
3604 3818 3939 3881 discursus

2435 3920 2730 3974 nutantes
2782 3930 2855 3974 ac
2906 3911 3207 3985 lubricOS,
3260 3915 3566 3997 omnique
3614 3917 3939 3997 spirituali

832 4014 1071 4076 hostias
1110 4012 1443 4087 offerente,
1477 4013 1595 4075 iste
1633 4013 1919 4076 exercuit
1957 4014 2326 4076 diaconatus
2362 4016 2405 4079 C
2434 4010 2649 4071 fructu
2691 4010 3059 4072 redderetur
3089 4011 3411 4087 destituta,
3446 4014 3534 4076 ita
3563 4022 3632 4075 ut
3671 4032 3791 4076 nec
3829 4015 3941 4077 de-

830 4111 1145 4175 officium.
1199 4112 1649 4173 Verumtamen
1708 4130 1852 4193 spes
1903 4112 2326 4175 successionis
2435 4108 2669 4170 siderio
2711 4107 2948 4189 gloriae,
2991 4126 3108 4170 nec
3155 4119 3326 4171 metu
3371 4111 3676 4191 gebennae
3719 4122 3942 4192 posset

830 4218 1021 4293 atque
1088 4209 1315 4272 electio
1375 4210 1441 4271 in
1500 4210 1618 4273 bac
1685 4217 1863 4292 parte
1929 4209 2327 4272 defraudavit
2435 4206 2698 4267 excitari
2736 4205 2816 4267 ab
2857 4206 2978 4268 hoc
3019 4224 3244 4270 somno
3277 4207 3468 4270 letali.
3503 4209 3597 4271 Ad
3631 4210 3752 4272 hoc
3793 4210 3937 4291 ipse

830 4315 1123 4371 sanctum
1162 4308 1611 4389 Paphnutium,
1654 4327 1854 4391 quum
1911 4316 2124 4371 tamen
2181 4309 2326 4371 talis
2433 4304 2777 4386 respondit.

830 4414 999 4471 esset
1045 4425 1119 4469 ac
1168 4412 1381 4467 tantus
1432 4414 1501 4469 ut
1550 4408 1615 4469 in
1667 4408 1885 4470 multis
1933 4408 2134 4489 gratia
2182 4426 2324 4489 pro-

831 4505 1063 4587 phetiae
1092 4504 1381 4585 fulgeret.
1406 4504 1562 4565 Nam
1592 4505 1783 4586 paulo
1812 4514 1975 4586 post,
2000 4506 2325 4568 Danielem

833 4603 1008 4666 hunc
1056 4602 1364 4685 praemisit
1412 4602 1492 4663 ad
1540 4602 1905 4678 Dominum,
1956 4622 2149 4686 quem
2200 4604 2322 4667 sibi

834 4700 1111 4763 instituit
1154 4717 1607 4763 successorem.

2833 4550 3339 4615 CAPITULUM
3401 4551 3523 4614 ΙΙΙ.

2653 4698 2986 4771 Responsio
3015 4712 3195 4769 super
3220 4698 3334 4753 Ιιαο
3362 4698 3710 4770 quaestione.

2564 4892 2892 4957 RIPLEX
2941 4911 3131 4955 causa
3178 4891 3373 4972 hujus
3429 4891 3802 4968 sterilitatis,
3851 4893 3937 4956 de

1254 4962 1758 5027 CAPITULUM
1823 4963 1910 5026 ῙῙ·
2591 5011 2717 5074 qua
2759 4990 3066 5072 quaeritiS,
3111 4990 3428 5071 assignata
3476 4996 3571 5051 est
3607 5009 3645 5052 a
3679 4989 3939 5071 majori-

832 5112 1191 5186 Inquisitio,
1210 5110 1369 5166 unde
1395 5110 1639 5165 oriatur
1666 5111 1991 5184 repentina
2016 5115 2326 5171 commotio
2436 5090 2554 5152 bus
2591 5090 2824 5152 nostris
2861 5108 2874 5151 ἶ
2909 5088 3118 5169 Primo
3149 5088 3324 5149 enim
3365 5088 3674 5169 contingit
3709 5106 3786 5149 3¹
3825 5106 3940 5151 1¹0·

900 5201 1190 5259 mentium
1225 5200 1301 5255 ab
1346 5198 1656 5271 ineffabili
1688 5202 1918 5270 qaudio
1955 5202 2040 5259 ad
2074 5206 2327 5260 moestis-
2355 5192 2405 5253 D
2433 5188 2734 5269 gligentia
2762 5194 3007 5264 nostra3
3039 5185 3336 5258 secundo,
3355 5204 3432 5247 ex
3464 5185 3936 5266 impugnatione

902 5292 1119 5349 simam
1143 5290 1347 5347 cordis
1373 5288 1782 5360 dejectionem.
2435 5285 2670 5349 diaboli
2697 5304 2713 5367 3
2745 5284 2953 5359 tertio,
2987 5303 3066 5347 ex
3106 5283 3574 5367 dispensatione
3610 5282 3930 5366 probatio-
