4359 6267
115 4160 252 4206 natet.
266 4179 318 4216 vr,

995 529 1412 578 COLLATIONUE
1452 532 1538 577 SS.
1573 532 1816 578 PATRUM
1855 533 2030 579 LIBER
2071 534 2133 578 11.
2179 551 2260 560 —-
2301 532 2587 580 COLLATlo
2628 535 2779 579 xvul

3318 513 3437 578 347

341 695 420 758 ab
461 697 676 778 aliquo
715 706 1019 780 usurpata
1060 700 1348 774 ulterius,
1382 701 1688 783 quamdiu
1730 701 1836 764 illa
1865 702 1914 764 Α
1949 703 2222 764 habeant
2250 703 2607 767 libertatem
2642 703 2977 766 exercendi
3011 703 3299 785 proprias
3328 721 3435 766 vo-

341 795 622 858 districta
661 797 719 860 S.
765 799 926 861 Petri
973 801 1288 862 sententia
1326 802 1558 863 mansit
1605 802 1669 863 in
1711 821 1838 863 me-

341 895 558 957 moriis
596 896 932 958 hominum
974 897 1125 971 fixa,
1170 918 1296 979 qua
1331 900 1644 980 gloriosus
1677 899 1834 981 Apo-

338 993 536 1054 stolus
584 1013 808 1076 passus
859 1014 987 1058 non
1035 1005 1132 1058 est
1179 997 1504 1078 principes
1554 998 1700 1060 novi
1755 998 1838 1060 fa—

337 1091 570 1155 cinoris
623 1094 830 1155 curari
893 1095 1268 1176 poenitentia
1325 1097 1834 1159 satisfactioneve

336 1190 568 1272 aliqua,
619 1192 727 1254 sed
781 1193 1397 1274 perniciosissimum
1448 1196 1690 1258 crimen
1743 1215 1837 1256 ce-

337 1289 449 1351 leri
503 1299 704 1354 morte
756 1292 1047 1354 succidit.
1101 1293 1289 1356 Porro
1341 1294 1672 1375 punitione
1727 1294 1835 1356 illa

338 1388 606 1450 terribili
648 1391 956 1472 paulatim
1001 1392 1325 1454 subtracta
1366 1412 1480 1474 per
1522 1393 1834 1455 incuriam

335 1495 394 1546 et
438 1487 688 1568 longam
733 1491 1036 1572 temporis
1078 1509 1319 1552 moram
1350 1511 1387 1552 a
1416 1492 1833 1572 quorumdam

339 1588 664 1662 memoria,
706 1589 921 1670 erupit
959 1597 1022 1651 et·
1062 1590 1256 1672 coepit
1297 1592 1691 1652 teterrimum
1735 1610 1836 1672 ge-

337 1702 456 1745 nus
511 1684 1002 1756 Sarabaitarum‚
1058 1689 1168 1769 qui
1225 1689 1609 1770 proprietate
1657 1691 1836 1771 AEgy-

337 1781 484 1861 ptiae
534 1782 768 1864 linguae
815 1786 1021 1847 vocati
1073 1794 1222 1847 sunt
1271 1786 1630 1860 Sarabaitae,
1683 1788 1834 1868 quia

1947 800 2241 872 luntateS,
2274 819 2346 862 ac
2387 802 2770 882 procedendi
2811 820 2883 863 ac
2925 801 3228 882 evagandi
3262 801 3338 862 ad
3372 801 3440 862 li-

1946 897 2190 976 bitum3
2225 900 2423 980 magis
2464 919 2717 981 quoque
2757 899 3039 962 laborant
3082 900 3184 961 die
3222 917 3295 962 ac
3337 918 3441 962 no-

1945 1005 2042 1058 cte
2082 1017 2273 1078 quam
2320 997 2674 1072 coenobitae,
2717 999 2826 1061 sed
2867 1017 2993 1061 non
3033 1017 3107 1060 ea
3144 998 3275 1060 fide
3316 1018 3441 1080 qua

1947 1095 2062 1168 illi,
2099 1115 2307 1177 neque
2347 1097 2569 1158 eodem
2612 1097 2952 1178 proposito.
2988 1097 3093 1158 Isti
3131 1097 3303 1158 enim
3344 1114 3439 1157 se-

1944 1194 2250 1276 questrati
2292 1194 2380 1256 ita
2418 1194 2725 1266 laborant,
2770 1211 2895 1255 non
2937 1202 3007 1255 ut
3047 1194 3325 1256 fructum
3364 1211 3437 1254 ac

1945 1294 2221 1376 pretium
2250 1311 2515 1374 operum
2542 1311 2796 1356 suorum
2822 1292 3163 1372 subjiciant
3192 1293 3442 1374 dispen-

1944 1393 2168 1454 satoris
2199 1392 2485 1467 arbitri0,
2520 1393 2629 1454 sed
2664 1399 2731 1453 ut
2768 1391 3101 1474 acquirant
3134 1392 3435 1472 pecunias

1943 1511 2100 1572 quas
2145 1492 2508 1554 recondant.

2023 1591 2192 1651 Inter
2235 1608 2394 1671 quos
2444 1597 2755 1671 quantum
2806 1589 3056 1652 intersit
3090 1589 3431 1652 advertite.

1945 1688 2289 1752 Coenobitae
2328 1707 2603 1770 namque
2644 1688 2804 1750 nihil
2844 1689 2921 1751 de
2963 1688 3238 1750 crastino
3276 1689 3439 1768 cogi-

1945 1794 2170 1860 tanteS,
2229 1786 2511 1849 offerunt
2563 1788 2691 1848 Deo
2746 1787 3139 1868 gratissimos
3193 1786 3435 1851 fructus

337 1889 814 1960 sequestrarunt
848 1901 915 1944 se
953 1883 1122 1965 ipsos
1162 1903 1198 1946 a
1238 1885 1831 1966 congregationibus
1868 1886 1916 1947 B
1947 1884 2043 1946 sui
2089 1884 2379 1964 sudoris;
2421 1885 2525 1946 isti
2569 1903 2719 1946 vero
2762 1885 3091 1946 infidelem
3135 1884 3439 1947 sollicitu-

337 1979 798 2052 coenobiorum‚
831 1989 895 2042 et
933 1982 1258 2062 sigillatim
1297 2001 1516 2044 curam
1557 1984 1655 2045 sui
1695 2001 1834 2062 ege-

338 2085 484 2138 runt
517 2095 532 2138 :
569 2079 980 2160 procedentes
1018 2098 1098 2142 ex
1133 2099 1400 2143 numero
1432 2081 1688 2143 illorum
1719 2081 1828 2162 qui

339 2175 700 2238 maluerunt
747 2178 1178 2257 evangelicam
1240 2179 1698 2261 perfectionem
1757 2179 1832 2240 fi-

339 2283 432 2335 cte
473 2276 806 2337 ostendere
847 2296 1039 2358 quam
1080 2296 1226 2339 vere
1266 2279 1573 2359 arripere,
1613 2296 1835 2360 provo-

337 2373 456 2434 cati
501 2375 903 2437 aemulatione
949 2375 1372 2458 laudibusque
1424 2376 1678 2438 illorum
1723 2377 1831 2458 qui

339 2480 774 2553 paupertatem
819 2473 1048 2536 Christi
1092 2474 1439 2556 perfectam
1488 2474 1835 2556 praeferunt

339 2571 652 2632 universis
685 2572 906 2634 mundi
941 2572 1200 2634 divitiis.
1235 2573 1308 2634 Hi
1348 2591 1497 2654 ergo
1535 2573 1690 2635 dum
1732 2592 1836 2634 cu-

338 2669 523 2749 piunt
571 2688 706 2730 rem
766 2670 1020 2732 virtutis
1079 2671 1292 2733 animo
1349 2671 1681 2744 imbecilli,
1733 2671 1834 2732 vel

339 2769 713 2831 necessitate
752 2769 1090 2850 compulsi,
1123 2769 1200 2831 ad
1242 2770 1705 2851 professionem
1757 2770 1836 2831 is-

339 2873 466 2927 tam
495 2874 810 2928 venerunt
835 2883 848 2927 :
873 2867 985 2949 qui
1016 2867 1170 2929 dum
1199 2867 1505 2930 festinant
1538 2869 1832 2931 monachi

339 2966 618 3045 reputari
663 2984 736 3027 ac
776 2966 901 3027 dici
941 2965 1181 3047 absque
1227 2985 1492 3048 operum
1541 2967 1836 3029 imitatio-

1944 1984 2160 2045 dinem
2205 1983 2637 2056 extendentes,
2686 2000 2813 2045 non
2857 1984 3065 2045 solum
3113 1983 3179 2044 in
3223 1983 3438 2045 crasti-

1945 2101 2118 2156 num,
2136 2082 2265 2145 imo
2293 2083 2484 2144 etiam
2510 2083 2573 2144 in
2603 2082 2909 2164 plurimos
2933 2081 3438 2155 annOS‚credunt

1946 2180 2144 2242 Deum
2196 2189 2303 2242 aut
2354 2181 2611 2263 inopem
2659 2187 2768 2242 aut
2817 2181 3210 2252 mendacem,
3254 2179 3435 2260 quasi

1945 2297 2070 2341 non
2117 2281 2317 2361 possit
2344 2289 2453 2341 aut
2483 2297 2609 2342 non
2642 2281 2792 2341 velit
2836 2279 2927 2341 eis
2971 2279 3256 2360 praebere
3299 2296 3439 2359 pro-

1949 2379 2208 2441 missam
2242 2379 2698 2440 sufficientiam
2731 2378 3084 2459 quotidiani
3116 2377 3321 2439 victus
3352 2384 3439 2438 at-

1947 2497 2070 2559 que
2102 2478 2388 2539 vestituS.
2426 2477 2768 2540 Coenobitae
2797 2477 2917 2538 hoc
2947 2483 3239 2557 quaerunt
3282 2475 3440 2537 affe-

1947 2583 2075 2649 ctu,
2101 2583 2170 2636 ut
2202 2583 2639 2658 paupertatem
2668 2583 2727 2635 et
2762 2574 3111 2636 nuditatem
3145 2574 3432 2636 omnium

1948 2693 2160 2737 rerum
2194 2674 2587 2756 possideant3
2609 2673 2715 2735 isti
2748 2681 2817 2735 ut
2848 2680 3317 2754 consequantur
3345 2671 3436 2734 af-

1947 2773 2283 2835 fluentiam
2311 2773 2601 2835 omnium
2631 2773 2978 2853 copiarum.
3016 2771 3111 2832 llli
3145 2772 3434 2833 certatim

1947 2871 2236 2934 laborant
2283 2871 2611 2953 praefixam
2663 2889 3027 2932 mensuram
3075 2870 3141 2931 in
3190 2869 3437 2932 diurnis

1946 2971 2249 3052 operibus
2296 2970 2619 3046 exhibere,
2674 2976 2742 3030 ut
2789 2969 3100 3051 quidquid
3150 2968 3440 3050 superfu-

335 3080 436 3136 ne,
489 3080 617 3125 non
666 3064 1122 3144 aggrediuntur
1168 3065 1574 3146 disciplinam
1628 3083 1836 3129 coeno-
1871 3070 1914 3134 C
1947 3069 2066 3130 erit
2102 3069 2337 3130 sanctis
2374 3068 2594 3130 usibus
2630 3066 2995 3130 monasterii
3036 3067 3440 3149 dispensetur

339 3159 614 3235 biorum,
648 3181 767 3224 nec
797 3161 1122 3224 seniorum
1152 3162 1516 3225 subduntur
1545 3163 1832 3237 arbitri0‚

337 3277 456 3321 nec
493 3278 717 3323 eorum
762 3260 1210 3323 traditionibus
1251 3261 1549 3336 instituti,
1583 3262 1837 3324 discunt

338 3357 628 3440 frangere
674 3359 963 3441 proprias
1008 3358 1388 3433 voluntates,
1434 3379 1638 3440 neque
1685 3361 1836 3441 legi-

339 3457 489 3520 tima
525 3458 886 3520 eruditione
925 3457 1286 3539 suscipiunt
1325 3458 1606 3539 regulam
1640 3459 1833 3520 ullam

335 3575 502 3620 sanae
531 3556 978 3636 discretionis;
1013 3557 1121 3619 sed
1155 3557 1362 3620 solum
1401 3556 1835 3619 renuntiantes

334 3655 411 3716 ad
443 3655 642 3718 facies
678 3654 1038 3728 hominum,
1079 3656 1357 3717 resident
1395 3655 1458 3717 in
1491 3655 1836 3718 domiciliis

335 3752 488 3828 suiS,
523 3753 646 3815 sub
687 3753 1025 3835 privilegio
1066 3753 1429 3816 monasticae
1471 3754 1840 3835 appellatio-

337 3853 436 3914 nis
478 3851 770 3916 obstricti
815 3850 1343 3934 occupationibus
1387 3850 1697 3933 pristinis,
1730 3859 1839 3913 aut

340 3959 779 4014 construentes
811 3950 931 4013 sibi
966 3949 1227 4011 cellulas
1267 3968 1424 4030 quas
1459 3951 1838 4012 monasteria

341 4058 592 4122 vocant,
623 4050 1035 4112 demorantur
1067 4049 1131 4109 in
1163 4049 1254 4110 eis
1297 4049 1555 4130 proprio
1589 4049 1734 4129 jure
1764 4068 1837 4111 ac

345 4149 657 4222 libertate,
708 4165 1111 4230 nequaquam
1160 4146 1528 4209 obedientes
1577 4166 1840 4227 evange-

1943 3167 2126 3247 juxta
2167 3166 2413 3229 abbatis
2456 3167 2817 3238 arbitrium,
2858 3175 2968 3227 aut
3005 3165 3434 3238 incarceratiS,

1945 3274 2055 3326 aut
2084 3265 2529 3346 hospitalibus,
2564 3271 2673 3327 aut
2703 3265 2928 3326 cet-eris
2961 3263 3393 3345 indigentibus
3421 3280 3437 3340 3

1949 3363 2052 3425 isti
2105 3371 2173 3424 ut
2224 3363 2538 3445 quidquid
2586 3362 2975 3445 superfuerit
3025 3363 3190 3444 gulae
3237 3362 3441 3444 quoti-

1947 3462 2170 3535 dianae,
2196 3462 2507 3524 deserviat
2539 3461 2847 3543 voluptati
2883 3461 3122 3543 majori,
3146 3469 3254 3524 aut
3284 3460 3441 3522 vitio

1945 3560 2229 3623 avaritiae
2259 3568 2619 3641 reponatur.
2655 3560 2997 3633 PostremO,
3033 3567 3101 3621 ut
3133 3559 3439 3623 conceda·
3474 3565 3477 3568 ’

1949 3677 2091 3720 mus
2131 3658 2301 3740 quod
2343 3657 2445 3718 isti
2486 3657 2731 3738 possint
2775 3656 3005 3719 melius
3049 3675 3241 3738 quam
3280 3655 3441 3718 dixi-

1949 3776 2091 3818 mus
2136 3755 2519 3818 distribuere
2570 3775 2645 3817 ea
2695 3774 2837 3837 quae
2889 3763 3271 3837 congregant
3313 3772 3439 3817 non

1947 3855 2192 3937 optimo
2222 3853 2455 3928 studio,
2480 3872 2606 3916 non
2636 3861 2848 3915 tamen
2879 3853 3206 3934 adspirant
3235 3872 3441 3934 neque

1949 3953 2317 4035 pertingunt
2357 3953 2449 4014 sic
2487 3953 2564 4015 ad
2607 3952 2905 4014 meritum
2936 3951 3191 4014 virtutis
3233 3969 3441 4014 coeno-

1948 4051 2227 4113 bitarum
2273 4069 2286 4112 ε
2330 4051 2633 4133 quoniam
2676 4050 2767 4112 illi
2809 4049 3193 4112 conferendo
3233 4067 3442 4112 coeno·

1949 4149 2072 4212 biis
2109 4150 2347 4212 reditus
2382 4156 2609 4223 tantOS,
2644 4156 2708 4210 et
2741 4147 3162 4211 renuntiando
3196 4148 3438 4210 eisdem

343 4248 484 4310 licis
519 4245 942 4328 jussionibus,
981 4254 1050 4307 ut
1084 4245 1330 4307 scilicet
1365 4264 1488 4308 non
1526 4264 1839 4326 occupen-
1868 4254 1916 4315 D
1947 4247 2255 4329 quotidie,
2298 4247 2363 4307 in
2408 4253 2577 4308 tanta
2620 4245 3015 4325 subjectione
3058 4245 3443 4308 humilitate-

343 4355 444 4408 tur
475 4346 604 4408 ulla
633 4344 1065 4408 sollicitudine
1096 4345 1303 4407 victus
1345 4345 1696 4427 quotidiani
1728 4351 1838 4405 aut

341 4447 511 4507 curis
549 4445 642 4506 rei
674 4443 1028 4506 familiaris,
1064 4444 1240 4517 Quod
1272 4444 1364 4506 illi
1397 4444 1724 4506 dumtaxat
1763 4443 1837 4505 fi-

339 4544 567 4606 deliter
609 4542 880 4625 implent
927 4542 1168 4624 absque
1217 4544 1393 4606 omni
1441 4543 1834 4605 dubitatione

340 4643 690 4716 incredula,
736 4641 848 4722 qui
889 4660 928 4702 a
970 4642 1217 4703 cunctis
1262 4641 1481 4704 mundi
1526 4641 1838 4703 'facultati-

338 4742 460 4804 bus
496 4739 797 4813 absoluti‚
838 4739 924 4802 ita
961 4757 1030 4801 se
1073 4738 1351 4801 subdunt
1397 4739 1834 4802 coenobiorum

339 4839 718 4923 praepositiS,
772 4845 843 4900 ut
890 4856 1016 4901 non
1066 4837 1383 4900 fateantur
1431 4857 1498 4900 se
1545 4838 1834 4901 dominos

340 4939 436 5002 sui
481 4940 786 5021 ipsorum.
829 4937 925 4999 Illi
970 4944 1185 4999 autem
1231 4936 1338 5018 qui
1387 4936 1588 4998 vitant
1631 4936 1836 4999 distri-

341 5039 616 5100 ctionem
659 5036 958 5110 coenobii,
996 5043 1472 5098 commorantur
1507 5036 1571 5097 in
1607 5035 1837 5097 cellula

341 5135 478 5198 bini
513 5143 623 5197 aut
659 5135 832 5208 trini,
867 5151 992 5196 non
1023 5133 1309 5196 volentes
1348 5133 1688 5214 gubernari
1730 5152 1837 5195 cu-

341 5255 410 5296 ra
451 5233 850 5316 imperioque
884 5232 1160 5306 abbatiS,
1203 5232 1313 5294 sed
1360 5233 1478 5296 hoc
1520 5233 1837 5315 praecipue

342 5338 780 5415 procuranteS,
806 5338 874 5392 ut
906 5330 1182 5394 absoluti
1217 5351 1256 5393 a
1289 5331 1444 5412 jugo
1483 5330 1833 5406 seniorum,

1948 4365 2072 4428 que
2112 4347 2358 4418 vivunt,
2392 4344 2560 4427 quod
2602 4345 2767 4406 sicut
2806 4345 3136 4425 privantur
3176 4351 3443 4427 potesta-

1948 4453 2008 4506 te
2040 4445 2138 4506 sui
2172 4444 2396 4526 ἱρείης,
2432 4443 2517 4504 ita
2556 4452 2619 4504 et
2656 4460 2877 4504 eorum
2907 4462 3049 4523 quae
3078 4460 3194 4505 suo
3226 4443 3438 4506 labore

1945 4543 2306 4624 acquirunt,
2342 4542 2715 4603 innovantes
2743 4540 2982 4622 jugiter
3011 4541 3234 4622 primae
3263 4541 3443 4604 abre—

1947 4641 2365 4704 nuntiationis
2409 4640 2747 4714 fervorem,
2793 4639 2948 4703 dum
2992 4641 3275 4722 quotidie
3330 4660 3443 4703 nu-

1947 4741 2098 4802 dant
2144 4759 2211 4803 se
2259 4740 2431 4822 ipsos
2481 4738 2799 4802 fructibus
2848 4739 2945 4802 sui
2998 4740 3286 4819 laboris3
3337 4739 3441 4803 isti

1945 4847 2158 4901 autem
2214 4857 2326 4921 per
2383 4839 2503 4901 hoc
2561 4838 2730 4920 quod
2786 4838 3031 4921 aliquid
3090 4838 3443 4920 largiuntur

1949 4935 2337 5018 pauperibus
2367 4937 2537 5012 elati,
2562 4936 2863 4999 labuntur
2889 4937 2953 4998 in
2983 4955 3266 5020 praeceps
3295 4954 3445 5018 quo-

1948 5035 2120 5097 tidie.
2177 5035 2462 5116 Denique
2510 5035 2815 5116 patientia
2866 5041 3055 5117 atque
3103 5034 3436 5111 districtio,

1947 5153 2074 5215 qua
2103 5133 2198 5195 illi
2229 5141 2359 5195 tam
2398 5133 2621 5194 devote
2662 5132 3009 5214 perdurant
3048 5133 3113 5194 in
3144 5133 3440 5215 professi-

1947 5251 2067 5296 one
2108 5251 2223 5294 sua
2261 5250 2453 5313 quam
2492 5230 2689 5292 semel
2726 5231 3154 5313 arripuerunt,
3186 5239 3255 5293 ut
3281 5252 3440 5294 nun-

1949 5350 2141 5414 quam
2171 5329 2460 5413 proprias
2490 5329 2727 5393 faciant
2751 5330 3131 5405 voluntateS,
3154 5329 3305 5394 facit
3332 5348 3441 5396 eos
