4359 6267
1288 512 1366 557 nr.
1410 512 1739 559 msnro'ris
1781 512 1866 557 ss.
1902 511 2163 557 runnu.
2212 530 2293 539 —
2332 511 2507 557 Lmen
2546 510 2585 555 v
3401 487 3481 551 63

375 679 473 741 ria
534 680 718 743 cibus
779 688 877 744 est
932 683 1180 756 animm,
1242 682 1354 763 qui
1416 679 2122 744 delectabiliterAnire
2174 679 2512 760 possimus.
2566 678 2859 741 Ceterum
2912 677 3183 740 inaniter
3240 675 3478 739 labora-

376 798 520 841 eam
549 779 630 842 ad
659 788 916 861 tempus
957 780 1331 861 permulcet,
1363 800 1436 842 ac
1468 780 1874 863 postmodum
1987 797 2150 851 muS‚
2186 778 2237 839 si
2270 776 2751 856 infatigabiliter
2780 776 3167 838 sustinemus
3198 774 3479 837 laborem

375 877 586 940 reddit
617 898 757 940 eam
794 879 971 940 omni
1001 878 1235 941 virtute
1268 878 1602 960 privatam,
1639 879 1872 940 nudam

374 995 451 1038 ac
481 995 773 1049 vacuam,
811 978 1059 1039 cunetis
1087 977 1528 1059 spiritualibus
1558 975 1875 1038 fructibus

374 1075 662 1137 sterilem
718 1085 781 1137 et
831 1076 1086 1137 inanem
1141 1075 1466 1137 dimittens
1523 1074 1813 1136 eamdem
1857 1091 1870 1133 :

375 1172 466 1233 ita
513 1180 584 1233 ut
637 1190 762 1234 non
814 1173 1018 1235 solum
1069 1172 1261 1234 faciat
1309 1172 1599 1254 deperire
1649 1172 1876 1233 merita

375 1272 804 1334 maximorum
854 1270 1166 1343 laborum,
1216 1276 1442 1332 verum
1491 1270 1685 1331 etiam
1737 1289 1874 1351 gra-

372 1368 552 1431 viora
609 1370 898 1450 acquirat
955 1368 1290 1450 supplicia.
1345 1368 1563 1431 Omnis
1621 1386 1875 1449 quoque

373 1467 899 1548 concupiscentia
940 1474 1003 1528 et
1041 1465 1328 1547 evagatio
1365 1466 1572 1528 cordis
1613 1466 1873 1527 instabi-

372 1565 476 1638 lis,
532 1572 630 1627 est
690 1565 979 1646 quaedam
1039 1564 1303 1627 refectio
1359 1565 1610 1637 animae,
1666 1564 1872 1627 noxiis

369 1663 538 1725 escis
597 1662 889 1725 nutriens
947 1680 1111 1735 eam,
1171 1670 1361 1743 atque
1421 1662 1488 1723 in
1547 1667 1870 1743 posterum

367 1760 824 1842 derelinquens
865 1779 1006 1822 eam
1037 1758 1313 1823 coelestis
1353 1760 1535 1841 panis
1571 1778 1646 1821 ac
1686 1760 1869 1821 solidi

368 1859 503 1921 cibi
547 1859 824 1921 inanem.

455 1957 550 2019 Ab
595 1957 696 2019 his
740 1957 954 2037 itaque
998 1955 1170 2018 vitiis
1221 1955 1647 2017 sacratissimo
1691 1956 1872 2038 spiri-

367 2052 531 2115 tuali
583 2053 834 2134 jejunio
891 2052 1281 2113 abstinent-es
1341 2060 1649 2132 quantum
1707 2053 1874 2113 vale-

369 2170 540 2225 mus,
582 2150 964 2213 habebimus
1011 2150 1480 2212 observantiam
1527 2150 1870 2231 corporalis

364 2250 603 2331 jejunii
644 2248 1036 2312 fructuosam
1077 2267 1150 2309 ac
1188 2248 1430 2310 utilem.
1465 2248 1668 2311 Labor
1698 2250 1870 2310 enim

366 2347 717 2430 corporalis
776 2348 1140 2409 contritioni
1198 2347 1408 2409 cordis
1467 2347 1868 2427 con-junctuS,

365 2445 632 2507 exhibet
675 2444 1068 2507 sacrificium
1113 2446 1242 2508 Deo
1282 2444 1737 2525 gratissimum,
1780 2444 1870 2505 di-

365 2561 686 2626 gnumque
715 2543 1068 2605 sanctitatis
1097 2542 1522 2605 habitaculum
1553 2562 1668 2625 per
1691 2560 1870 2624 puros

365 2662 444 2704 ae
497 2643 770 2705 mundos
828 2660 1114 2703 recessus
1161 2660 1199 2703 a
1244 2641 1432 2703 rebus
1489 2640 1866 2702 carnalibus

369 2739 692 2813 Ceterum,
745 2739 798 2801 si
854 2737 1267 2820 corporaliter
1321 2738 1706 2819 jejunanteS,
1759 2738 1873 2800 im-

369 2836 692 2919 plicemur
754 2835 1314 2918 perniciosissimis
1381 2837 1610 2899 animae
1671 2836 1869 2909 vitiis,

369 2934 722 3018 corporalis
780 2933 1051 2995 afflictio
1108 2934 1268 2995 nihil
1329 2933 1610 3016 proderit
1662 2933 1868 3007 nobiS,

1985 876 2330 958 corporalis
2358 874 2591 956 jejunii
2634 874 2869 935 intuitu
2898 874 3051 935 finis
3092 872 3359 955 praefati,
3391 872 3483 935 vi-

1984 975 2217 1036 delicet
2260 973 2555 1055 puritatis
2603 972 2888 1047 internae,
2921 979 2984 1033 et
3023 972 3237 1054 ipsum
3281 970 3481 1033 finem

1986 1079 2245 1155 propter
2293 1089 2487 1152 quem
2545 1077 2750 1132 tantas
2799 1070 3142 1131 toleramus
3190 1066 3486 1130 afflictio-

1984 1190 2120 1245 neS,
2165 1188 2293 1232 non
2342 1169 2727 1232 obtinemus.
2771 1166 3177 1229 Laudabilius
3229 1184 3483 1247 quoque

1983 1276 2080 1329 est
2110 1287 2147 1329 a
2179 1266 2517 1350 prohibitis
2549 1265 2709 1327 cibis
2742 1264 2973 1327 animae
3002 1265 3250 1346 (utpote
3281 1264 3484 1345 vitiis)

1984 1364 2390 1439 abstinuisse,
2424 1383 2617 1446 quam
2660 1383 2697 1425 a
2737 1362 3114 1426 voluntariis
3156 1369 3220 1424 et
3269 1362 3482 1424 minus

1986 1464 2193 1526 noxiis
2223 1464 2388 1525 escis
2420 1462 2702 1545 corporis
2730 1462 3067 1542 Jejunasse.
3084 1461 3153 1523 In
3184 1461 3283 1522 his
3313 1480 3485 1523 nam-

1984 1583 2108 1645 que
2153 1561 2591 1645 corporalibus
2640 1561 2893 1635 eduliis,
2936 1568 3033 1623 est
3076 1560 3348 1643 simplex
3389 1569 3481 1623 at-

1985 1680 2108 1743 que
2149 1662 2409 1724 innoxia
2454 1660 2776 1743 perceptio
2818 1667 3119 1722 creaturae
3160 1659 3295 1733 Dei,
3330 1667 3484 1741 puta

1984 1759 2259 1822 visibilis
2289 1758 2440 1833 cibi,
2476 1777 2588 1841 per
2618 1777 2685 1820 se
2717 1757 2877 1820 nihil
2917 1757 3159 1820 habens
3198 1756 3480 1838 peccati3

1907 1856 1956 1919 B
1985 1856 2053 1918 in
2083 1857 2194 1919 illo
2225 1875 2395 1931 vern,
2430 1863 2646 1938 utpote
2675 1874 2788 1918 esu
2820 1855 3155 1918 noxiorum
3188 1854 3479 1917 ciborum

1982 1955 2233 2028 animae,
2266 1974 2378 2017 seu
2408 1953 2711 2015 vitiorum
2752 1953 3183 2034 perceptione,
3216 1959 3313 2014 est
3351 1952 3479 2034 pri-

1983 2072 2088 2115 mo
2132 2054 2489 2135 perniciosa
2528 2052 2851 2114 devoratio
2898 2050 3187 2123 fratrum,
3229 2050 3307 2111 de
3350 2068 3477 2132 qua

1981 2152 2070 2213 ait
2113 2152 2438 2232 Scriptura
2470 2168 2483 2211 :
2517 2150 2657 2213 Noli
2702 2149 2965 2229 diligere
3008 2148 3359 2221 detrahere,
3393 2166 3473 2209 ne
3498 2166 3775 2283 ἕξιοᾶἶιὶιχε

1981 2248 2340 2311 eradiceris,
2377 2248 2451 2309 Et
2482 2248 2559 2309 de
2592 2248 2683 2309 ira
2712 2255 2901 2328 atque
2942 2245 3184 2308 invidia
3214 2246 3280 2307 in
3312 2245 3475 2309 libro

1979 2346 2095 2409 Job
2126 2348 2358 2427 legi-tur
2391 2364 2405 2408 :
2440 2346 2689 2407 Etenim
2721 2345 2986 2406 stultum
3022 2343 3329 2406 interficit
3360 2344 3476 2407 ira·
3531 2362 3613 2407 10⁶
3634 2378 3677 2417 v,
3698 2368 3741 2410 ε.

1983 2444 2235 2518 cundia,
2274 2452 2337 2506 et
2381 2444 2721 2526 parvulum
2769 2442 3003 2505 occidit
3054 2441 3310 2505 invidia.
3354 2442 3474 2505 Ubi

1982 2543 2402 2625 pensandum,
2436 2540 2606 2623 quod
2650 2541 2702 2602 is
2741 2540 2849 2621 qui
2894 2540 3209 2614 irascitur,
3242 2540 3476 2602 dicitur

1981 2640 2249 2719 stultus;
2290 2640 2400 2721 qui
2442 2646 2657 2701 autem
2700 2638 2963 2712 invidet,
2997 2638 3319 2719 parvulus,
3352 2639 3474 2700 lra-

1982 2756 2165 2801 scens
2207 2756 2483 2819 namque
2515 2755 2643 2800 non
2681 2736 3002 2798 immerito
3032 2735 3263 2798 stultus
3292 2752 3473 2798 voca-

1982 2844 2106 2911 tur,
2135 2836 2438 2917 quoniam
2470 2834 2827 2899 voluntario
2857 2841 3201 2914 provocatu
3232 2833 3477 2896 inducit

1981 2934 2104 2995 sibi
2148 2941 2416 2997 mortem
2457 2932 2685 2994 animae
2725 2950 2839 3013 per
2878 2930 3169 2993 stimulos
3205 2931 3350 3010 irae3
3381 2932 3477 2993 in-

368 3033 735 3115 pretiosiori
763 3032 993 3095 animae
1023 3040 1200 3114 parte
1232 3032 1494 3114 polluta,
1514 3040 1704 3113 atque
1735 3050 1875 3113 pec·
1908 3037 1952 3101 C
1980 3031 2205 3093 videns
2235 3049 2387 3094 vero
2426 3030 2763 3112 parvulum
2796 3036 2857 3090 et
2888 3028 3199 3091 minorem
3240 3048 3308 3091 se
3338 3047 3478 3091 esse

367 3130 664 3194 cantibus
693 3130 876 3193 nobis
902 3148 1014 3211 per
1044 3130 1217 3192 illam
1248 3129 1682 3203 substantiam,
1699 3137 1874 3211 utpo-

370 3237 432 3291 te
461 3229 746 3291 animam
776 3227 1163 3301 rationalem,
1178 3246 1304 3310 qua
1327 3227 1504 3290 effici
1536 3244 1871 3309 possumus

1981 3129 2279 3203 ostendit,
2313 3128 2463 3211 quia
2502 3129 2655 3190 dum
2697 3126 2959 3201 invidet,
2993 3132 3259 3188 testatur
3294 3126 3475 3188 illum

1981 3246 2119 3290 esse
2153 3228 2460 3308 maJ'orem
2492 3226 2676 3306 cujus
2707 3224 3124 3307 prosperitate
3147 3222 3471 3305 affligitur.

367 3327 812 3391 habitaculum
877 3325 1148 3407 Spiritus
1207 3325 1438 3387 Sancti.
1501 3326 1638 3387 Non
1697 3326 1868 3387 enim
1979 3372 1984 3377 -

367 3424 815 3506 corruptibilis
865 3441 1010 3485 caro
1059 3430 1307 3485 tantum
1356 3421 1644 3484 efficitur
1692 3422 1870 3485 habi-

367 3523 658 3586 taculum
698 3522 810 3584 Dei
853 3540 925 3584 ac
965 3522 1278 3603 templum
1318 3521 1590 3603 Spiritus
1632 3520 1865 3597 Sancti,

366 3628 686 3704 quantum
734 3637 844 3682 cor
892 3619 1222 3681 mundum.
1270 3618 1526 3700 Oportet
1572 3636 1721 3699 ergo
1769 3638 1872 3681 ex-

370 3718 590 3782 teriori
632 3717 890 3781 homine
926 3716 1277 3797 jejunante,
1312 3718 1679 3779 interiorem
1719 3735 1871 3799 quo-

367 3836 497 3900 que
549 3835 584 3877 a
635 3816 846 3878 noxiis
895 3814 1056 3877 cibis
1105 3834 1216 3876 seu
1265 3814 1441 3876 vitiis
1491 3815 1865 3877 continere:

367 3934 568 3997 quem
613 3914 838 3975 beatus
875 3912 1212 3993 Apostolus
1257 3912 1542 3974 hortatur
1582 3912 1870 3975 exhiberi

371 4013 701 4095 praecipue
745 4030 978 4092 purum
1023 4012 1173 4083 Deo,
1206 4018 1276 4071 ut
1309 4010 1630 4073 Christum
1672 4030 1872 4073 mere—

314 4142 342 4177 ι,
369 4119 519 4174 atur
560 4110 626 4170 in
667 4127 734 4170 se
767 4108 1089 4189 suscipere
1130 4107 1468 4188 hospitem,
1501 4108 1719 4170 dicens
1754 4127 1768 4170 ε
1802 4109 1870 4170 In

2316 3478 2821 3544 CAPITULUM
2884 3477 3141 3541 XXIII.

2171 3620 2385 3687 Qualis
2414 3617 2625 3674 debeat
2652 3632 2776 3672 esse
2802 3618 3079 3673 monachi
3106 3616 3295 3673 cibus,

2113 3813 2493 3877 LIGENDUS
2532 3830 2681 3893 ergo
2719 3818 2816 3874 est
2845 3811 3027 3873 cibus
3065 3810 3175 3892 qui
3215 3827 3344 3873 non
3382 3830 3478 3874 so-

2132 3913 2267 3974 lum
2302 3917 2611 3993 temperet
2640 3928 2713 3971 ac
2744 3910 2955 3971 minus
2996 3907 3354 3971 inflammet
3380 3928 3477 3970 ar-

1980 4014 2202 4075 dentes
2232 4008 2762 4091 concupiscentiae
2791 4015 3002 4080 aestus,
3030 4025 3253 4069 verum
3281 4007 3473 4069 etiam

1981 4111 2090 4192 qui
2133 4110 2212 4171 ad
2254 4108 2606 4190 parandum
2646 4106 2729 4167 sit
2768 4104 2997 4179 faciliS,
3031 4112 3094 4167 et
3122 4105 3233 4185 qui
3264 4104 3475 4168 viliori

371 4207 664 4271 interiori
724 4206 982 4269 homine
1039 4205 1324 4267 habitare
1379 4205 1699 4268 Christum
1759 4226 1874 4288 per
1902 4214 1952 4275 D
1983 4208 2187 4289 pretio
2216 4206 2419 4268 valeat
2453 4204 2604 4278 emi,
2637 4204 2747 4285 qui
2778 4203 2969 4265 etiam
3011 4202 3474 4264 conversationi

369 4308 573 4370 fidem
617 4306 685 4367 in
729 4304 1026 4368 cordibus
1068 4302 1313 4367 vestris,

731 4568 1234 4632 CAPITULUM
1297 4568 1520 4631 XXII.

369 4718 549 4785 Quod
567 4718 700 4773 ideo
724 4721 998 4787 oporteat
1013 4730 1120 4771 nos
1139 4730 1417 4771 exercere
1435 4716 1874 4771 continentiam

442 4806 844 4878 corporalem,
882 4809 948 4860 ut
980 4805 1406 4876 perveniamus
1448 4805 1530 4860 ad
1553 4804 1874 4875 J'ejtmium

441 4894 796 4968 spirituale.

501 5092 826 5156 CIAMUS
883 5092 1096 5172 itaque
1155 5090 1236 5153 ob
1294 5091 1415 5153 hoc
1472 5108 1586 5152 nos
1645 5088 1874 5151 debere

522 5208 844 5253 assumere
893 5188 1178 5250 laborem
1228 5188 1572 5269 corporalis
1618 5185 1872 5266 jejunii,

381 5299 454 5353 ut
493 5308 610 5372 per
653 5288 866 5370 ipsum
909 5287 988 5348 ad
1028 5286 1235 5347 cordis
1279 5285 1620 5367 puritatem
1663 5302 1880 5366 perve-

1981 4324 2053 4367 ac
2084 4304 2223 4367 esui
2254 4304 2539 4365 Fratrum
2578 4308 2781 4363 exstet
2808 4300 3186 4363 communis,
3221 4300 3474 4382 Triplex

1982 4402 2221 4485 quippe
2265 4409 2360 4462 est
2405 4399 2649 4481 species
2694 4398 2857 4479 gulae
2899 4416 2913 4459 ε
2956 4418 3103 4473 una,
3137 4418 3279 4480 quae
3322 4417 3477 4480 prae-

1981 4500 2159 4562 venit
2209 4499 2430 4560 horam
2480 4496 2843 4560 refectionis
2892 4495 3277 4576 legitimam;
3326 4496 3472 4572 alia,

1983 4617 2124 4680 quae
2164 4594 2603 4659 tantummodo
2640 4593 2870 4674 gaudet
2914 4592 3193 4672 ingluvie
3236 4595 3476 4658 ventris

1983 4704 2046 4759 et
2076 4695 2401 4758 saturitate
2442 4708 2767 4768 escarum3
2802 4690 3005 4764 tertia,
3029 4709 3169 4771 quae
3200 4692 3479 4753 delicati-

1981 4794 2201 4856 oribus
2232 4799 2295 4854 et
2326 4788 2931 4853 comestibilioribus
2970 4788 3179 4871 epulis
3212 4789 3479 4853 delecta-

1981 4900 2105 4954 tur.
2143 4890 2287 4952 ldeo
2318 4896 2535 4951 contra
2572 4886 2786 4969 gulam
2818 4892 3064 4968 oportet
3095 4888 3479 4951 monachum

1985 4991 2107 5053 tria
2165 5007 2437 5051 servare.
2491 4986 2773 5048 Primum
2832 4994 2948 5060 est,
3001 4994 3072 5048 ut
3126 4987 3480 5069 legitimum

1987 5085 2410 5151 manducandi
2443 5093 2695 5166 tempus
2726 5094 3079 5167 exspectet3
3104 5086 3479 5161 secundum,

1991 5194 2059 5249 ut
2099 5184 2368 5249 satietati
2412 5183 2696 5261 resistat3
2740 5182 3020 5257 tertium,
3054 5192 3122 5247 ut
3162 5184 3483 5265 qualibus-

1993 5303 2269 5365 cumque
2336 5281 2670 5344 vilioribus
2741 5289 3075 5344 contentus
3146 5280 3228 5343 sit
3294 5281 3475 5345 cibis.
