4359 6267
565 1352 828 1401 Eccle.1v.6,

561 1419 684 1473 juxta
699 1416 816 1460 Lxx.

589 2556 706 2609 1199.
729 2569 758 2605 1,
775 2558 816 2597 6.

571 3438 835 3487 Prov.x111.7.

567 3503 693 3557 Juxta
709 3499 825 3542 Lxx.

584 3632 702 3676 lbtd.
715 3646 784 3681 xit,
793 3635 833 3681 9.

569 3697 694 3753 juxta
709 3694 826 3739 Lxx.

857 460 978 523 422

1525 480 1940 528 COLLATtoNUn
1985 481 2068 528 SS.
2105 481 2348 527 PATRUM
2392 481 2563 526 mnan
2606 482 2669 526 ΙΙ.
2710 500 2791 509 -
2832 482 3117 530 COLLATIO
3158 485 3303 529 XXIV

857 667 982 730 que
1049 656 1144 711 est
1211 650 1534 713 modicum
1592 651 1787 731 justo,
1849 670 2042 734 super
2102 651 2359 714 divitias
2390 650 2440 713 A
2472 654 2583 733 qui
2633 661 2777 715 ante
2828 655 3175 717 narraverit
3221 664 3331 718 aut
3380 657 3747 737 cognoverit
3799 658 3968 740 ipsas

857 756 1264 828 peccatorum
1316 750 1615 829 mult;as);
1669 770 1860 832 quam
1910 750 2212 813 affectare
2266 750 2359 810 lu-

857 865 965 908 cra
999 846 1106 909 illa
1147 848 1406 927 majora,
1441 869 1582 930 quae
1620 850 1739 911 etsi
1775 849 2014 911 fuerint
2047 849 2361 929 acquisita

857 947 1402 1025 quaestuosissima
1430 948 1844 1010 conversione
1877 948 2251 1019 multorum,
2273 954 2361 1009 at-

860 1051 1069 1107 tamen
1111 1055 1577 1107 consumuntur
1615 1047 1988 1109 necessitate
2027 1064 2361 1108 conversa·

858 1142 1050 1204 tionis
1084 1146 1420 1207 mundanae
1450 1152 1513 1207 et
1552 1145 2048 1207 distentionibus
2088 1144 2360 1227 quotidi-

860 1241 1016 1303 anis.
1044 1242 1328 1324 Denique
1351 1243 1534 1323 juxta
1558 1244 1912 1307 Salomonis
1941 1244 2354 1305 sententiam:

861 1339 1078 1403 Melior
1105 1349 1202 1403 est
1231 1342 1512 1423 pugillus
1543 1362 1689 1404 cum
1727 1343 1968 1424 requie,
2005 1361 2195 1423 quam
2232 1343 2358 1404 duo

859 1440 1085 1521 pugilli
1131 1458 1278 1502 cum
1325 1441 1536 1503 labore
1580 1449 1643 1503 et
1685 1441 2184 1523 praesumptione
2230 1440 2355 1523 spi-

860 1539 1038 1601 ritus.
1070 1540 1312 1613 Quibus
1345 1540 1750 1603 illusionibus
1780 1549 1970 1622 atque
2002 1539 2355 1622 dispendiis

859 1656 1116 1701 necesse
1154 1646 1248 1701 est
1279 1640 1621 1702 admodum
1659 1639 1973 1721 implicari
2007 1656 2231 1701 omnes
2268 1639 2359 1700 in-

856 1735 1104 1811 firmOS,
1158 1738 1267 1820 qui
1317 1757 1516 1819 quum
1577 1738 1703 1799 sint
1757 1738 1963 1800 adhuc
2019 1737 2096 1799 de
2153 1736 2355 1798 salute

2474 752 2839 815 morborum
2887 753 3183 833 origine-s.

2862 997 3387 1071 CAPITULUM
3430 1000 3578 1063 XV.

2595 1144 2926 1216 Responsio
2954 1146 3028 1200 de
3058 1147 3379 1217 tripartilo
3409 1150 3635 1204 anima»
3660 1155 3841 1205 motu.

2608 1333 2967 1398 BRAHAM
3020 1353 3034 1398 :
3086 1336 3387 1399 Omnium
3438 1339 3739 1402 vitiorum
3799 1359 3969 1403 unus

2626 1433 2768 1495 fons
2798 1442 2893 1496 est
2922 1444 2981 1496 et
3016 1456 3217 1498 unum
3250 1437 3665 1520 principium,
3698 1442 3809 1503 sed
3840 1459 3971 1503 sor-

2470 1529 2623 1592 titur
2670 1532 2921 1595 diversa
2969 1536 3449 1616 corruptionum
3505 1538 3834 1611 vocabula,
3874 1558 3971 1601 se-

2470 1632 2753 1693 cundum
2802 1633 3174 1713 qualitatem
3229 1637 3423 1717 partis
3477 1656 3589 1699 seu
3644 1638 3967 1719 potentia»,

2468 1735 2657 1810 atque
2688 1730 2789 1810 (ut
2820 1732 2904 1793 ita
2932 1732 3235 1813 dixerim)
3270 1735 3540 1797 membri
3575 1738 3743 1817 quod
3774 1736 3971 1798 fuerit

858 1835 1114 1916 propria
1151 1835 1355 1908 dubii,
1391 1836 1843 1917 indigeantque
1889 1835 2255 1917 magisterio
2293 1841 2356 1895 et
2394 1832 2440 1893 B
2472 1827 2765 1890 vitiatum
2820 1830 2881 1891 in
2932 1832 3165 1893 anima·
3212 1834 3384 1906 Quod
3446 1834 3763 1897 interdum
3830 1854 3975 1917 pro-

859 1932 1258 1995 institutione
1318 1933 1599 2005 alteriUS‚
1651 1934 1986 1996 diabolicis
2048 1932 2357 1995 illusioni-

858 2030 978 2093 bus
1029 2031 1409 2112 instigantur
1456 2034 1534 2095 ad
1584 2033 2084 2095 convertendum
2139 2050 2358 2112 regen-

859 2128 1143 2211 dumque
1190 2130 1365 2192 aliOS.
1408 2130 1525 2204 Qui
1570 2131 1686 2192 etsi
1737 2130 2060 2212 potuerint
2109 2129 2356 2211 aliquid

861 2227 1022 2289 lucri
1072 2229 1400 2310 acquirere
1449 2248 1526 2291 ex
1585 2230 1856 2292 aliorum
1917 2228 2355 2299 conversione,

863 2327 1139 2408 perdunt
1176 2346 1290 2409 per
1320 2327 1783 2409 impatientiam
1825 2347 2004 2390 suam
2047 2336 2104 2389 et
2141 2327 2359 2389 incon-

864 2423 1028 2488 ditos
1077 2444 1286 2488 mores
1334 2426 1646 2509 quidquid
1697 2434 2076 2488 meruerant.
2133 2425 2361 2487 Evenit

863 2541 1118 2607 quoque
1166 2526 1258 2587 eis
1319 2525 1476 2587 illud
1525 2525 1735 2605 Aggaei
1796 2525 2120 2607 prophetae
2173 2544 2187 2587 ε
2241 2523 2357 2597 Qui

865 2624 1190 2685 mercedes
1233 2631 1591 2704 congregat,
1641 2623 1839 2685 mittit
1881 2642 1985 2685 eas
2033 2622 2096 2684 in
2141 2640 2359 2684 saccu-

865 2721 998 2783 lum
1057 2730 1406 2803 pertusum.
1449 2722 1607 2783 Vere
1663 2721 1836 2783 enim
1894 2721 2068 2783 lucra
2123 2739 2239 2781 sua
2293 2720 2357 2782 in

863 2828 1120 2902 pertuso
1169 2821 1422 2884 sacculo
1471 2821 1670 2903 ponit,
1723 2821 1834 2903 qui
1887 2839 1999 2902 per
2049 2820 2358 2901 intempe-

864 2919 1131 2982 rantiam
1164 2920 1371 2982 cordis
1403 2920 1500 2981 sui
1533 2927 1596 2981 et
1624 2919 2060 3001 quotidianam
2096 2918 2196 2980 sui
2226 2918 2358 2979 ani-

2472 1924 2657 1988 batur
2686 1930 2981 2011 exemplo
3023 1933 3449 2013 corporalium
3484 1933 3968 2007 infirmitatum,

2468 2044 2737 2106 quarum
2775 2047 2975 2109 quum
3012 2050 3137 2092 una
3166 2032 3249 2093 sit
3278 2052 3487 2103 causa,
3515 2033 3717 2095 nihilo
3749 2034 3969 2096 minus

2469 2124 2717 2187 diversa
2740 2127 3189 2207 aegritudinum
3220 2148 3455 2211 genera
3483 2132 3973 2213 distinguuntur

2464 2222 2647 2301 juxta
2698 2224 3163 2289 infirmantium
3217 2230 3587 2311 qualitatem
3640 2231 3969 2293 membro-

2469 2340 2633 2383 rum.
2676 2322 2881 2395 Quum
2914 2324 3086 2386 enim
3121 2327 3350 2389 noxius
3382 2328 3615 2390 humor
3645 2328 3967 2391 obsederit

2414 2468 2421 2475 .
2470 2428 2680 2501 caput,
2745 2431 3031 2502 procreat
3088 2426 3494 2507 cephalalgiae
3555 2428 3967 2509 passionem;

2470 2517 2623 2580 dum
2656 2527 2867 2581 autem
2904 2521 3205 2585 invaserit
3235 2544 3420 2587 aures
3460 2533 3522 2587 et
3552 2527 3791 2599 oculos,
3830 2545 3973 2588 ver-

2473 2616 2626 2679 titur
2652 2619 2716 2680 in
2742 2620 3085 2701 otalgicum
3112 2623 3246 2686 sive
3273 2625 3777 2705 ophthalmicum
3811 2644 3975 2687 mor·

2471 2716 2659 2796 bum3
2688 2737 2886 2799 quum
2921 2738 3071 2783 vero
3100 2709 3434 2785 diffuderit
3463 2743 3530 2785 se
3559 2726 3637 2786 ad
3666 2724 3973 2787 articulos

2470 2822 2879 2899 extremaque
2930 2838 3258 2893 manuum,
3312 2829 3575 2883 vocatur
3624 2822 3972 2885 infirmitas

2467 2914 2825 2977 articularis
2863 2924 3052 2999 atque
3092 2918 3481 3000 chiragrica:
3524 2939 3710 3003 porro
3756 2941 3963 3003 quum

864 3018 950 3079 mi
1010 3018 1460 3081 distentionem
1521 3018 1832 3099 disperdit
1881 3016 2194 3098 quidquid
2246 3035 2358 3097 per
2395 3018 2438 3081 C
2469 3012 2545 3073 ad
2596 3013 2726 3075 ima
2776 3014 3010 3095 pedum
3065 3015 3483 3089 descenderit,
3538 3020 3810 3100 podagra
3857 3038 3973 3101 ap-

861 3116 1134 3178 aliorum
1167 3117 1646 3179 conversionem
1677 3114 1970 3197 acquirit.
1999 3115 2170 3176 Unde
2203 3115 2357 3176 dum

866 3234 980 3296 per
1016 3214 1286 3278 aliorum
1327 3214 1806 3278 conversionem
1849 3213 2113 3275 credunt
2151 3212 2360 3274 uberi·

867 3332 976 3376 ora
1024 3313 1198 3376 lucra
1245 3312 1563 3393 colligere,
1611 3313 1942 3394 privantur
1984 3311 2174 3373 etiam
2222 3328 2360 3392 pro-

867 3412 1007 3494 pria
1049 3410 1489 3473 emendatione
1531 3430 1544 3474 ε
1587 3412 1746 3473 Sunt.
1785 3411 1956 3471 enim
2005 3409 2112 3491 qui
2155 3427 2228 3470 se
2270 3408 2359 3469 di-

868 3512 1030 3573 vites
1078 3511 1321 3583 dicunt,
1363 3511 1523 3573 nihil
1572 3511 1900 3584 habenteS,
1943 3519 2004 3572 et
2052 3518 2202 3571 sunt
2248 3508 2357 3592 qui

870 3627 936 3672 se
968 3608 1311 3672 humiliant
1351 3608 1415 3670 in
1459 3609 1678 3671 multis
1719 3608 1992 3686 divitiis;
2025 3616 2108 3681 et,
2143 3607 2361 3669 Melior

869 3716 964 3770 est
994 3708 1093 3770 vir
1123 3708 1188 3770 in
1224 3706 1618 3789 ignobilitate
1659 3708 1941 3769 serviens
1982 3707 2129 3779 sibi,
2164 3725 2357 3788 quam

870 3808 982 3890 qui
1039 3806 1410 3888 dignitatem
1471 3806 1594 3869 sibi
1653 3806 1949 3889 acquirit,
1999 3813 2059 3867 et
2120 3805 2357 3885 indiget

868 3924 1050 3988 pane.

1231 4149 1735 4214 CAPITULUM
1804 4148 1986 4212 XIV.

918 4306 1353 4378 Inter-royano,
1385 4304 1544 4361 unde
1573 4305 1897 4375 irrepserit
1925 4302 2101 4359 nobis
2129 4320 2307 4359 error

1267 4394 1484 4451 talium
1511 4394 1967 4465 coqitationum.

1012 4592 1372 4656 ERMANUS
1410 4611 1423 4655 :
1467 4591 1822 4673 Disputatio
1864 4598 1972 4653 tua
2018 4590 2169 4652 satis
2220 4607 2366 4652 con-

1032 4711 1186 4772 grue
1227 4688 1657 4753 manifestavit
1692 4688 1877 4751 nobis
1917 4708 2159 4753 errores
2200 4688 2365 4769 cogi-

869 4794 1182 4856 tationum
1209 4797 1567 4853 nostrarum
1596 4787 2178 4871 comparationibus
2212 4807 2365 4870 prae-

874 4890 1172 4964 inductiS,
1208 4906 1478 4971 quorum
1513 4905 1798 4950 errorum
1832 4907 2052 4950 causas
2083 4895 2142 4949 et
2187 4907 2364 4949 cura-

871 4992 1076 5055 tiones
1134 4996 1430 5070 optamus
1485 5004 1899 5067 cognoscere3
1950 4994 2012 5048 et
2053 4986 2365 5072 ‘cupimus

871 5088 1120 5154 edoceri
1163 5086 1331 5149 unde
1374 5085 1675 5148 acciderit
1718 5084 1900 5146 nobis
1949 5084 2241 5166 deceptio
2286 5084 2365 5146 is-

875 5198 952 5251 ta.
988 5189 1242 5252 Certum
1280 5184 1520 5266 quippe
1553 5190 1648 5245 est
1680 5182 2004 5256 omnibuS,
2039 5182 2363 5245 neminem

875 5304 1060 5371 posse
1096 5284 1400 5348 adhibere
1439 5281 1720 5343 remedia
1759 5280 2020 5355 morbis,
2057 5280 2179 5342 nisi
2218 5300 2366 5343 eum

2472 3111 2743 3191 pellatur
2783 3130 2797 3173 ε
2844 3120 2906 3174 et
2950 3113 3037 3175 ita
3078 3134 3207 3176 una
3249 3134 3323 3178 ac
3366 3118 3585 3179 eadem
3634 3118 3806 3179 noxii
3851 3118 3971 3179 hu-

2472 3209 2667 3271 moris
2715 3210 2891 3291 origo
2940 3229 3053 3292 per
3092 3219 3178 3274 tot
3220 3212 3635 3295 distinguitur
3676 3216 3965 3287 nomina,

2472 3316 2624 3388 quot
2672 3318 2940 3391 occupat
2990 3310 3295 3374 membra.
3350 3313 3567 3394 ltaque
3616 3315 3692 3376 de
3744 3314 3971 3376 visibi-

2471 3405 2641 3467 libus
2678 3408 2755 3469 ad
2798 3408 3146 3470 invisibilia
3181 3412 3589 3483 transeundO,
3632 3413 3971 3476 credamus

2470 3506 2691 3567 eodem
2728 3506 2917 3569 modo
2945 3507 3077 3569 vim
3110 3508 3578 3591 cujuscumque
3610 3513 3848 3592 peccati
3875 3513 3977 3573 in-

2471 3624 2609 3667 esse
2640 3604 2940 3687 potentiis
2979 3606 3209 3670 animae
3240 3616 3487 3672 nostrae.
3524 3610 3719 3683 Quam
3763 3630 3969 3692 quum

2473 3704 2929 3785 sapientissimi
2967 3704 3204 3786 quique
3235 3707 3449 3769 dicant
3478 3726 3618 3770 esse
3660 3708 3975 3772 triformis

2474 3804 2791 3884 potentiae,
2810 3811 3025 3885 utpote
3056 3804 3401 3879 rationaliS,
3418 3808 3969 3889 concupiscibiliS‚

2473 3908 2535 3962 et
2566 3901 2903 3963 irascibilis
2940 3919 2953 3963 :
2989 3910 3234 3965 constat
3266 3906 3433 3985 quod
3468 3914 3797 3986 peccatum
3832 3926 3973 3969 cor-

2475 4008 2728 4081 rumpat
2764 3999 3041 4081 aliquam
3086 4001 3312 4063 harum
3346 4002 3580 4066 virium
3622 4005 3782 4085 cjuS.
3820 4005 3973 4067 ldeo

2475 4099 2727 4178 quando
2766 4098 2860 4159 vis
2899 4100 3104 4163 noxiae
3143 4101 3455 4181 passionis
3494 4102 3811 4165 obsederit
3857 4105 3977 4167 ali-

2392 4204 2442 4267 D
2475 4216 2665 4278 quam
2707 4197 3135 4278 potentiarum
3168 4199 3454 4273 istarum,
3492 4201 3842 4284 imponitur
3872 4204 3971 4265 vi-

2476 4296 2562 4357 tio
2601 4314 2833 4357 nomen
2872 4299 3228 4360 secundum
3268 4300 3651 4380 exigentiam
3692 4309 3799 4363 aut
3836 4303 3972 4367 dis-

2474 4394 2854 4475 positionem
2915 4413 3121 4458 causae
3170 4396 3362 4458 illius.
3417 4399 3480 4460 Si
3531 4400 3704 4461 enim
3764 4402 3971 4482 pestis

2475 4492 2775 4555 vitiorum
2808 4492 3104 4556 infecerit
3132 4494 3264 4557 vim
3298 4496 3691 4583 rationalem,
3716 4517 3973 4580 procre-

2473 4590 2606 4652 abit
2647 4591 2801 4653 vitia
2842 4610 3021 4655 vante
3059 4592 3296 4673 gloriae‚
3331 4594 3643 4669 elationis,
3690 4596 3976 4672 invidiae,

2475 4689 2809 4771 superbiae,
2852 4692 3391 4773 praesumptioniS‚
3427 4696 3849 4758 contentionis
3892 4717 3975 4760 ac

2476 4789 2771 4868 haeresis;
2812 4790 2865 4851 si
2904 4790 3329 4853 vulneraverit
3370 4792 3503 4854 vim
3550 4794 3969 4867 irascibilem,

2477 4888 2675 4969 pariet
2725 4888 3030 4963 furorem,
3082 4889 3571 4971 impatientiam,
3622 4894 3977 4968 tristitiam,

2475 4988 2787 5059 acediam,
2850 4988 3445 5070 pusillanimitatem
3503 5000 3566 5053 et
3626 4993 3975 5056 crudelita-

2478 5094 2639 5165 tem3
2662 5086 2715 5148 si
2746 5094 2958 5149 autem
2994 5089 3345 5168 corruperit
3373 5089 3974 5171 concupiscibilem,

2477 5184 2802 5265 generabit
2832 5186 3069 5266 gulam,
3103 5184 3613 5260 fornicationem,
3634 5188 3973 5253 avaritiam

2480 5283 3153 5367 concupiscentiasque
3196 5286 3497 5349 carnales,
