4359 6267
171 1748 183 1764 '
195 1745 326 1786 nisui:

1013 488 1430 535 COLLATIONUM
1473 489 1558 534 SS.
1593 487 1837 534 PATRUM
1879 487 2054 534 LIBER
2094 488 2157 532 11.
2202 504 2282 514 -·-
2324 487 2609 535 COLLATIO
2650 488 2755 534 xlx

3318 465 3433 534 361

365 676 478 719 suae
514 655 940 737 professioni8‚
973 665 1044 720 ut
1082 658 1476 720 declinantes
1517 657 1833 720 consortia
1861 657 1912 718 A
1945 658 2022 719 ad
2080 659 2403 722 coelestem
2467 659 2789 721 medicum
2854 677 2969 741 pro
3025 657 3435 739 languoribus

365 754 647 827 Fratrum,
691 755 1086 817 detestentur
1131 757 1568 819 tantummodo
1617 775 1690 818 ac
1734 756 1831 817 fu-

365 853 518 933 giant
556 853 865 916 humanos
909 855 1266 936 adspectus

735 1095 1240 1173 CAPITULUM
1303 1111 1424 1174 xl.

363 1252 752 1326 Interroqatio
782 1256 856 1312 de
885 1257 1149 1314 remedio
1178 1274 1382 1314 eorum
1411 1259 1520 1330 qui
1547 1257 1668 1313 cito
1706 1257 1834 1313 dis-

487 1350 780 1400 cesserunt
811 1345 884 1400 de
911 1347 1382 1418 conqreqatione
1409 1347 1687 1402 coenobii.

490 1538 842 1602 ERMANUS
876 1558 891 1603 ι
925 1541 1058 1615 Quo
1096 1561 1246 1623 ergo
1285 1543 1568 1605 remedio
1605 1543 1838 1625 poterit

506 1637 827 1701 subveniri
871 1639 1058 1702 nobis
1101 1649 1210 1703 aut
1249 1642 1476 1704 ceteris
1519 1643 1629 1724 qui
1669 1642 1836 1722 ejus-

367 1736 496 1796 dem
524 1734 879 1816 fragilitatis
913 1746 1103 1820 atque
1140 1745 1494 1803 mensurae*
1524 1748 1692 1814 sunt,
1726 1741 1835 1822 qui

1945 757 2076 818 suis
2125 757 2441 830 sanandiS‚
2496 757 2868 838 ignorantia,
2918 775 3129 819 errore
3176 763 3285 819 aut
3331 774 3437 818 ne-

1947 855 2239 917 cessitate
2283 855 2640 917 contractis.
2689 856 2834 918 Ideo
2876 873 3061 917 nosse
3104 853 3433 926 debemuS,

1945 953 2114 1033 quod
2175 953 2229 1014 si
2286 971 2401 1015 nos
2460 953 2827 1015 recedamus
2890 953 2967 1014 ad
3026 951 3437 1015 solitudinem

1945 1050 2047 1112 vel
2084 1050 2299 1113 abdita
2339 1051 2496 1124 loca,
2530 1051 2704 1114 vitiis
2748 1051 2981 1113 nostris
3018 1069 3092 1112 ac
3131 1049 3437 1133 passioni-

1945 1148 2064 1209 bus
2109 1149 2392 1211 nondum
2438 1150 2695 1224 curatis,
2728 1148 3000 1211 effectus
3042 1167 3261 1212 eorum
3305 1154 3439 1209 tan-

1945 1248 2276 1310 tummodo
2337 1249 2742 1329 reprimatur,
2809 1266 2935 1310 non
3001 1247 3441 1328 exstinguatur

1944 1345 2253 1424 affectus3
2297 1346 2499 1408 latitat.
2544 1347 2718 1408 enim
2763 1354 2826 1408 et
2870 1345 3067 1428 serpit
3114 1346 3280 1407 intra
3326 1363 3440 1406 nos

1947 1445 2197 1506 interna
2239 1445 2416 1506 radix
2459 1444 2749 1506 omnium
2789 1444 3089 1507 vitiorum
3134 1462 3275 1525 quae
3314 1461 3441 1505 non

1947 1541 2188 1603 fuerint
2233 1543 2594 1625 exstirpata.
2649 1543 2845 1616 Quam
2895 1542 3174 1604 radicem
3223 1542 3443 1623 depre-

1949 1640 2289 1702 hendimus
2325 1641 2389 1702 in
2428 1640 2612 1704 nobis
2651 1641 2859 1703 adhuc
2889 1641 3126 1713 vivere,
3162 1659 3276 1722 per
3309 1640 3443 1701 haec

1949 1738 2146 1819 signa.
2203 1739 2391 1801 Verbi
2450 1740 2649 1821 gratia
2695 1758 2708 1801 ε
2763 1740 2917 1801 dum
2976 1739 3043 1800 in
3102 1739 3443 1801 solitudine

367 1836 621 1897 tenuiter
679 1836 956 1898 instituti
1024 1839 1488 1902 coenobialibus
1548 1839 1837 1923 discipli-
1871 1839 1919 1902 B
1951 1838 2303 1910 constituti,
2323 1839 2709 1920 suscipimus
2740 1838 2841 1900 vel
2873 1846 3315 1921 exspectamus
3344 1836 3449 1898 ad-

369 1933 474 2006 nis,
505 1933 800 1996 affectare
846 1935 1159 2018 coepimus
1198 1938 1655 2001 habitationem
1695 1938 1841 2000 soli-

369 2032 586 2094 tudinis
631 2041 778 2095 ante
825 2035 1266 2117 expulsionem
1318 2037 1606 2099 omnium
1655 2037 1840 2100 vitio-

367 2133 535 2191 rum?
581 2131 691 2194 Vel
738 2150 866 2213 quo
917 2142 1100 2214 pacto
1151 2135 1501 2217 poterimus
1552 2134 1841 2197 obtinere

367 2227 870 2310 imperturbatam
913 2232 1146 2294 mentis
1190 2233 1609 2295 constantiam
1652 2240 1841 2314 atque

367 2325 739 2390 immobilem
788 2329 1110 2410 patientiae
1152 2329 1548 2405 firmitatem,
1591 2331 1701 2413 qui
1747 2330 1841 2392 in-

363 2426 718 2506 tempestive
750 2427 1130 2509 reliquimus
1169 2429 1338 2511 ipsas
1374 2430 1840 2512 quodammodo

364 2521 592 2584 scholas
639 2530 701 2586 et
747 2526 1231 2589 exercitationes
1285 2528 1478 2608 hujus
1535 2529 1840 2610 palaestrae

364 2639 462 2680 seu
505 2640 750 2702 pugnae,
783 2624 1137 2686 recedendo
1175 2644 1212 2686 a
1251 2625 1733 2706 congregatione
1773 2625 1839 2687 in

363 2735 474 2798 qua
509 2720 823 2801 principia
862 2729 1070 2784 nostra
1104 2722 1454 2785 debuerant
1485 2724 1673 2806 plene
1704 2743 1842 2785 eru-

363 2815 471 2876 diri
508 2836 584 2878 ac
612 2818 884 2900 persici?
913 2820 1193 2894 Qualiter
1233 2822 1443 2904 itaque
1483 2841 1655 2883 nunc
1695 2823 1841 2885 soli-

365 2913 506 2976 tarie
535 2925 1007 2992 commorantes
1023 2938 1492 3002 consequemur
1522 2920 1842 3002 patientiae

1951 1945 2213 1998 ventum
2254 1937 2541 1998 Fratrum
2571 1938 2671 1999 vel
2714 1937 3159 2000 brevissimam
3200 1954 3443 1998 moram

1950 2049 2170 2094 eorum
2213 2051 2360 2095 cum
2400 2033 2671 2114 quadam
2712 2033 3029 2096 anxietate
3066 2032 3294 2095 animae
3334 2052 3445 2094 aes-

1951 2131 2211 2204 tuantiS,
2255 2132 2531 2194 sciamus
2574 2132 2780 2194 adhuc
2825 2151 2964 2194 esse
3008 2132 3073 2194 in
3122 2131 3311 2194 nobis
3353 2131 3447 2193 vi-

1951 2230 2365 2291 vacissimum
2420 2230 2831 2311 impatientiae
2881 2230 3188 2293 fomitem.
3240 2229 3448 2303 Quum

1899 2365 1907 2371 -
1952 2344 2102 2389 vero
2132 2346 2462 2409 speramus
2502 2328 2775 2408 alicujus
2807 2329 3039 2391 Fratris
3078 2329 3445 2400 adventum,

1952 2424 2005 2485 si
2041 2443 2115 2486 eo
2147 2423 2360 2486 forsan
2392 2424 2679 2487 tardante
2720 2425 3046 2506 paulisper
3086 2442 3200 2507 pro
3238 2425 3450 2507 aliqua

1953 2523 2309 2585 necessaria
2338 2523 2752 2596 causa‚tacita
2783 2523 3215 2605 indignatione
3245 2542 3453 2606 repre-

1953 2620 2307 2682 hendamus
2354 2622 2714 2684 tarditatem
2764 2621 2987 2704 ipsiuS‚
3041 2629 3449 2704 mentemque

1953 2726 2234 2781 nostram
2278 2719 2629 2782 turbaverit
2672 2720 3033 2783 sollicitudo
3074 2721 3450 2803 exspectati-

1951 2817 2092 2879 onis
2133 2835 2260 2879 non
2302 2819 2587 2892 modicae,
2620 2819 3005 2882 examinatio
3045 2819 3450 2882 conscientiae

1952 2915 2411 2978 demonstrabit
2443 2916 2780 2980 manifesta
2803 2917 2960 2979 vitia
2990 2918 3099 2980 irae
3128 2925 3317 3000 atque
3350 2917 3455 2978 tri·

363 3030 427 3073 ac
473 3013 964 3095 longanimitatis
1014 3019 1496 3099 perfectionem,
1539 3027 1649 3081 aut
1690 3038 1841 3101 qua·
1878 3017 1922 3081 C
1954 3013 2169 3075 stitiae-
2201 3014 2479 3076 residere
2540 3015 2603 3076 in
2662 3014 2865 3076 nobis,
2919 3015 3075 3078 Nam
3134 3015 3187 3077 si
3238 3016 3451 3078 Fratre

365 3109 494 3172 liter
540 3113 930 3177 conscientia
975 3116 1362 3199 exploratrix
1404 3126 1467 3180 et
1506 3117 1841 3198 investiga-

364 3209 475 3269 trix
503 3218 792 3273 motuum
825 3213 1222 3290 interiorum,
1258 3215 1688 3297 deprehendet
1718 3214 1842 3277 sibi

363 3305 556 3370 inesse
599 3309 734 3372 sive
777 3311 998 3373 deesse
1040 3312 1191 3374 istas
1234 3313 1524 3386 virtutes,
1557 3333 1637 3375 ne
1681 3313 1842 3374 forte

363 3403 507 3466 falsa
551 3408 970 3471 aestimatione
1019 3411 1291 3491 decepti,
1345 3412 1677 3472 credamus
1726 3429 1841 3472 nos

362 3504 668 3583 possidere
708 3497 1108 3569 immobilem
1152 3508 1384 3571 mentis
1423 3509 1841 3590 tranquillita-

364 3609 501 3675 tem,
533 3604 836 3684 quoniam
875 3605 1184 3687 segregati
1218 3626 1256 3668 a
1283 3607 1602 3670 consortio
1638 3607 1842 3670 homi-

363 3717 528 3773 num,
561 3720 686 3763 non
730 3719 1154 3784 provocamur
1192 3705 1656 3768 irritationibus
1698 3705 1844 3766 ullis

361 3814 568 3861 eorum
589 3803 613 3860 3

729 4045 1236 4110 CAPITULUM
1304 4047 1456 4110 XII.

475 4201 829 4275 Responsio,
868 4202 1141 4276 qualiter
1176 4204 1500 4261 solitarius
1529 4207 1731 4277 possit

765 4293 928 4347 vitia
951 4309 1066 4349 sua
1092 4309 1432 4365 aquo-scere.

447 4487 748 4551 OANNES
801 4505 814 4550 ε
868 4489 1169 4552 Remedia
1227 4490 1574 4553 curationis
1631 4493 1846 4572 negari

474 4604 600 4648 non
645 4595 914 4668 possunt
953 4589 1034 4650 ab
1079 4588 1190 4651 illo
1232 4589 1567 4652 verissimo
1608 4589 1846 4652 anima-

361 4701 495 4746 rum
533 4684 805 4760 medice,
839 4686 1271 4766 quaerentibus
1309 4687 1692 4750 medicinam
1727 4688 1851 4771 spi-

363 4781 650 4845 ritualem
699 4783 768 4845 in
816 4783 1079 4846 veritate
1132 4801 1145 4846 :
1199 4786 1551 4866 praesertim
1611 4787 1690 4848 iis
1738 4787 1850 4869 qui

367 4878 765 4945 infirmitates
815 4901 962 4944 suas
1009 4900 1136 4944 non
1184 4884 1590 4946 dissimulant
1637 4885 1854 4967 despe-

364 4979 552 5041 rando
593 4989 705 5042 aut
743 4979 1142 5062 negligendo,
1175 4999 1291 5044 nec
1332 4983 1670 5044 vulnerum
1715 5001 1856 5045 suo-

364 5093 498 5138 rum
557 5077 958 5140 abscondunt
1015 5079 1322 5160 pericula,
1372 5098 1490 5142 nec
1540 5080 1853 5143 medelam

368 5174 751 5254 poenitentiae
799 5185 1111 5259 respuunt
1155 5186 1365 5239 mente
1415 5195 1702 5259 procace,
1746 5181 1855 5242 sed

365 5282 542 5337 cauto
578 5293 654 5337 ac
692 5275 922 5337 humili
962 5276 1151 5338 corde
1182 5277 1437 5338 tandem
1479 5276 1859 5358 confugiunt

608 5408 673 5458 T.
710 5409 791 5459 27.

1955 3111 2314 3193 postulante
2346 3113 2630 3174 codicem
2669 3120 2959 3175 nostrum
2992 3115 3069 3177 ad
3112 3114 3449 3194 legendum

1954 3209 2056 3271 vel
2085 3210 2164 3271 ad
2195 3210 2475 3292 aliquem
2505 3211 2701 3273 alium
2736 3231 2945 3285 usum,
2980 3212 3452 3275 contristaverit

1954 3325 2070 3370 nos
2120 3308 2345 3390 petitio
2392 3308 2555 3388 ejus,
2599 3316 2710 3371 aut
2758 3311 3185 3392 repulerimus
3235 3318 3452 3394 postu-

1956 3405 2257 3468 lationem
2303 3407 2527 3490 ipsiuS,
2569 3408 2837 3471 dubium
2881 3427 3007 3472 non
3052 3417 3149 3473 est
3188 3429 3304 3472 nos
3346 3410 3452 3472 ad-

1955 3504 2080 3566 huc
2130 3506 2482 3589 compediri
2530 3507 2811 3570 avaritiae
2861 3509 3122 3590 laqueiS.
3172 3509 3347 3582 Quod
3397 3510 3449 3574 si

1955 3604 2251 3685 cogitatio
2291 3604 2501 3667 subita
2539 3613 2648 3667 aut
2687 3605 2876 3668 lectio
2916 3626 3092 3670 sacra
3134 3608 3453 3670 induxerit

1954 3702 2140 3764 nobis
2172 3703 2546 3765 memoriam
2582 3703 2857 3779 feminae,
2891 3712 2955 3766 et
2982 3705 3048 3767 in
3077 3724 3153 3767 ea
3183 3707 3456 3768 senseri-

1957 3819 2100 3863 mus
2137 3818 2253 3864 nos
2292 3802 2530 3884 pulsari
2566 3802 2840 3884 quadam
2874 3803 3257 3878 titillatione,
3294 3804 3451 3868 scia-

1957 3918 2100 3960 mus
2156 3900 2447 3962 ardorem
2504 3899 2945 3963 fornicat10nis
3008 3902 3291 3964 nondum
3350 3921 3454 3964 ex-

1869 3989 1878 3998 ’
1956 3997 2262 4058 stinctum
2309 4016 2448 4059 esse
2497 3999 2561 4058 in
2612 3998 2919 4060 membris
2968 4000 3221 4062 nostris:
3264 4000 3454 4062 Porro

1956 4095 2010 4155 si
2059 4095 2161 4156 vel
2211 4094 2541 4157 remissiva
2588 4095 2776 4157 elatio
2833 4104 3113 4158 mentem
3172 4105 3452 4160 nostram

1874 4194 1923 4255 D
1958 4194 2295 4256 tentaverit
2335 4213 2413 4256 ex
2458 4194 2926 4276 comparatione
2975 4203 3205 4259 nostrae
3247 4196 3457 4258 distri·

1959 4292 2189 4355 ctionis
2232 4300 2296 4354 et
2336 4293 2558 4356 alienae
2601 4293 3019 4368 remissioniS,
3066 4302 3311 4356 certum
3359 4301 3457 4357 est

1960 4408 2074 4455 nos
2119 4409 2258 4453 esse
2318 4398 2647 4474 corruptos
2697 4391 2852 4479 dira·
2890 4399 3067 4474 peste
3115 4392 3452 4474 superbiae.

1959 4492 2164 4566 Quum
2196 4507 2344 4570 ergo
2374 4489 2761 4552 senserimus
2796 4489 2861 4551 in
2894 4490 3193 4553 cordibus
3222 4491 3457 4554 nostris

1961 4590 2095 4652 haec
2151 4587 2457 4650 vitiorum
2520 4587 2777 4663 indicia,
2839 4588 3175 4653 manifeste
3236 4608 3457 4654 nosca-

1963 4706 2106 4748 mus
2152 4686 2322 4768 quod
2381 4685 2566 4749 nobis
2614 4703 2741 4748 non
2790 4688 2954 4750 desit
2999 4689 3293 4764 affectuS,
3346 4691 3456 4754 sed

1965 4785 2284 4846 interdum
2332 4783 2602 4846 effectus
2661 4786 2903 4867 peccati
2952 4805 3065 4848 seu
3124 4789 3455 4869 passionis

1965 4885 2111 4958 Quae
2152 4883 2372 4965 utique
2412 4884 2737 4965 passiones
2777 4885 2855 4946 de
2895 4887 3183 4948 cavernis
3220 4895 3462 4950 nostro-

1967 5002 2109 5044 rum
2177 5001 2481 5045 sensuum
2550 4983 2841 5064 protinus
2907 4984 3341 5064 procedenteS,
3406 4984 3461 5045 si

1969 5081 2564 5144 commiscuerimus
2594 5097 2709 5143 nos
2742 5081 2912 5162 ipsos
2946 5080 3288 5163 aliquando
3315 5099 3463 5145 con-

1969 5179 2310 5243 versationi
2358 5179 2672 5252 humanae,
2718 5178 2987 5261 probant
3028 5197 3096 5241 se
3138 5197 3266 5242 non
3312 5186 3461 5242 tunc

1973 5277 2273 5360 primitus
2319 5277 2494 5338 nasci
2541 5276 2796 5359 quando
2846 5277 3194 5359 eruperint,
3236 5278 3345 5340 sed
3396 5297 3462 5340 se

3148 5410 3210 5464 23
