4359 6267
176 896 322 938 Mutia.

1059 515 1476 564 coLLATmNuu
1519 517 1604 562 SS.
1639 515 1883 562 PATRUI!
1924 515 2098 562 Lmen
2140 516 2204 561 n.
2250 534 2331 543 —
2371 515 2655 564 GOLLATIO
2696 518 2802 563 xvl

3359 499 3481 563 325

394 687 550 769 juste
595 687 730 751 sive
779 687 1018 768 injuste
1066 693 1459 769 conceptam.
1511 684 1650 748 Non
1697 684 1872 749 enim
1903 683 1956 746 A
1981 691 2044 746 et
2085 701 2214 747 non
2257 684 2636 766 generaliter
2676 687 2945 761 cunctiS,
2978 694 3087 750 aut
3130 686 3312 769 quasi
3358 686 3477 750 ira-

396 786 474 848 ait
520 785 822 860 Salvator,
866 785 932 847 Si
980 784 1177 847 frater
1229 792 1375 846 tuus
1427 783 1616 845 habet
1657 801 1871 845 veram

337 909 373 946 v.
397 885 700 967 querelam
735 884 1076 947 adversum
1117 889 1198 958 te,
1241 889 1360 944 etc.
1389 899 1407 962 3
1439 882 1548 944 sed
1588 881 1766 956 dicit,
1807 881 1871 943 Si

397 984 740 1046 recordatus
788 982 989 1045 fueris
1038 981 1190 1064 quia
1238 979 1435 1043 frater
1481 988 1629 1042 tuus
1682 979 1873 1041 habet

397 1082 617 1164 aliquid
659 1082 998 1144 adversum
1047 1088 1127 1154 te,
1175 1080 1239 1143 id
1281 1088 1399 1154 est,
1442 1079 1690 1142 etiamsi
1734 1078 1870 1141 leve

394 1189 490 1242 aut
527 1180 648 1242 vile
692 1180 846 1262 quid
888 1180 968 1242 sit
1009 1187 1269 1262 propter
1296 1179 1466 1260 quod
1496 1175 1692 1239 frater
1725 1185 1870 1239 tuus

395 1279 568 1341 fucrit
608 1287 830 1342 contra
871 1286 932 1341 te
975 1285 1208 1352 motus,
1252 1285 1316 1339 et
1358 1277 1476 1340 hoc
1521 1275 1732 1338 subita
1773 1293 1867 1337 re-

394 1377 732 1440 cordatione
804 1375 1155 1459 pulsaverit
1223 1375 1600 1438 memoriam
1665 1380 1862 1448 tuam,

391 1478 538 1539 scias
565 1484 625 1538 te
657 1493 785 1540 non
814 1476 1047 1538 debere
1076 1473 1313 1538 offerre
1343 1473 1698 1556 spiritualia
1729 1493 1866 1536 mu-

391 1595 526 1638 nera
571 1594 833 1657 precum
883 1583 1162 1649 tuarum,
1196 1573 1319 1635 nisi
1370 1573 1646 1653 benigna
1691 1572 1870 1635 satis-

394 1673 642 1736 factione
701 1673 880 1756 prius
941 1672 1254 1735 deleveris
1311 1691 1350 1734 a
1406 1672 1595 1734 corde
1653 1669 1866 1732 fratris

394 1771 690 1835 tristitiam
721 1791 800 1835 ex
830 1791 1021 1834 causa
1049 1770 1334 1853 qualibet
1363 1779 1585 1833 ortam.
1622 1769 1686 1832 Si
1715 1785 1865 1849 ergo

1983 783 2216 845 cundia
2254 792 2473 846 contra
2509 785 2811 865 gentilem
2854 785 2935 848 sit
2966 785 3175 859 noxia,
3208 793 3272 848 et
3302 785 3477 848 utilis

1984 887 2201 943 contra
2250 882 2528 945 Fratrem
2570 901 2586 960 ;
2636 903 2834 964 quum
2883 884 3105 965 utique
3162 884 3479 946 obstinata

1981 980 2365 1060 perturbatae
2397 982 2629 1044 mentis
2672 982 3014 1044 commotio
3043 999 3169 1045 non
3202 983 3478 1046 dissimi-

1981 1077 2038 1138 le
2088 1077 2317 1140 inferat
2363 1079 2816 1142 detrimentum
2867 1089 3207 1156 commoto,
3258 1090 3477 1145 contra

1979 1195 2441 1260 quemcumque
2472 1177 2661 1240 fuerit
2693 1179 2980 1240 excitata.
3000 1180 3263 1262 Insuper
3292 1199 3479 1261 quan·

1979 1281 2056 1337 tae
2085 1274 2554 1350 obstinationis,
2590 1277 2719 1340 imo
2748 1278 3059 1341 vecordiae
3090 1286 3208 1352 est,
3245 1286 3311 1340 ut
3347 1298 3475 1360 prae

1978 1380 2239 1454 stupore
2288 1393 2418 1437 suae
2468 1376 2701 1438 mentis
2750 1376 3020 1439 brutalis
3067 1395 3193 1439 non
3244 1376 3475 1439 discer-

1976 1481 2126 1534 nant
2168 1473 2617 1555 proprietatem
2654 1474 2993 1537 verborum
3035 1475 3289 1550 Christi,
3323 1475 3475 1557 quia

1977 1587 2102 1632 non
2151 1572 2261 1645 ait,
2305 1571 2525 1634 Omnis
2573 1572 2683 1654 qui
2735 1573 3031 1636 irascitur
3078 1573 3471 1655 alienigenae‚

1977 1686 2122 1730 reus
2152 1669 2276 1731 erit
2302 1669 2547 1749 judicio
2580 1688 2595 1732 τ
2627 1672 2796 1753 quod
2828 1672 3179 1734 secundum
3213 1672 3469 1735 illorum

1975 1767 2342 1848 opinionem
2383 1779 2593 1850 posset
2635 1769 2847 1833 forsan
2888 1770 3181 1853 excipere
3223 1788 3473 1833 consor-

391 1870 770 1951 evangclicus
818 1887 1029 1933 sermo
1083 1869 1268 1950 jubet
1328 1887 1442 1932 nos
1499 1866 1862 1931 satisfacere
1899 1865 1946 1928 B
1977 1871 2069 1927 tes
2127 1864 2283 1928 fidei
2340 1875 2403 1929 et
2470 1868 2968 1932 conversationis
3025 1877 3307 1948 nostrae3
3358 1869 3465 1931 sed

391 1968 792 2031 irascentibus
830 1987 946 2051 pro
985 1969 1309 2031 simultate
1348 1985 1460 2030 seu
1501 1974 1862 2029 controver-

387 2067 472 2130 sia
499 2068 807 2150 praeterita
844 2075 908 2129 et
949 2067 1236 2140 minima,
1269 2073 1458 2148 atque
1500 2083 1614 2147 pro
1653 2063 1864 2126 causis

386 2165 615 2248 exiguis
657 2173 814 2239 orta,
858 2165 1014 2247 quid
1060 2164 1140 2226 de
1187 2163 1374 2228 nobis
1423 2163 1674 2226 miseris
1725 2161 1859 2235 fiet,

387 2264 488 2345 qui
518 2263 821 2346 pertinaci
851 2262 1358 2326 dissimulatione
1391 2261 1863 2326 contemnimus

385 2370 651 2426 recentes
693 2369 758 2425 et
800 2362 1112 2425 maximas
1157 2380 1399 2436 causas,
1446 2369 1662 2424 nostro
1714 2376 1866 2441 quo-

387 2479 504 2542 quc
537 2479 743 2524 errore
775 2460 1191 2539 commissas3
1223 2467 1412 2542 atque
1453 2467 1700 2522 tumore
1738 2458 1868 2520 dia·

387 2557 578 2621 bolico
621 2558 854 2633 inflati,
899 2559 1054 2620 dum
1097 2557 1537 2620 erubescimus
1589 2575 1703 2620 nos
1748 2556 1864 2616 hu-

385 2656 636 2731 miliare,
669 2675 976 2738 negamus
1006 2675 1120 2719 nos
1150 2674 1288 2719 esse
1320 2673 1541 2719 causas
1571 2655 1864 2717 fraternae

382 2755 658 2830 tristitiae,
681 2762 743 2818 et
773 2755 995 2818 rebelli
1026 2754 1258 2837 spiritu
1286 2755 1696 2836 dedignantes
1726 2751 1867 2816 sub-

381 2853 442 2916 di
479 2855 808 2937 praeceptis
847 2854 982 2928 Dei,
1016 2853 1360 2916 asserimus
1401 2871 1476 2915 ea
1518 2853 1610 2914 sic
1649 2851 1864 2914 obser-

385 2953 507 3015 vari
549 2971 676 3016 non
717 2952 950 3015 debere
993 2959 1101 3013 aut
1152 2951 1405 3034 impleri
1457 2969 1583 3014 non
1633 2952 1863 3032 posse?

1974 1964 2377 2046 evangelicus
2437 1986 2646 2031 sermo
2703 1967 3027 2049 signanter
3084 1969 3395 2051 expressit
3449 1985 3465 2030 :

1973 2062 2193 2125 Omnis
2241 2064 2350 2146 qui
2405 2065 2697 2128 irascitur
2746 2066 2923 2129 fratri
2972 2085 3109 2142 suo,
3153 2086 3299 2130 reus
3345 2066 3469 2130 erit
3520 2082 3759 2136 Ratun-V,

1967 2161 2232 2242 judicic.
2280 2164 2579 2236 Quamvis
2627 2164 2840 2247 itaque
2888 2166 3237 2228 secundum
3288 2183 3468 2246 regu-

1975 2260 2100 2323 lam
2131 2261 2417 2326 veritatis
2456 2262 2801 2326 debeamus
2839 2281 3095 2326 omnem
3136 2264 3463 2327 hominem

1975 2357 2330 2440 intelligere
2384 2360 2648 2424 fratrem
2706 2370 3018 2436 nostrum,
3077 2371 3288 2426 tamen
3347 2363 3468 2427 hoc

1976 2455 2113 2519 loco
2151 2457 2376 2520 fideles
2416 2468 2476 2520 et
2516 2468 2746 2523 nostrae
2790 2461 3288 2524 conversationis
3330 2481 3469 2544 par-

1974 2555 2202 2637 ticipes
2243 2558 2453 2639 potius
2493 2559 2905 2640 designantur
2943 2560 3155 2623 fratris
3197 2561 3469 2624 vocabu·

1978 2655 2038 2717 lo
2080 2675 2273 2737 quam
2321 2658 2565 2739 pagani.

2315 2910 2818 2976 CAPITULUM
2880 2913 3127 2978 XVIII.

385 3051 600 3135 Sicque
644 3050 1006 3132 judicantes
1059 3051 1260 3112 Deum
1313 3050 1693 3133 praeccpisse
1746 3050 1864 3112 im·
1899 3049 1942 3112 C
1973 3068 2058 3123 De
2101 3067 2186 3122 iis
2223 3069 2333 3141 qui
2364 3070 2735 3141 patientiam
2770 3070 3139 3127 mendaciter
3174 3070 3470 3128 simulan-

383 3151 698 3234 possibilia
736 3150 870 3212 sive
902 3149 1271 3230 incongrua,
1305 3148 1652 3222 efficimur,
1683 3147 1865 3228 juxta

169 3264 289 3311 lma.
307 3282 356 3320 π,
383 3249 765 3331 Apostolum,
787 3265 918 3310 non
946 3246 1240 3322 factoreS,
1264 3248 1374 3310 sed
1401 3247 1650 3329 judices
1680 3246 1856 3328 legis·

150 3331 197 3370 u.

165 4605 182 4642 Ξ

143 4727 190 4770 15.

147 4538 296 4626 fam.
314 4560 336 4586 v

717 3502 1223 3568 CAPITULUM
1283 3501 1497 3566 XVII.

1977 3213 1986 3220 ,
2043 3162 2152 3218 tes,
2198 3163 2536 3228 provocant
2586 3158 2821 3230 fratres
2876 3159 2961 3215 ad
3013 3160 3173 3216 iram
3223 3176 3331 3217 suo
3384 3161 3471 3216 ai-

2042 3245 2253 3301 lentio.

1973 3436 2329 3650 QUALE·
2348 3449 2444 3504 est
2482 3441 2675 3506 etiam
2706 3443 2898 3520 istud,
2932 3446 3101 3528 quod
3141 3445 3464 3510 interdum

2129 3540 2442 3621 patientes
2482 3559 2620 3604 esse
2659 3559 2773 3606 nos
2814 3545 3155 3620 credimuS,
3190 3546 3341 3628 quia
3372 3547 3465 3608 in-

371 3653 453 3708 De
487 3653 567 3708 iis
603 3653 714 3726 qui
744 3655 974 3723 putant
995 3650 1370 3722 patientiam
1397 3647 1858 3722 impendendam
1961 3635 2199 3716 jurnam
2241 3639 2408 3720 passi
2447 3641 2830 3721 respondere
2871 3643 3361 3718 contemnimus»,
3396 3652 3466 3706 et

502 3739 906 3799 soecularibus
932 3739 1130 3811 maqis
1158 3754 1339 3812 quam
1367 3737 1711 3794 Fratribus.

507 3939 602 4003 OG
634 3935 1157 4021 quoque-quibus
1190 3935 1469 3998 lacrimis
1499 3942 1590 3998 cst
1624 3933 1858 3997 deflen-

525 4038 706 4109 dum,
737 4035 910 4118 quod
949 4034 1212 4116 quidam
1251 4052 1452 4115 quum
1487 4032 1724 4096 fuerint
1766 4033 1859 4094 in-

368 4135 672 4198 flammati
704 4154 782 4197 ex
814 4133 1027 4197 verbis
1061 4132 1538 4195 contumeliosis
1569 4131 1853 4207 alteriuS,

1964 3734 2191 3798 fratres
2241 3743 2590 3801 commotos
2647 3756 2859 3801 amara
2909 3741 3338 3805 taciturnitate
3399 3750 3464 3804 et

1967 3833 2251 3898 irrisorio
2289 3842 2466 3898 motu
2506 3844 2615 3898 aut
2652 3844 2832 3918 gestu
2875 3837 3081 3901 taliter
3118 3839 3464 3903 subsanna-

1967 3951 2131 4008 mus,
2186 3941 2255 3994 ut
2303 3950 2410 3996 eos
2462 3935 2660 4015 magis
2709 3953 3127 4017 provocemus
3174 3939 3252 4000 ad
3303 3938 3461 4001 iram

1967 4031 2157 4094 tacito
2193 4031 2375 4094 vultu
2414 4050 2606 4114 quam
2652 4031 2899 4095 incitari
2947 4043 3205 4116 possent
3245 4054 3464 4118 super-

1967 4130 2050 4193 bo
2108 4131 2389 4193 convitio
2450 4149 2463 4194 :
2524 4130 2959 4194 existimantes
3018 4150 3132 4196 nos
3193 4133 3457 4197 minime

370 4243 429 4295 et
457 4235 689 4318 aliquis
727 4251 836 4296 eos
877 4233 1186 4294 instanter
1215 4238 1392 4311 roget
1422 4237 1492 4292 ut
1524 4229 1857 4311 injurianti
1886 4227 1935 4300 D
1966 4246 2127 4302 reos,
2161 4228 2314 4310 quia
2342 4227 2501 4290 nihil
2544 4230 2927 4311 protulimus
2966 4247 3075 4293 ore
3112 4232 3279 4313 quod
3325 4250 3463 4314 pos-

371 4333 714 4414 ignoscant,
746 4332 1042 4413 dicatque
1073 4329 1397 4392 neminem
1438 4329 1669 4392 debere
1709 4347 1858 4393 con-

375 4431 580 4514 cipere
627 4437 738 4493 aut
783 4430 1057 4492 retinere
1100 4428 1424 4491 tristitiam
1473 4435 1691 4491 contra
1734 4427 1858 4490 fra-

340 4537 553 4605 .trem,
605 4547 808 4612 quum
863 4528 1176 4609 scriptum
1235 4526 1338 4600 sit,
1390 4527 1505 4600 Qui
1564 4526 1859 4588 irascitur

147 4627 352 4724 ‘da-em,
375 4627 549 4691 fratri
591 4646 731 4703 suo,
775 4645 922 4690 reus
964 4626 1086 4689 erit
1124 4625 1408 4706 judici03
1453 4632 1537 4700 et,
1584 4625 1688 4688 Sol
1731 4643 1858 4688 non

375 4726 616 4789 occidat
651 4743 844 4807 super
884 4723 1278 4786 iracundiam
1319 4729 1636 4802 vestram3
1669 4723 1858 4805 proti-

373 4845 486 4887 nus
537 4824 815 4887 clamant
866 4841 880 4884 ε
935 4822 1000 4885 Si
1050 4838 1330 4904 paganus
1379 4828 1487 4883 aut
1537 4820 1857 4884 saecularis

369 4923 484 4987 hoc
525 4923 782 4986 fecisset
823 4929 932 4984 aut
975 4918 1364 5002 protulisset,
1407 4919 1634 4982 merito
1677 4919 1862 4982 susti-

369 5027 662 5101 neretur3
694 5020 838 5103 quis
877 5027 1094 5082 autem
1123 5019 1428 5082 sustineat
1462 5019 1741 5081 Fratrem
1773 5018 1860 5080 ita

369 5119 776 5203 culpabilem,
823 5127 932 5180 aut
982 5117 1409 5200 proferentem
1459 5136 1537 5180 ex
1587 5134 1695 5179 ore
1743 5134 1860 5180 suo

369 5227 490 5280 tam
536 5237 726 5300 grave
770 5217 1159 5280 convitium?
1199 5217 1384 5291 Quasi
1433 5217 1736 5299 patientia
1777 5216 1861 5280 sit

367 5315 722 5380 exhibenda
748 5313 1122 5378 infidelibus
1145 5333 1219 5376 ac
1244 5314 1568 5396 sacrilegis
1593 5322 1856 5389 tantum,

1967 4335 2062 4390 set
2089 4346 2205 4390 nos
2234 4335 2451 4390 notare
2480 4336 2587 4390 aut
2619 4345 2757 4392 reos
2790 4336 3139 4392 monstrare
3169 4331 3461 4394 humano

1963 4425 2253 4506 judicio?
2293 4426 2479 4499 Quasi
2520 4427 2685 4489 Deus
2727 4427 3024 4510 respiciat
3073 4435 3459 4494 tantummo-

1967 4525 2048 4588 do
2073 4524 2268 4586 verba
2297 4533 2357 4587 et
2384 4542 2511 4588 non
2544 4526 2752 4607 potius
2778 4528 3203 4608 voluntatem3
3227 4529 3463 4592 solum-

1967 4643 2092 4706 que
2129 4642 2291 4705 opus
2333 4624 2577 4707 peccati
2618 4625 2926 4689 habeatur
2966 4627 3032 4690 in
3074 4628 3365 4704 crimine,
3399 4636 3463 4692 et

1967 4740 2095 4785 non
2133 4723 2329 4785 etiam
2366 4722 2752 4786 desiderium
2794 4733 2984 4807 atque
3027 4727 3457 4810 propositum;

1966 4828 2031 4882 et
2060 4821 2180 4884 hoc
2216 4829 2459 4883 tantum
2498 4822 2582 4884 sit
2620 4822 2685 4885 in
2720 4823 2965 4903 judicio
3002 4826 3455 4908 requirendum

1967 4919 2121 5002 quid
2154 4920 2595 5002 unusquisque
2627 4920 2848 4983 fecerit
2880 4942 2995 5004 per
3025 4924 3363 5006 loquelam,
3397 4933 3461 4987 et

1969 5035 2096 5081 non
2139 5017 2334 5080 etiam
2378 5018 2533 5100 quid
2579 5017 2785 5082 facere
2829 5019 3173 5083 intenderit
3216 5041 3330 5105 per
3370 5031 3462 5086 ta-

1970 5117 2421 5179 citurnitatem.
2455 5117 2591 5180 Non
2622 5119 2794 5180 enim
2826 5118 2959 5182 sola
2987 5119 3257 5201 qualitas
3287 5139 3458 5184 com-

1971 5215 2269 5279 motionis
2328 5214 2516 5278 illatae
2575 5215 2639 5277 in
2700 5217 2889 5299 culpa
2946 5224 3060 5291 est,
3104 5219 3213 5280 sed
3265 5220 3457 5282 ctiam

1970 5315 2370 5397 propositum
2413 5313 2741 5376 irritantis,
2776 5315 2937 5377 Hinc
2970 5334 3192 5378 verum
3221 5317 3458 5399 judicis

3495 2147 3563 2189 22.
