4359 6267
123 2848 210 2890 1²⁸.
236 2862 300 2897 w,
321 2850 370 2889 5.

117 3928 308 3985 Ephe&
329 3941 400 3979 xv,

103 3994 174 4041 26,
204 3994 280 4034 2¹7.

1291 496 1370 541 nr:
1414 496 1740 541 msrrru'ns
1783 496 1867 541 ss
1903 496 2164 542 ramum.
2210 515 2292 525 -
2331 497 2507 543 mann
2546 498 2655 544 v111
3447 475 3521 543 91

423 664 736 727 Dimittite
767 683 917 727 eum
948 672 1018 727 ut
1044 665 1397 727 maledicat.
1416 666 1721 728 Dominus
1751 666 1922 727 enim
1948 667 1999 728 A

423 762 728 843 praecepit
756 763 816 824 ei
856 770 926 824 ut
959 762 1366 825 malediceret
1404 763 1599 825 David
1634 781 1648 824 t
1682 771 1745 825 et
1774 764 1918 845 quis

420 868 520 921 est
567 861 677 941 qui
735 861 965 922 audeat
1012 861 1223 923 dicere
1273 880 1468 942 quare
1519 862 1612 922 sic
1671 862 1918 923 faciat?

421 957 586 1021 Ecce
620 957 796 1020 filius
833 977 1012 1020 meus
1044 960 1154 1039 qui
1184 977 1474 1040 egressus
1506 966 1601 1020 est
1630 960 1707 1021 de
1737 968 1918 1020 utero

424 1074 590 1130 me0,
623 1057 851 1138 quaerit
891 1056 1172 1118 animam
1221 1075 1426 1118 meam
1462 1076 1476 1119 ε
1511 1066 1746 1139 quanto
1790 1076 1919 1117 ma-

419 1156 520 1237 gis
568 1155 746 1217 filius
792 1155 1067 1217 Jeminiz
1114 1154 1426 1217 Dimittite
1473 1173 1622 1216 eum
1671 1162 1741 1215 ut
1791 1174 1918 1216 ma-

424 1252 654 1315 ledicat
689 1253 872 1333 juxta
915 1262 1304 1334 praeceptum
1352 1253 1628 1325 Domini,
1663 1253 1716 1314 si
1757 1251 1917 1314 forte

424 1352 724 1432 respiciat
767 1352 1072 1413 Dominus
1119 1350 1540 1412 afflictionem
1587 1369 1813 1421 meam,
1857 1358 1919 1411 ct

422 1449 643 1511 reddat
685 1449 845 1511 mihi
886 1448 1128 1512 bonum
1168 1466 1285 1530 pro
1324 1448 1767 1510 maledictione
1800 1448 1917 1508 hac

424 1549 749 1611 hodierna.

837 1804 1341 1868 CAPITULUM
1393 1806 1515 1868 IX.

740 1953 829 2008 De
877 1954 978 2008 ira
1025 1958 1240 2011 contra
1287 1969 1394 2008 nos
1445 1954 1610 2024 ipsos

980 2040 1365 2095 assumenda.

521 2237 836 2299 UBEMUR
894 2236 1107 2316 itaque
1160 2236 1347 2297 irasci
1403 2234 1763 2308 salubriter,
1813 2234 1922 2295 sed

547 2332 1030 2414 nobismetipsis
1069 2342 1133 2394 et
1167 2332 1678 2414 suggestionibus
1714 2331 1924 2414 pravis

427 2435 491 2498 in
525 2453 634 2498 cor
663 2440 954 2495 nostrum
985 2430 1474 2493 ascendentibus
1495 2448 1510 2509 3
1535 2438 1597 2491 et
1628 2448 1753 2493 non
1787 2448 1929 2511 pec-

427 2550 592 2605 care,
639 2530 1078 2611 suggestiones
1128 2528 1282 2590 tales
1331 2528 1409 2589 ad
1459 2526 1765 2589 effectum
1818 2544 1927 2588 no-

425 2631 606 2692 xium
647 2628 1070 2709 perducendo.
1108 2626 1394 2707 Denique
1427 2626 1598 2687 hunc
1629 2625 1927 2687 eumdem

424 2746 688 2791 sensum
736 2725 1035 2808 explanat
1081 2726 1361 2806 apertius
1409 2744 1682 2806 sequens
1733 2724 1927 2785 versi-

426 2826 614 2889 culus
648 2845 662 2887 :
696 2826 845 2897 Quae
883 2823 1096 2885 dicitis
1136 2824 1203 2884 in
1242 2822 1540 2885 cordibus
1579 2822 1828 2895 vest-riS,
1864 2821 1928 2881 in

427 2922 756 2989 cubilibus
803 2922 1031 2983 vestris
1080 2920 1589 3001 compungimini

1636 2937 1650 2980 ε
1696 2918 1759 2981 id
1810 2927 1927 2991 est,
1967 2956 1970 2961 -

2451 716 2954 781 CAPITULUM
3015 717 3103 779 X.

2029 864 2114 918 De
2142 880 2260 935 quo
2290 864 2411 919 sole
2438 865 2706 929 dicatur,
2730 871 2795 919 ut
2824 865 2915 920 sol
2936 881 3058 920 non
3087 864 3321 919 occidat
3347 878 3529 935 super

2420 953 2809 1009 iracundiam
2838 959 3125 1009 nostram.

2171 1157 2220 1220 E
2248 1178 2375 1241 quo
2404 1158 2535 1221 sole
2566 1160 2731 1221 Deus
2767 1178 2880 1239 per
2908 1158 3282 1239 Prophetam
3324 1157 3524 1239 loqui-

2190 1264 2292 1318 tur
2320 1258 2646 1318 evidenter
2678 1276 2691 1319 ε
2730 1255 3125 1318 Timentibus
3164 1264 3378 1317 autem
3411 1272 3521 1316 no·
3551 1268 3814 1319 Malacam.

2031 1374 2178 1417 men
2230 1374 2443 1417 meum
2491 1356 2731 1417 orietur
2774 1356 2876 1417 Sol
2922 1354 3207 1435 justitiae‚
3249 1363 3311 1415 et
3358 1354 3522 1415 sani·
3552 1335 3593 1373 ²·

2033 1462 2122 1515 tas
2168 1454 2234 1514 in
2278 1453 2505 1536 pennis
2552 1455 2711 1533 ejus.
2759 1453 2876 1526 Qui
2920 1473 3137 1515 rursus
3181 1451 3415 1514 dicitur
3459 1452 3523 1513 in

2034 1552 2244 1614 medio
2293 1552 2394 1613 die
2451 1552 2739 1614 occidere
2797 1552 3258 1632 peccatoribus,
3312 1550 3375 1612 id
3431 1559 3527 1612 est

2032 1650 2627 1731 pseudoprophetiS,
2686 1670 2760 1712 ac
2818 1650 2911 1711 eis
2968 1650 3080 1731 qui
3143 1650 3523 1722 irascuntur,

2032 1749 2283 1810 dicente
2327 1749 2682 1830 Propheta:
2719 1749 2962 1811 Occidit
3005 1748 3097 1811 eis
3142 1747 3233 1809 sol
3282 1748 3345 1808 in
3398 1766 3525 1809 me·
3581 1760 3716 1803 Amos
3732 1772 3819 1810 vm,

1957 1843 2005 1906 Β
2034 1846 2213 1908 ridie.
2258 1847 2369 1908 Vel
2420 1856 2589 1909 certe
2642 1847 2994 1909 secundum
3044 1846 3359 1926 tropicum
3413 1864 3525 1907 seu
3554 1826 3597 1867 ⁹'

2034 1944 2380 2025 figuratum
2428 1964 2709 2019 sensum,
2755 1964 2955 2018 menS,
3000 1944 3063 2006 id
3107 1950 3203 2005 est
3244 1956 3369 2013 νοῦς
3413 1962 3524 2005 seu

2035 2044 2214 2116 ratio,
2248 2062 2389 2124 quae
2430 2043 2656 2105 merito
2687 2043 2779 2106 sol
2811 2051 3071 2105 vocatur
3107 2060 3222 2124 pro
3248 2059 3324 2104 eo
3355 2042 3523 2123 quod

2036 2140 2364 2202 universas
2404 2140 2813 2221 cogitationes
2852 2148 2915 2202 et
2946 2140 3358 2202 discretiones
3394 2157 3528 2201 cor-

2036 2240 2133 2301 dis
2178 2239 2472 2311 illustrat,
2516 2257 2643 2301 non
2688 2240 2955 2313 occidat,
2990 2239 3053 2300 id
3099 2247 3215 2311 est,
3250 2256 3377 2300 non
3422 2257 3527 2299 ex-

2035 2338 2395 2417 stinguatur
2424 2337 2581 2399 vitio
2619 2338 2728 2399 irae
2763 2354 2776 2398 :
2814 2356 2891 2399 ne
2925 2355 2999 2399 ea
3032 2337 3381 2409 occidente,
3415 2354 3527 2397 seu

2038 2454 2150 2516 per
2200 2436 2355 2496 iram
2406 2436 2736 2507 exstincta,
2791 2436 3065 2498 tenebrae
3116 2434 3530 2515 perturbatio-

2038 2553 2192 2594 num
2244 2550 2389 2594 cum
2449 2542 2703 2594 auctore
2753 2551 2869 2595 suo
2918 2532 3170 2595 diabolo
3218 2540 3532 2613 occupent

2037 2650 2294 2693 omnem
2342 2631 2540 2693 animi
2590 2632 2788 2693 nostri
2838 2648 3134 2709 sensum3
3177 2631 3395 2711 sicque
3444 2637 3531 2691 te-

2039 2729 2253 2790 nebris
2306 2730 2412 2792 irae
2462 2730 2735 2810 possessi
2778 2738 2841 2791 et
2881 2729 3198 2801 excaecati,
3244 2728 3417 2789 velut
3466 2728 3531 2787 in

2040 2834 2223 2888 nocte
2284 2826 2613 2889 tenebrosa
2676 2827 2886 2909 positi,
2951 2826 3313 2907 ignoremus
3376 2825 3531 2906 quid

2040 2944 2154 2987 nos
2194 2933 2479 3006 oporteat
2528 2944 2730 3006 agere.
2776 2925 2908 2986 Tali
2955 2942 3103 3005 ergo
3152 2942 3344 2986 sensu
3395 2941 3535 3004 pro-

426 3038 854 3103 quaecumque
898 3019 966 3080 in
1009 3017 1307 3080 cordibus
1348 3018 1576 3079 vestris
1621 3016 1928 3097 cogitatis,
1965 3021 2008 3083 C
2040 3024 2306 3085 tulimus
2335 3024 2655 3106 (quamvis
2697 3023 2961 3104 longiori
3010 3040 3299 3084 sermone
3342 3022 3405 3083 id
3448 3020 3537 3082 fa-

429 3118 866 3181 incidentibus
910 3117 975 3178 in
1005 3134 1118 3178 vos
1160 3114 1671 3196 instigationibus
1713 3133 1934 3195 repen—

427 3217 584 3279 tinis
613 3235 688 3278 ac
721 3215 1007 3288 lubricis,
1040 3215 1372 3277 emendate
1410 3222 1600 3295 atque
1635 3212 1931 3293 corrigite

426 3314 852 3377 saluberrima
882 3312 1774 3394 compunctione,amoventes
1809 3329 1934 3372 mo-

427 3412 758 3474 deratione
822 3409 1072 3472 consilii
1134 3427 1390 3471 omnem
1457 3408 1796 3489 strepitum
1858 3425 1932 3468 ac

430 3509 980 3593 perturbationem
1011 3506 1267 3581 furoriS‚
1301 3515 1602 3588 tanquam
1644 3507 1834 3588 positi
1866 3506 1931 3567 in

429 3607 636 3671 cubili
676 3607 930 3689 quietis·

529 3707 834 3769 Praeterea
891 3703 1112 3766 beatus
1170 3702 1509 3784 Apostolus
1567 3702 1932 3765 testimonio

433 3804 633 3884 hujus
673 3802 974 3865 versiculi
1020 3820 1193 3874 usus,
1237 3819 1437 3882 quum
1485 3800 1768 3874 dixisset,
1810 3801 1931 3862 Ira-

435 3902 719 3976 scimini,
753 3910 816 3962 et
850 3899 1045 3963 nolite
1090 3917 1382 3981 peccare3
1415 3898 1747 3979 subjunxit
1779 3918 1792 3962 :
1829 3898 1931 3961 Sol

437 4018 570 4063 non
627 3999 875 4062 occidat
933 4016 1125 4078 super
1183 3996 1576 4058 iracundiam
1631 4004 1929 4070 vestram,

438 4116 652 4179 neque
689 4098 899 4159 locum
934 4096 1096 4157 detis
1135 4094 1405 4158 diaholo.
1442 4095 1506 4157 Si
1537 4095 1798 4157 noxium
1839 4101 1934 4155 est

2041 3129 2217 3183 ctum
2276 3122 2384 3201 sit)
2440 3122 2852 3203 apostolicam
2915 3120 3088 3183 illam
3154 3120 3532 3182 sententiam

2041 3219 2335 3281 traditam
2386 3220 2569 3281 nobis
2632 3219 3030 3281 institutione
3078 3237 3189 3279 seu
3240 3217 3539 3279 informa-

2042 3318 2213 3379 tione
2256 3318 2579 3379 seniorum
2627 3324 2988 3379 nostrorum
3033 3334 3046 3377 ε
3090 3316 3241 3397 quia
3278 3333 3537 3377 necesse

2041 3415 2165 3476 fuit
2211 3415 2541 3476 ostendere
2590 3415 2862 3496 qualiter
2911 3414 3032 3495 ipsi
3082 3414 3160 3475 de
3211 3413 3302 3475 ira
3350 3412 3539 3474 senti-

2043 3521 2203 3585 rent,
2256 3513 2366 3594 qui
2417 3532 2534 3574 nec
2584 3513 2661 3573 ad
2712 3519 3107 3574 momentum
3159 3512 3535 3591 permittunt

2041 3630 2180 3673 eam
2223 3618 2553 3692 penetrare
2598 3628 2707 3672 cor
2750 3629 2961 3683 suum,
3006 3608 3166 3671 illud
3209 3607 3532 3689 Evangelii

2042 3710 2405 3771 omnimode
2440 3709 2847 3771 observantes
2883 3728 2895 3770 :
2931 3708 3047 3781 Qui
3089 3708 3383 3769 irascitur
3414 3706 3534 3767 fra-
3589 3717 3823 3765 Manus.

2042 3808 2121 3869 tri
2153 3826 2291 3881 suo,
2315 3826 2460 3869 reus
2490 3808 2609 3869 erit
2636 3806 2898 3886 judicio.
2924 3807 3215 3869 Ceterum
3248 3806 3301 3867 si
3331 3824 3534 3886 usque
3562 3782 3629 3824 ²²·

2041 3907 2117 3967 ad
2169 3923 2463 3968 occasum
2518 3906 2669 3967 solis
2728 3905 2913 3966 liceat
2973 3904 3179 3977 irasci,
3235 3910 3532 3984 poterunt

2043 4004 2246 4065 noxiae
2278 4002 2783 4084 perturbationes
2824 4022 2934 4064 seu
2968 4003 3291 4084 passiones
3322 4000 3532 4082 exple—

2043 4120 2110 4162 re
2153 4102 2506 4163 satietatem
2551 4101 2806 4173 furoriS‚
2838 4120 2911 4163 ac
2959 4100 3320 4162 satisfacere
3362 4116 3534 4160 com-

435 4196 652 4260 Solem
691 4194 955 4276 justitiae
994 4211 1186 4274 super
1226 4193 1616 4254 iracundiam
1658 4200 1935 4255 nostram
1966 4200 2015 4261 D
2047 4200 2309 4262 motioni
2352 4200 2459 4262 irae
2489 4218 2555 4261 se
2583 4199 2989 4272 vindicantis,
3023 4206 3400 4279 anteaquam
3440 4196 3533 4258 sol

437 4294 754 4369 occidere,
796 4300 860 4355 et
902 4291 1227 4354 irascendo
1267 4292 1487 4353 damus
1531 4308 1678 4354 mox
1723 4292 1933 4355 locum

436 4393 696 4456 diabolo
747 4408 762 4453 :
814 4390 1127 4472 quomodo
1176 4390 1470 4471 superius
1526 4390 1815 4471 praecipit
1864 4397 1937 4450 ut

437 4493 813 4564 irascamur,
865 4489 1084 4551 dicens
1132 4505 1146 4548 τ
1197 4488 1572 4559 Irascimini,
1625 4495 1688 4549 et
1740 4487 1935 4550 nolite

437 4591 754 4672 peccare?
803 4586 1024 4650 Nonne
1077 4586 1406 4648 evidenter
1457 4586 1593 4648 vult
1654 4586 1864 4648 dicere
1918 4603 1933 4647 z

437 4686 798 4751 Irascimini
847 4684 1020 4747 vitiis
1069 4691 1133 4746 et
1178 4692 1389 4746 vestro
1432 4684 1654 4757 furori,
1698 4703 1777 4745 ne
1826 4684 1937 4746 ali-

440 4796 539 4849 ter
581 4784 762 4847 vobis
803 4781 1160 4864 agentibuS,
1203 4781 1489 4846 Christus
1538 4781 1631 4844 sol
1671 4780 1940 4861 justitiae

442 4884 712 4967 incipiat
752 4890 1010 4964 propter
1044 4880 1438 4943 iracundiam
1467 4888 1742 4942 vestram
1778 4880 1940 4942 occi-

439 4984 594 5044 dere
636 4982 772 5043 sive
810 4978 1214 5051 occumbere,
1253 4996 1448 5059 seque
1486 4978 1806 5040 retrahere
1840 4996 1941 5039 ve-

439 5082 593 5145 stris
647 5078 970 5143 mentibus
1019 5076 1396 5149 obscuratiS,
1438 5083 1629 5156 atque
1682 5074 1792 5137 illo
1849 5076 1941 5136 sic

438 5179 801 5251 recedente,
853 5175 1186 5258 praebeatis
1247 5175 1312 5235 in
1371 5173 1668 5237 cordibus
1715 5173 1941 5248 vestris

443 5280 660 5341 locum
702 5274 958 5338 diabolo
986 5276 1011 5335 2

2045 4299 2160 4360 iste
2212 4297 2487 4361 visibilis
2546 4298 2821 4360 declinet
2871 4297 2950 4359 ad
3010 4298 3220 4358 locum
3280 4295 3380 4357 sui
3436 4312 3537 4357 oc-

2045 4415 2247 4459 casus.

2445 4640 2947 4704 CAPITULUM
3010 4641 3129 4704 XI.

2072 4788 2157 4842 De
2187 4787 2211 4840 i
2217 4787 2270 4840 is
2292 4801 2547 4858 quorum
2574 4786 2919 4843 iracundioe
2947 4804 3053 4843 nec
3079 4787 3228 4843 solis
3258 4804 3500 4845 occasus

2520 4875 2757 4930 modum
2786 4875 3065 4947 imponit.

2223 5170 2595 5233 confusione
2640 5189 2780 5232 mea
2819 5171 3029 5232 dicere
3074 5174 3347 5252 nequeo)
3386 5190 3539 5254 quo-

2054 5070 2321 5271 QUID
2351 5090 2501 5134 vero
2540 5072 2881 5134 dicendum
2921 5073 2999 5135 de
3038 5073 3138 5135 his
3165 5074 3364 5155 (quod
3404 5074 3541 5137 sine

2051 5290 2194 5332 rum
2245 5268 2752 5351 implacabilitati
2802 5288 2915 5330 seu
2968 5270 3076 5332 irae
3124 5288 3241 5331 nec
3291 5270 3396 5332 hic
3448 5271 3540 5333 sol
