<?xml version="1.0" encoding="UTF-8"?>
<!DOCTYPE html PUBLIC "-//W3C//DTD XHTML 1.0 Transitional//EN"
    "http://www.w3.org/TR/xhtml1/DTD/xhtml1-transitional.dtd">
<html xmlns="http://www.w3.org/1999/xhtml" xml:lang="en" lang="en">
 <head>
  <title>
</title>
<meta http-equiv="Content-Type" content="text/html;charset=utf-8" />
  <meta name='ocr-system' content='tesseract 3.04.00' />
  <meta name='ocr-capabilities' content='ocr_page ocr_carea ocr_par ocr_line ocrx_word'/>
</head>
<body>
  <div class='ocr_page' id='page_1' title='image "./doctorisecstati03denigoog_0504.png"; bbox 0 0 4359 6267; ppageno 0'>
   <div class='ocr_carea' id='block_1_1' title="bbox 835 443 955 507">
    <p class='ocr_par' dir='ltr' id='par_1_1' title="bbox 835 443 955 507">
     <span class='ocr_line' id='line_1_1' title="bbox 835 443 955 507; baseline 0 0"><span class='ocrx_word' id='word_1_1' title='bbox 835 443 955 507; x_wconf 81' lang='lat'><strong>496</strong></span> 
     </span>
    </p>
   </div>
   <div class='ocr_carea' id='block_1_2' title="bbox 834 620 2336 969">
    <p class='ocr_par' dir='ltr' id='par_1_2' title="bbox 836 620 2328 778">
     <span class='ocr_line' id='line_1_2' title="bbox 836 620 2191 704; baseline -0.01 -17"><span class='ocrx_word' id='word_1_2' title='bbox 836 629 1164 704; x_wconf 80' lang='lat' dir='ltr'><strong>Capitulum</strong></span> <span class='ocrx_word' id='word_1_3' title='bbox 1197 631 1381 686; x_wconf 87' lang='lat' dir='ltr'><strong>XXVI.</strong></span> <span class='ocrx_word' id='word_1_4' title='bbox 1414 629 1492 685; x_wconf 88' lang='lat' dir='ltr'><strong>De</strong></span> <span class='ocrx_word' id='word_1_5' title='bbox 1522 625 1766 684; x_wconf 81' lang='lat' dir='ltr'><strong>diversis</strong></span> <span class='ocrx_word' id='word_1_6' title='bbox 1795 620 2191 696; x_wconf 85' lang='lat' dir='ltr'><strong>compunctio-</strong></span> 
     </span>
     <span class='ocr_line' id='line_1_3' title="bbox 907 709 2328 778; baseline -0.008 -2"><span class='ocrx_word' id='word_1_7' title='bbox 907 737 1052 778; x_wconf 88' lang='lat' dir='ltr'><strong>num</strong></span> <span class='ocrx_word' id='word_1_8' title='bbox 1084 719 1273 777; x_wconf 87' lang='lat' dir='ltr'><strong>causis</strong></span> <span class='ocrx_word' id='word_1_9' title='bbox 1333 755 2185 775; x_wconf 92' lang='grc'><strong>..........</strong></span> <span class='ocrx_word' id='word_1_10' title='bbox 2226 709 2328 765; x_wconf 87' lang='grc'><strong>251</strong></span> 
     </span>
    </p>

    <p class='ocr_par' dir='ltr' id='par_1_3' title="bbox 834 800 2336 969">
     <span class='ocr_line' id='line_1_4' title="bbox 834 800 2194 883; baseline -0.01 -15"><span class='ocrx_word' id='word_1_11' title='bbox 834 809 1164 883; x_wconf 71' lang='lat' dir='ltr'><strong>Capitulum</strong></span> <span class='ocrx_word' id='word_1_12' title='bbox 1193 809 1404 864; x_wconf 90' lang='lat' dir='ltr'><strong>XXVII.</strong></span> <span class='ocrx_word' id='word_1_13' title='bbox 1424 809 1501 864; x_wconf 90' lang='lat' dir='ltr'><strong>De</strong></span> <span class='ocrx_word' id='word_1_14' title='bbox 1530 804 1772 862; x_wconf 81' lang='lat' dir='ltr'><strong>diversis</strong></span> <span class='ocrx_word' id='word_1_15' title='bbox 1797 800 2194 874; x_wconf 86' lang='lat' dir='ltr'><strong>compunctio-</strong></span> 
     </span>
     <span class='ocr_line' id='line_1_5' title="bbox 908 887 2336 969; baseline -0.01 -14"><span class='ocrx_word' id='word_1_16' title='bbox 908 915 1053 955; x_wconf 89' lang='lat' dir='ltr'><strong>num</strong></span> <span class='ocrx_word' id='word_1_17' title='bbox 1094 896 1472 969; x_wconf 87' lang='lat' dir='ltr'><strong>qualitatibus</strong></span> <span class='ocrx_word' id='word_1_18' title='bbox 1522 933 2188 950; x_wconf 89' lang='lat'>........</span> <span class='ocrx_word' id='word_1_19' title='bbox 2228 887 2336 941; x_wconf 88' lang='grc'><strong>252</strong></span> 
     </span>
    </p>
   </div>
   <div class='ocr_carea' id='block_1_3' title="bbox 835 986 2338 1425">
    <p class='ocr_par' dir='ltr' id='par_1_4' title="bbox 835 986 2338 1425">
     <span class='ocr_line' id='line_1_6' title="bbox 835 986 2191 1069; baseline -0.009 -15"><span class='ocrx_word' id='word_1_20' title='bbox 835 995 1164 1069; x_wconf 74' lang='lat' dir='ltr'><strong>Capitulum</strong></span> <span class='ocrx_word' id='word_1_21' title='bbox 1186 996 1421 1051; x_wconf 90' lang='lat' dir='ltr'><strong>XXVIII.</strong></span> <span class='ocrx_word' id='word_1_22' title='bbox 1445 990 1825 1064; x_wconf 77' lang='lat' dir='ltr'><strong>interrogatio</strong></span> <span class='ocrx_word' id='word_1_23' title='bbox 1846 990 1916 1045; x_wconf 88' lang='lat' dir='ltr'><strong>de</strong></span> <span class='ocrx_word' id='word_1_24' title='bbox 1941 1004 2008 1045; x_wconf 92' lang='lat' dir='ltr'><strong>eo</strong></span> <span class='ocrx_word' id='word_1_25' title='bbox 2035 986 2191 1059; x_wconf 91' lang='lat' dir='ltr'><strong>quod</strong></span> 
     </span>
     <span class='ocr_line' id='line_1_7' title="bbox 909 1076 2187 1154; baseline -0.009 -12"><span class='ocrx_word' id='word_1_26' title='bbox 909 1101 1027 1141; x_wconf 91' lang='lat' dir='ltr'><strong>non</strong></span> <span class='ocrx_word' id='word_1_27' title='bbox 1057 1084 1133 1141; x_wconf 89' lang='lat' dir='ltr'><strong>sit</strong></span> <span class='ocrx_word' id='word_1_28' title='bbox 1162 1083 1221 1140; x_wconf 92' lang='lat' dir='ltr'><strong>in</strong></span> <span class='ocrx_word' id='word_1_29' title='bbox 1264 1086 1462 1139; x_wconf 89' lang='lat' dir='ltr'><strong>nostra</strong></span> <span class='ocrx_word' id='word_1_30' title='bbox 1497 1082 1776 1154; x_wconf 80' lang='lat' dir='ltr'><strong>potestate</strong></span> <span class='ocrx_word' id='word_1_31' title='bbox 1808 1076 2187 1135; x_wconf 90' lang='lat' dir='ltr'><strong>lacrimarum</strong></span> 
     </span>
     <span class='ocr_line' id='line_1_8' title="bbox 910 1163 2338 1232; baseline -0.011 0"><span class='ocrx_word' id='word_1_32' title='bbox 910 1174 1114 1232; x_wconf 84' lang='lat' dir='ltr'><strong>effusio</strong></span> <span class='ocrx_word' id='word_1_33' title='bbox 1155 1208 2190 1229; x_wconf 91' lang='grc'><strong>............</strong></span> <span class='ocrx_word' id='word_1_34' title='bbox 2231 1163 2338 1217; x_wconf 89' lang='grc'><strong>252</strong></span> 
     </span>
     <span class='ocr_line' id='line_1_9' title="bbox 839 1253 2197 1335; baseline -0.009 -15"><span class='ocrx_word' id='word_1_35' title='bbox 839 1262 1170 1335; x_wconf 73' lang='lat' dir='ltr'><strong>Capitulum</strong></span> <span class='ocrx_word' id='word_1_36' title='bbox 1198 1262 1382 1318; x_wconf 89' lang='lat' dir='ltr'><strong>XXIX.</strong></span> <span class='ocrx_word' id='word_1_37' title='bbox 1414 1257 1730 1330; x_wconf 83' lang='lat' dir='ltr'><strong>Responsio</strong></span> <span class='ocrx_word' id='word_1_38' title='bbox 1759 1258 1831 1313; x_wconf 89' lang='lat' dir='ltr'><strong>de</strong></span> <span class='ocrx_word' id='word_1_39' title='bbox 1866 1253 2197 1312; x_wconf 77' lang='lat' dir='ltr'><strong>diversitate</strong></span> 
     </span>
     <span class='ocr_line' id='line_1_10' title="bbox 911 1342 2197 1425; baseline -0.009 -17"><span class='ocrx_word' id='word_1_40' title='bbox 911 1352 1429 1425; x_wconf 81' lang='lat' dir='ltr'><strong>compunctionum</strong></span> <span class='ocrx_word' id='word_1_41' title='bbox 1479 1364 1610 1422; x_wconf 81' lang='lat' dir='ltr'><strong>quae</strong></span> <span class='ocrx_word' id='word_1_42' title='bbox 1655 1362 1758 1419; x_wconf 93' lang='lat' dir='ltr'><strong>per</strong></span> <span class='ocrx_word' id='word_1_43' title='bbox 1793 1344 2068 1402; x_wconf 82' lang='lat' dir='ltr'><strong>lacrimas</strong></span> <span class='ocrx_word' id='word_1_44' title='bbox 2110 1342 2197 1398; x_wconf 90' lang='lat' dir='ltr'><strong>di-</strong></span> 
     </span>
    </p>
   </div>
   <div class='ocr_carea' id='block_1_4' title="bbox 840 1432 2341 2211">
    <p class='ocr_par' dir='ltr' id='par_1_5' title="bbox 841 1432 2341 1603">
     <span class='ocr_line' id='line_1_11' title="bbox 916 1432 2341 1514; baseline -0.008 -17"><span class='ocrx_word' id='word_1_45' title='bbox 916 1444 1198 1514; x_wconf 83' lang='lat' dir='ltr'><strong>geruntur</strong></span> <span class='ocrx_word' id='word_1_46' title='bbox 1245 1476 2191 1497; x_wconf 90' lang='grc'><strong>...........</strong></span> <span class='ocrx_word' id='word_1_47' title='bbox 2233 1432 2341 1487; x_wconf 93' lang='grc'><strong>252</strong></span> 
     </span>
     <span class='ocr_line' id='line_1_12' title="bbox 841 1521 2201 1603; baseline -0.007 -18"><span class='ocrx_word' id='word_1_48' title='bbox 841 1529 1168 1603; x_wconf 88' lang='lat' dir='ltr'><strong>Capitulum</strong></span> <span class='ocrx_word' id='word_1_49' title='bbox 1191 1529 1349 1584; x_wconf 91' lang='lat' dir='ltr'><strong>XXX.</strong></span> <span class='ocrx_word' id='word_1_50' title='bbox 1364 1528 1528 1594; x_wconf 91' lang='lat' dir='ltr'><strong>Quod</strong></span> <span class='ocrx_word' id='word_1_51' title='bbox 1550 1524 1808 1582; x_wconf 63' lang='lat' dir='ltr'><strong>lacrimae</strong></span> <span class='ocrx_word' id='word_1_52' title='bbox 1829 1539 1944 1579; x_wconf 90' lang='lat' dir='ltr'><strong>non</strong></span> <span class='ocrx_word' id='word_1_53' title='bbox 1968 1521 2084 1577; x_wconf 87' lang='lat' dir='ltr'><strong>sint</strong></span> <span class='ocrx_word' id='word_1_54' title='bbox 2101 1538 2201 1578; x_wconf 91' lang='lat' dir='ltr'><strong>ex-</strong></span> 
     </span>
    </p>

    <p class='ocr_par' dir='ltr' id='par_1_6' title="bbox 911 1612 2197 1691">
     <span class='ocr_line' id='line_1_13' title="bbox 911 1612 2197 1691; baseline -0.007 -17"><span class='ocrx_word' id='word_1_55' title='bbox 911 1620 1272 1691; x_wconf 81' lang='lat' dir='ltr'><strong>torquendae,</strong></span> <span class='ocrx_word' id='word_1_56' title='bbox 1305 1618 1541 1690; x_wconf 86' lang='lat' dir='ltr'><strong>quando</strong></span> <span class='ocrx_word' id='word_1_57' title='bbox 1571 1631 1689 1671; x_wconf 91' lang='lat' dir='ltr'><strong>non</strong></span> <span class='ocrx_word' id='word_1_58' title='bbox 1729 1612 1998 1669; x_wconf 89' lang='lat' dir='ltr'><strong>oriuntur</strong></span> <span class='ocrx_word' id='word_1_59' title='bbox 2026 1626 2197 1683; x_wconf 90' lang='lat' dir='ltr'><strong>spon-</strong></span> 
     </span>
    </p>

    <p class='ocr_par' dir='ltr' id='par_1_7' title="bbox 840 1698 2341 1870">
     <span class='ocr_line' id='line_1_14' title="bbox 911 1698 2341 1765; baseline -0.008 0"><span class='ocrx_word' id='word_1_60' title='bbox 911 1712 1078 1765; x_wconf 89' lang='lat' dir='ltr'><strong>tanee</strong></span> <span class='ocrx_word' id='word_1_61' title='bbox 1154 1744 2193 1764; x_wconf 91' lang='grc'><strong>............</strong></span> <span class='ocrx_word' id='word_1_62' title='bbox 2234 1698 2341 1754; x_wconf 84' lang='grc'><strong>253</strong></span> 
     </span>
     <span class='ocr_line' id='line_1_15' title="bbox 840 1789 2197 1870; baseline -0.008 -15"><span class='ocrx_word' id='word_1_63' title='bbox 840 1797 1170 1870; x_wconf 84' lang='lat' dir='ltr'><strong>Capitulum</strong></span> <span class='ocrx_word' id='word_1_64' title='bbox 1203 1797 1389 1852; x_wconf 91' lang='lat' dir='ltr'><strong>XXXI.</strong></span> <span class='ocrx_word' id='word_1_65' title='bbox 1423 1793 1720 1853; x_wconf 81' lang='lat' dir='ltr'><strong>Sententia</strong></span> <span class='ocrx_word' id='word_1_66' title='bbox 1752 1789 1980 1848; x_wconf 85' lang='lat' dir='ltr'><strong>abbatis</strong></span> <span class='ocrx_word' id='word_1_67' title='bbox 2021 1792 2197 1845; x_wconf 89' lang='lat' dir='ltr'><strong>Anto-</strong></span> 
     </span>
    </p>

    <p class='ocr_par' dir='ltr' id='par_1_8' title="bbox 840 1878 2341 2138">
     <span class='ocr_line' id='line_1_16' title="bbox 913 1878 2341 1943; baseline -0.008 0"><span class='ocrx_word' id='word_1_68' title='bbox 913 1886 996 1943; x_wconf 86' lang='lat' dir='ltr'><strong>nii</strong></span> <span class='ocrx_word' id='word_1_69' title='bbox 1027 1888 1097 1943; x_wconf 93' lang='lat' dir='ltr'><strong>de</strong></span> <span class='ocrx_word' id='word_1_70' title='bbox 1127 1890 1281 1942; x_wconf 87' lang='lat' dir='ltr'><strong>statu</strong></span> <span class='ocrx_word' id='word_1_71' title='bbox 1318 1884 1600 1941; x_wconf 89' lang='lat' dir='ltr'><strong>orationis</strong></span> <span class='ocrx_word' id='word_1_72' title='bbox 1623 1923 2193 1939; x_wconf 93' lang='grc'><strong>.......</strong></span> <span class='ocrx_word' id='word_1_73' title='bbox 2234 1878 2341 1933; x_wconf 91' lang='grc'><strong>253</strong></span> 
     </span>
     <span class='ocr_line' id='line_1_17' title="bbox 840 1966 2341 2047; baseline -0.005 -16"><span class='ocrx_word' id='word_1_74' title='bbox 840 1975 1170 2047; x_wconf 83' lang='lat' dir='ltr'><strong>Capitulum</strong></span> <span class='ocrx_word' id='word_1_75' title='bbox 1199 1976 1409 2030; x_wconf 88' lang='lat' dir='ltr'><strong>XXXII.</strong></span> <span class='ocrx_word' id='word_1_76' title='bbox 1428 1974 1507 2029; x_wconf 91' lang='lat' dir='ltr'><strong>De</strong></span> <span class='ocrx_word' id='word_1_77' title='bbox 1536 1969 1926 2031; x_wconf 84' lang='lat' dir='ltr'><strong>exauditionis</strong></span> <span class='ocrx_word' id='word_1_78' title='bbox 1957 1968 2191 2025; x_wconf 89' lang='lat' dir='ltr'><strong>indici0.</strong></span> <span class='ocrx_word' id='word_1_79' title='bbox 2234 1966 2341 2023; x_wconf 86' lang='grc'><strong>253</strong></span> 
     </span>
     <span class='ocr_line' id='line_1_18' title="bbox 841 2058 2198 2138; baseline -0.008 -15"><span class='ocrx_word' id='word_1_80' title='bbox 841 2064 1172 2138; x_wconf 82' lang='lat' dir='ltr'><strong>Capitulum</strong></span> <span class='ocrx_word' id='word_1_81' title='bbox 1211 2065 1452 2119; x_wconf 91' lang='lat' dir='ltr'><strong>XXXIII.</strong></span> <span class='ocrx_word' id='word_1_82' title='bbox 1481 2061 1758 2135; x_wconf 82' lang='lat' dir='ltr'><strong>objectio,</strong></span> <span class='ocrx_word' id='word_1_83' title='bbox 1794 2061 1950 2132; x_wconf 89' lang='lat' dir='ltr'><strong>quod</strong></span> <span class='ocrx_word' id='word_1_84' title='bbox 1988 2058 2198 2131; x_wconf 82' lang='lat' dir='ltr'><strong>praedi-</strong></span> 
     </span>
    </p>

    <p class='ocr_par' dir='ltr' id='par_1_9' title="bbox 915 2148 2196 2211">
     <span class='ocr_line' id='line_1_19' title="bbox 915 2148 2196 2211; baseline -0.008 0"><span class='ocrx_word' id='word_1_85' title='bbox 915 2158 1007 2211; x_wconf 88' lang='lat' dir='ltr'><strong>cta</strong></span> <span class='ocrx_word' id='word_1_86' title='bbox 1034 2152 1426 2211; x_wconf 85' lang='lat' dir='ltr'><strong>exauditionis</strong></span> <span class='ocrx_word' id='word_1_87' title='bbox 1455 2150 1670 2207; x_wconf 80' lang='lat' dir='ltr'><strong>fiducia</strong></span> <span class='ocrx_word' id='word_1_88' title='bbox 1707 2148 1936 2207; x_wconf 88' lang='lat' dir='ltr'><strong>Sanctis</strong></span> <span class='ocrx_word' id='word_1_89' title='bbox 1964 2151 2196 2204; x_wconf 85' lang='lat' dir='ltr'><strong>tantum</strong></span> 
     </span>
    </p>
   </div>
   <div class='ocr_carea' id='block_1_5' title="bbox 842 2236 2343 2397">
    <p class='ocr_par' dir='ltr' id='par_1_10' title="bbox 842 2236 2343 2397">
     <span class='ocr_line' id='line_1_20' title="bbox 916 2236 2343 2299; baseline -0.006 0"><span class='ocrx_word' id='word_1_90' title='bbox 916 2242 1222 2299; x_wconf 79' lang='lat' dir='ltr'><strong>conveniat</strong></span> <span class='ocrx_word' id='word_1_91' title='bbox 1251 2280 2193 2298; x_wconf 93' lang='grc'><strong>...........</strong></span> <span class='ocrx_word' id='word_1_92' title='bbox 2235 2236 2343 2292; x_wconf 84' lang='grc'><strong>254</strong></span> 
     </span>
     <span class='ocr_line' id='line_1_21' title="bbox 842 2318 2201 2397; baseline -0.005 -17"><span class='ocrx_word' id='word_1_93' title='bbox 842 2324 1172 2397; x_wconf 88' lang='lat' dir='ltr'><strong>Capitulum</strong></span> <span class='ocrx_word' id='word_1_94' title='bbox 1217 2322 1449 2379; x_wconf 84' lang='lat' dir='ltr'><strong>XXXIV.</strong></span> <span class='ocrx_word' id='word_1_95' title='bbox 1481 2320 1796 2394; x_wconf 88' lang='lat' dir='ltr'><strong>Responsio</strong></span> <span class='ocrx_word' id='word_1_96' title='bbox 1839 2320 1910 2376; x_wconf 91' lang='lat' dir='ltr'><strong>de</strong></span> <span class='ocrx_word' id='word_1_97' title='bbox 1957 2318 2201 2375; x_wconf 80' lang='lat' dir='ltr'><strong>diversis</strong></span> 
     </span>
    </p>
   </div>
   <div class='ocr_carea' id='block_1_6' title="bbox 843 2408 2342 2822">
    <p class='ocr_par' dir='ltr' id='par_1_11' title="bbox 845 2408 2342 2574">
     <span class='ocr_line' id='line_1_22' title="bbox 912 2408 2342 2470; baseline -0.006 0"><span class='ocrx_word' id='word_1_98' title='bbox 912 2411 1357 2470; x_wconf 82' lang='lat' dir='ltr'><strong>exauditionum</strong></span> <span class='ocrx_word' id='word_1_99' title='bbox 1399 2411 1590 2467; x_wconf 86' lang='lat' dir='ltr'><strong>causis</strong></span> <span class='ocrx_word' id='word_1_100' title='bbox 1622 2452 2194 2466; x_wconf 93' lang='grc'><strong>.......</strong></span> <span class='ocrx_word' id='word_1_101' title='bbox 2235 2408 2342 2463; x_wconf 85' lang='grc'><strong>254</strong></span> 
     </span>
     <span class='ocr_line' id='line_1_23' title="bbox 845 2495 2196 2574; baseline -0.004 -17"><span class='ocrx_word' id='word_1_102' title='bbox 845 2500 1178 2574; x_wconf 89' lang='lat' dir='ltr'><strong>Capitulum</strong></span> <span class='ocrx_word' id='word_1_103' title='bbox 1209 2500 1415 2556; x_wconf 88' lang='lat' dir='ltr'><strong>XXXV.</strong></span> <span class='ocrx_word' id='word_1_104' title='bbox 1448 2500 1526 2556; x_wconf 88' lang='lat' dir='ltr'><strong>De</strong></span> <span class='ocrx_word' id='word_1_105' title='bbox 1564 2498 1823 2555; x_wconf 89' lang='lat' dir='ltr'><strong>oratione</strong></span> <span class='ocrx_word' id='word_1_106' title='bbox 1853 2497 2008 2554; x_wconf 88' lang='lat' dir='ltr'><strong>intra</strong></span> <span class='ocrx_word' id='word_1_107' title='bbox 2035 2495 2196 2553; x_wconf 91' lang='lat' dir='ltr'><strong>cubi-</strong></span> 
     </span>
    </p>

    <p class='ocr_par' dir='ltr' id='par_1_12' title="bbox 843 2583 2342 2748">
     <span class='ocr_line' id='line_1_24' title="bbox 914 2583 2342 2645; baseline -0.003 -2"><span class='ocrx_word' id='word_1_108' title='bbox 914 2586 1114 2645; x_wconf 87' lang='lat' dir='ltr'><strong>culum</strong></span> <span class='ocrx_word' id='word_1_109' title='bbox 1143 2589 1201 2644; x_wconf 91' lang='lat' dir='ltr'><strong>et</strong></span> <span class='ocrx_word' id='word_1_110' title='bbox 1232 2586 1429 2643; x_wconf 87' lang='lat' dir='ltr'><strong>clauso</strong></span> <span class='ocrx_word' id='word_1_111' title='bbox 1457 2585 1604 2643; x_wconf 87' lang='lat' dir='ltr'><strong>ostio</strong></span> <span class='ocrx_word' id='word_1_112' title='bbox 1631 2583 1912 2642; x_wconf 84' lang='lat' dir='ltr'><strong>facienda.</strong></span> <span class='ocrx_word' id='word_1_113' title='bbox 1995 2629 2006 2641; x_wconf 96' lang='lat'><strong>.</strong></span> <span class='ocrx_word' id='word_1_114' title='bbox 2089 2627 2100 2639; x_wconf 93' lang='lat'><strong>.</strong></span> <span class='ocrx_word' id='word_1_115' title='bbox 2181 2627 2193 2639; x_wconf 95' lang='lat'><strong>.</strong></span> <span class='ocrx_word' id='word_1_116' title='bbox 2236 2584 2342 2639; x_wconf 89' lang='grc'><strong>256</strong></span> 
     </span>
     <span class='ocr_line' id='line_1_25' title="bbox 843 2672 2200 2748; baseline -0.004 -15"><span class='ocrx_word' id='word_1_117' title='bbox 843 2675 1174 2748; x_wconf 89' lang='lat' dir='ltr'><strong>Capitulum</strong></span> <span class='ocrx_word' id='word_1_118' title='bbox 1213 2676 1444 2731; x_wconf 89' lang='lat' dir='ltr'><strong>XXXVI.</strong></span> <span class='ocrx_word' id='word_1_119' title='bbox 1495 2675 1573 2731; x_wconf 92' lang='lat' dir='ltr'><strong>De</strong></span> <span class='ocrx_word' id='word_1_120' title='bbox 1603 2673 1850 2731; x_wconf 89' lang='lat' dir='ltr'><strong>utilitate</strong></span> <span class='ocrx_word' id='word_1_121' title='bbox 1897 2672 2085 2730; x_wconf 82' lang='lat' dir='ltr'><strong>brevis</strong></span> <span class='ocrx_word' id='word_1_122' title='bbox 2129 2688 2200 2728; x_wconf 90' lang='lat' dir='ltr'><strong>ac</strong></span> 
     </span>
    </p>

    <p class='ocr_par' dir='ltr' id='par_1_13' title="bbox 915 2762 2341 2822">
     <span class='ocr_line' id='line_1_26' title="bbox 915 2762 2341 2822; baseline -0.003 -1"><span class='ocrx_word' id='word_1_123' title='bbox 915 2764 1106 2822; x_wconf 80' lang='lat' dir='ltr'><strong>tacitae</strong></span> <span class='ocrx_word' id='word_1_124' title='bbox 1153 2764 1433 2821; x_wconf 87' lang='lat' dir='ltr'><strong>orationis</strong></span> <span class='ocrx_word' id='word_1_125' title='bbox 1440 2805 2193 2821; x_wconf 91' lang='lat'><strong>.........</strong></span> <span class='ocrx_word' id='word_1_126' title='bbox 2234 2762 2341 2817; x_wconf 86' lang='grc'><strong>256</strong></span> 
     </span>
    </p>
   </div>
   <div class='ocr_carea' id='block_1_7' title="bbox 843 2932 2338 3115">
    <p class='ocr_par' dir='ltr' id='par_1_14' title="bbox 843 2932 2338 3115">
     <span class='ocr_line' id='line_1_27' title="bbox 843 2932 2199 3024; baseline -0.004 -16"><span class='ocrx_word' id='word_1_127' title='bbox 843 2945 1140 3009; x_wconf 65' lang='lat' dir='ltr'><strong>Commo</strong></span> <span class='ocrx_word' id='word_1_128' title='bbox 1178 2960 1407 3007; x_wconf 71' lang='lat' dir='ltr'><strong>nsum</strong></span> <span class='ocrx_word' id='word_1_129' title='bbox 1435 2942 1724 3024; x_wconf 85' lang='lat' dir='ltr'><strong>(Abbatis</strong></span> <span class='ocrx_word' id='word_1_130' title='bbox 1765 2932 1936 3004; x_wconf 82' lang='lat' dir='ltr'><strong>Isaac</strong></span> <span class='ocrx_word' id='word_1_131' title='bbox 1975 2960 2199 3004; x_wconf 88' lang='lat' dir='ltr'><strong>secun-</strong></span> 
     </span>
     <span class='ocr_line' id='line_1_28' title="bbox 922 3032 2338 3115; baseline -0.001 -18"><span class='ocrx_word' id='word_1_132' title='bbox 922 3035 1046 3115; x_wconf 91' lang='lat' dir='ltr'><strong>da).</strong></span> <span class='ocrx_word' id='word_1_133' title='bbox 1083 3034 1169 3096; x_wconf 86' lang='lat' dir='ltr'><strong>De</strong></span> <span class='ocrx_word' id='word_1_134' title='bbox 1197 3032 1502 3097; x_wconf 85' lang='lat' dir='ltr'><strong>orationis</strong></span> <span class='ocrx_word' id='word_1_135' title='bbox 1528 3032 1796 3113; x_wconf 86' lang='lat' dir='ltr'><strong>jugitate</strong></span> <span class='ocrx_word' id='word_1_136' title='bbox 1803 3084 2190 3096; x_wconf 93' lang='grc'><strong>.....</strong></span> <span class='ocrx_word' id='word_1_137' title='bbox 2232 3040 2338 3095; x_wconf 81' lang='grc'><strong>257</strong></span> 
     </span>
    </p>
   </div>
   <div class='ocr_carea' id='block_1_8' title="bbox 837 3202 2343 5326">
    <p class='ocr_par' dir='ltr' id='par_1_15' title="bbox 837 3202 2343 5326">
     <span class='ocr_line' id='line_1_29' title="bbox 845 3202 2341 3278; baseline -0.003 -17"><span class='ocrx_word' id='word_1_138' title='bbox 845 3204 1174 3278; x_wconf 89' lang='lat' dir='ltr'><strong>Capitulum</strong></span> <span class='ocrx_word' id='word_1_139' title='bbox 1207 3206 1246 3260; x_wconf 92' lang='lat' dir='ltr'><strong>I.</strong></span> <span class='ocrx_word' id='word_1_140' title='bbox 1279 3202 1634 3261; x_wconf 88' lang='lat' dir='ltr'><strong>Prooemium</strong></span> <span class='ocrx_word' id='word_1_141' title='bbox 1713 3244 2194 3258; x_wconf 94' lang='grc'><strong>......</strong></span> <span class='ocrx_word' id='word_1_142' title='bbox 2234 3202 2341 3257; x_wconf 85' lang='grc'><strong>257</strong></span> 
     </span>
     <span class='ocr_line' id='line_1_30' title="bbox 843 3290 2197 3367; baseline -0.003 -18"><span class='ocrx_word' id='word_1_143' title='bbox 843 3293 1174 3367; x_wconf 88' lang='lat' dir='ltr'><strong>Capitulum</strong></span> <span class='ocrx_word' id='word_1_144' title='bbox 1233 3294 1298 3349; x_wconf 85' lang='lat'><strong>11.</strong></span> <span class='ocrx_word' id='word_1_145' title='bbox 1353 3294 1429 3348; x_wconf 88' lang='lat' dir='ltr'><strong>De</strong></span> <span class='ocrx_word' id='word_1_146' title='bbox 1490 3290 1887 3348; x_wconf 80' lang='lat' dir='ltr'><strong>observatione</strong></span> <span class='ocrx_word' id='word_1_147' title='bbox 1944 3306 2076 3362; x_wconf 82' lang='lat' dir='ltr'><strong>quae</strong></span> <span class='ocrx_word' id='word_1_148' title='bbox 2137 3290 2197 3345; x_wconf 88' lang='lat' dir='ltr'><strong>in</strong></span> 
     </span>
     <span class='ocr_line' id='line_1_31' title="bbox 915 3378 2202 3455; baseline -0.002 -17"><span class='ocrx_word' id='word_1_149' title='bbox 915 3385 1156 3455; x_wconf 77' lang='lat' dir='ltr'><strong>AEgypto</strong></span> <span class='ocrx_word' id='word_1_150' title='bbox 1213 3384 1441 3439; x_wconf 88' lang='lat' dir='ltr'><strong>tenetur</strong></span> <span class='ocrx_word' id='word_1_151' title='bbox 1492 3382 1563 3437; x_wconf 91' lang='lat' dir='ltr'><strong>de</strong></span> <span class='ocrx_word' id='word_1_152' title='bbox 1615 3378 2038 3453; x_wconf 76' lang='lat' dir='ltr'><strong>significatione</strong></span> <span class='ocrx_word' id='word_1_153' title='bbox 2093 3380 2202 3436; x_wconf 86' lang='lat' dir='ltr'><strong>Pa-</strong></span> 
     </span>
     <span class='ocr_line' id='line_1_32' title="bbox 913 3470 2343 3527; baseline -0.002 0"><span class='ocrx_word' id='word_1_154' title='bbox 913 3472 1068 3527; x_wconf 81' lang='lat' dir='ltr'><strong>schae</strong></span> <span class='ocrx_word' id='word_1_155' title='bbox 1068 3513 2195 3527; x_wconf 93' lang='grc'><strong>.............</strong></span> <span class='ocrx_word' id='word_1_156' title='bbox 2236 3470 2343 3525; x_wconf 86' lang='grc'><strong>257</strong></span> 
     </span>
     <span class='ocr_line' id='line_1_33' title="bbox 843 3556 2201 3632; baseline -0.003 -16"><span class='ocrx_word' id='word_1_157' title='bbox 843 3559 1172 3632; x_wconf 88' lang='lat' dir='ltr'><strong>Capitulum</strong></span> <span class='ocrx_word' id='word_1_158' title='bbox 1223 3560 1316 3615; x_wconf 91' lang='lat' dir='ltr'><strong>III.</strong></span> <span class='ocrx_word' id='word_1_159' title='bbox 1367 3560 1444 3617; x_wconf 88' lang='lat' dir='ltr'><strong>De</strong></span> <span class='ocrx_word' id='word_1_160' title='bbox 1499 3557 1705 3615; x_wconf 87' lang='lat' dir='ltr'><strong>abbate</strong></span> <span class='ocrx_word' id='word_1_161' title='bbox 1761 3556 2092 3629; x_wconf 83' lang='lat' dir='ltr'><strong>Serapione,</strong></span> <span class='ocrx_word' id='word_1_162' title='bbox 2143 3560 2201 3613; x_wconf 91' lang='lat' dir='ltr'><strong>et</strong></span> 
     </span>
     <span class='ocr_line' id='line_1_34' title="bbox 917 3646 2198 3721; baseline -0.002 -17"><span class='ocrx_word' id='word_1_163' title='bbox 917 3647 1645 3721; x_wconf 85' lang='lat' dir='ltr'><strong>Anthropomorphitarum</strong></span> <span class='ocrx_word' id='word_1_164' title='bbox 1679 3646 1906 3712; x_wconf 81' lang='lat' dir='ltr'><strong>haeresi,</strong></span> <span class='ocrx_word' id='word_1_165' title='bbox 1930 3662 2105 3717; x_wconf 90' lang='lat' dir='ltr'><strong>quam</strong></span> <span class='ocrx_word' id='word_1_166' title='bbox 2127 3663 2198 3704; x_wconf 86' lang='lat' dir='ltr'><strong>ex</strong></span> 
     </span>
     <span class='ocr_line' id='line_1_35' title="bbox 914 3736 2343 3811; baseline -0.001 -17"><span class='ocrx_word' id='word_1_167' title='bbox 914 3737 1288 3811; x_wconf 77' lang='lat' dir='ltr'><strong>simplicitate</strong></span> <span class='ocrx_word' id='word_1_168' title='bbox 1336 3736 1580 3793; x_wconf 87' lang='lat' dir='ltr'><strong>incurrit</strong></span> <span class='ocrx_word' id='word_1_169' title='bbox 1627 3780 2196 3792; x_wconf 92' lang='grc'><strong>.......</strong></span> <span class='ocrx_word' id='word_1_170' title='bbox 2235 3738 2343 3793; x_wconf 91' lang='grc'><strong>257</strong></span> 
     </span>
     <span class='ocr_line' id='line_1_36' title="bbox 844 3825 2203 3901; baseline -0.002 -16"><span class='ocrx_word' id='word_1_171' title='bbox 844 3826 1175 3901; x_wconf 88' lang='lat' dir='ltr'><strong>Capitulum</strong></span> <span class='ocrx_word' id='word_1_172' title='bbox 1217 3828 1304 3882; x_wconf 89' lang='lat' dir='ltr'><strong>IV.</strong></span> <span class='ocrx_word' id='word_1_173' title='bbox 1339 3826 1415 3883; x_wconf 88' lang='lat' dir='ltr'><strong>De</strong></span> <span class='ocrx_word' id='word_1_174' title='bbox 1455 3825 1644 3882; x_wconf 89' lang='lat' dir='ltr'><strong>reditu</strong></span> <span class='ocrx_word' id='word_1_175' title='bbox 1685 3827 1882 3881; x_wconf 87' lang='lat' dir='ltr'><strong>nostro</strong></span> <span class='ocrx_word' id='word_1_176' title='bbox 1920 3826 1994 3881; x_wconf 90' lang='lat' dir='ltr'><strong>ad</strong></span> <span class='ocrx_word' id='word_1_177' title='bbox 2032 3827 2203 3883; x_wconf 88' lang='lat' dir='ltr'><strong>abba·</strong></span> 
     </span>
     <span class='ocr_line' id='line_1_37' title="bbox 917 3914 2198 3987; baseline 0 -16"><span class='ocrx_word' id='word_1_178' title='bbox 917 3920 1033 3974; x_wconf 89' lang='lat' dir='ltr'><strong>tem</strong></span> <span class='ocrx_word' id='word_1_179' title='bbox 1067 3918 1244 3981; x_wconf 89' lang='lat' dir='ltr'><strong>Isaac,</strong></span> <span class='ocrx_word' id='word_1_180' title='bbox 1275 3919 1333 3973; x_wconf 91' lang='lat' dir='ltr'><strong>et</strong></span> <span class='ocrx_word' id='word_1_181' title='bbox 1361 3914 1736 3987; x_wconf 83' lang='lat' dir='ltr'><strong>inquisitione</strong></span> <span class='ocrx_word' id='word_1_182' title='bbox 1769 3914 1985 3971; x_wconf 85' lang='lat' dir='ltr'><strong>erroris</strong></span> <span class='ocrx_word' id='word_1_183' title='bbox 2023 3933 2198 3987; x_wconf 90' lang='lat' dir='ltr'><strong>quem</strong></span> 
     </span>
     <span class='ocr_line' id='line_1_38' title="bbox 916 4004 2343 4079; baseline -0.001 -16"><span class='ocrx_word' id='word_1_184' title='bbox 916 4005 1228 4079; x_wconf 79' lang='lat' dir='ltr'><strong>proedictus</strong></span> <span class='ocrx_word' id='word_1_185' title='bbox 1257 4020 1432 4062; x_wconf 84' lang='lat' dir='ltr'><strong>senex</strong></span> <span class='ocrx_word' id='word_1_186' title='bbox 1466 4004 1714 4061; x_wconf 81' lang='lat' dir='ltr'><strong>incurrit</strong></span> <span class='ocrx_word' id='word_1_187' title='bbox 1720 4048 2193 4060; x_wconf 91' lang='grc'><strong>......</strong></span> <span class='ocrx_word' id='word_1_188' title='bbox 2235 4006 2343 4061; x_wconf 88' lang='grc'><strong>258</strong></span> 
     </span>
     <span class='ocr_line' id='line_1_39' title="bbox 845 4092 2202 4167; baseline -0.001 -16"><span class='ocrx_word' id='word_1_189' title='bbox 845 4093 1176 4167; x_wconf 86' lang='lat' dir='ltr'><strong>Capitulum</strong></span> <span class='ocrx_word' id='word_1_190' title='bbox 1207 4095 1269 4148; x_wconf 90' lang='lat' dir='ltr'><strong>V.</strong></span> <span class='ocrx_word' id='word_1_191' title='bbox 1303 4092 1618 4165; x_wconf 87' lang='lat' dir='ltr'><strong>Responsio</strong></span> <span class='ocrx_word' id='word_1_192' title='bbox 1649 4093 1718 4150; x_wconf 89' lang='lat' dir='ltr'><strong>de</strong></span> <span class='ocrx_word' id='word_1_193' title='bbox 1748 4092 1973 4165; x_wconf 87' lang='lat' dir='ltr'><strong>origine</strong></span> <span class='ocrx_word' id='word_1_194' title='bbox 2003 4092 2202 4165; x_wconf 80' lang='lat' dir='ltr'><strong>prael&#39;a-</strong></span> 
     </span>
     <span class='ocr_line' id='line_1_40' title="bbox 913 4182 2342 4240; baseline -0.001 0"><span class='ocrx_word' id='word_1_195' title='bbox 913 4188 990 4240; x_wconf 81' lang='lat' dir='ltr'><strong>tae</strong></span> <span class='ocrx_word' id='word_1_196' title='bbox 1033 4182 1271 4240; x_wconf 83' lang='lat' dir='ltr'><strong>haeresis</strong></span> <span class='ocrx_word' id='word_1_197' title='bbox 1347 4226 2195 4239; x_wconf 91' lang='grc'><strong>..........</strong></span> <span class='ocrx_word' id='word_1_198' title='bbox 2237 4184 2342 4239; x_wconf 83' lang='grc'><strong>258</strong></span> 
     </span>
     <span class='ocr_line' id='line_1_41' title="bbox 844 4270 2200 4347; baseline -0.003 -16"><span class='ocrx_word' id='word_1_199' title='bbox 844 4273 1175 4347; x_wconf 89' lang='lat' dir='ltr'><strong>Capitulum</strong></span> <span class='ocrx_word' id='word_1_200' title='bbox 1213 4273 1302 4328; x_wconf 86' lang='lat' dir='ltr'><strong>VI.</strong></span> <span class='ocrx_word' id='word_1_201' title='bbox 1343 4273 1424 4328; x_wconf 88' lang='lat' dir='ltr'><strong>Ex</strong></span> <span class='ocrx_word' id='word_1_202' title='bbox 1464 4271 1676 4345; x_wconf 89' lang='lat' dir='ltr'><strong>quibus</strong></span> <span class='ocrx_word' id='word_1_203' title='bbox 1714 4270 1904 4329; x_wconf 88' lang='lat' dir='ltr'><strong>causis</strong></span> <span class='ocrx_word' id='word_1_204' title='bbox 1941 4270 2200 4327; x_wconf 87' lang='lat' dir='ltr'><strong>Christus</strong></span> 
     </span>
     <span class='ocr_line' id='line_1_42' title="bbox 915 4361 2203 4436; baseline -0.003 -16"><span class='ocrx_word' id='word_1_205' title='bbox 915 4366 1191 4436; x_wconf 84' lang='lat' dir='ltr'><strong>appareat</strong></span> <span class='ocrx_word' id='word_1_206' title='bbox 1233 4362 1440 4435; x_wconf 87' lang='lat' dir='ltr'><strong>cuique</strong></span> <span class='ocrx_word' id='word_1_207' title='bbox 1478 4364 1580 4418; x_wconf 89' lang='lat' dir='ltr'><strong>aut</strong></span> <span class='ocrx_word' id='word_1_208' title='bbox 1607 4361 1850 4418; x_wconf 88' lang='lat' dir='ltr'><strong>humilis</strong></span> <span class='ocrx_word' id='word_1_209' title='bbox 1887 4364 1988 4417; x_wconf 90' lang='lat' dir='ltr'><strong>aut</strong></span> <span class='ocrx_word' id='word_1_210' title='bbox 2026 4361 2203 4434; x_wconf 86' lang='lat' dir='ltr'><strong>glori-</strong></span> 
     </span>
     <span class='ocr_line' id='line_1_43' title="bbox 855 4452 2343 4509; baseline -0.001 -1"><span class='ocrx_word' id='word_1_211' title='bbox 855 4466 872 4481; x_wconf 62' lang='lat'>*</span> <span class='ocrx_word' id='word_1_212' title='bbox 917 4453 1122 4509; x_wconf 86' lang='lat' dir='ltr'><strong>ficatus</strong></span> <span class='ocrx_word' id='word_1_213' title='bbox 1160 4494 2194 4507; x_wconf 88' lang='grc'><strong>............</strong></span> <span class='ocrx_word' id='word_1_214' title='bbox 2236 4452 2343 4506; x_wconf 87' lang='grc'><strong>259</strong></span> 
     </span>
     <span class='ocr_line' id='line_1_44' title="bbox 846 4538 2202 4615; baseline -0.002 -17"><span class='ocrx_word' id='word_1_215' title='bbox 846 4541 1174 4615; x_wconf 88' lang='lat' dir='ltr'><strong>Capitulum</strong></span> <span class='ocrx_word' id='word_1_216' title='bbox 1211 4540 1326 4596; x_wconf 91' lang='lat' dir='ltr'><strong>Vll.</strong></span> <span class='ocrx_word' id='word_1_217' title='bbox 1360 4542 1422 4595; x_wconf 93' lang='lat' dir='ltr'><strong>In</strong></span> <span class='ocrx_word' id='word_1_218' title='bbox 1464 4557 1578 4611; x_wconf 89' lang='lat' dir='ltr'><strong>quo</strong></span> <span class='ocrx_word' id='word_1_219' title='bbox 1617 4540 1894 4595; x_wconf 86' lang='lat' dir='ltr'><strong>consistat</strong></span> <span class='ocrx_word' id='word_1_220' title='bbox 1930 4538 2062 4595; x_wconf 87' lang='lat' dir='ltr'><strong>ssnis</strong></span> <span class='ocrx_word' id='word_1_221' title='bbox 2101 4556 2202 4595; x_wconf 92' lang='lat' dir='ltr'><strong>no-</strong></span> 
     </span>
     <span class='ocr_line' id='line_1_45' title="bbox 915 4628 2343 4701; baseline -0.001 -14"><span class='ocrx_word' id='word_1_222' title='bbox 915 4635 1034 4689; x_wconf 87' lang='lat' dir='ltr'><strong>ster</strong></span> <span class='ocrx_word' id='word_1_223' title='bbox 1062 4647 1164 4687; x_wconf 89' lang='lat' dir='ltr'><strong>seu</strong></span> <span class='ocrx_word' id='word_1_224' title='bbox 1189 4629 1485 4686; x_wconf 83' lang='lat' dir='ltr'><strong>beatitudo</strong></span> <span class='ocrx_word' id='word_1_225' title='bbox 1517 4628 1768 4701; x_wconf 79' lang='lat' dir='ltr'><strong>perfecta</strong></span> <span class='ocrx_word' id='word_1_226' title='bbox 1810 4674 2193 4686; x_wconf 92' lang='lat'><strong>.....</strong></span> <span class='ocrx_word' id='word_1_227' title='bbox 2234 4630 2343 4687; x_wconf 89' lang='grc'><strong>260</strong></span> 
     </span>
     <span class='ocr_line' id='line_1_46' title="bbox 844 4718 2199 4795; baseline -0.002 -16"><span class='ocrx_word' id='word_1_228' title='bbox 844 4720 1174 4795; x_wconf 90' lang='lat' dir='ltr'><strong>Capitulum</strong></span> <span class='ocrx_word' id='word_1_229' title='bbox 1198 4721 1242 4774; x_wconf 87' lang='lat' dir='ltr'><strong>V</strong></span> <span class='ocrx_word' id='word_1_230' title='bbox 1249 4720 1338 4775; x_wconf 92' lang='lat' dir='ltr'><strong>III.</strong></span> <span class='ocrx_word' id='word_1_231' title='bbox 1364 4718 1743 4790; x_wconf 84' lang='lat' dir='ltr'><strong>Interrogatio</strong></span> <span class='ocrx_word' id='word_1_232' title='bbox 1773 4720 1842 4775; x_wconf 94' lang='lat' dir='ltr'><strong>de</strong></span> <span class='ocrx_word' id='word_1_233' title='bbox 1872 4719 2199 4776; x_wconf 88' lang='lat' dir='ltr'><strong>eruditione</strong></span> 
     </span>
     <span class='ocr_line' id='line_1_47' title="bbox 914 4808 2199 4884; baseline -0.003 -17"><span class='ocrx_word' id='word_1_234' title='bbox 914 4808 1286 4884; x_wconf 84' lang='lat' dir='ltr'><strong>perfectionis</strong></span> <span class='ocrx_word' id='word_1_235' title='bbox 1325 4823 1428 4880; x_wconf 86' lang='lat' dir='ltr'><strong>per</strong></span> <span class='ocrx_word' id='word_1_236' title='bbox 1460 4823 1636 4879; x_wconf 87' lang='lat' dir='ltr'><strong>quam</strong></span> <span class='ocrx_word' id='word_1_237' title='bbox 1677 4808 1968 4880; x_wconf 88' lang='lat' dir='ltr'><strong>possimus</strong></span> <span class='ocrx_word' id='word_1_238' title='bbox 2005 4809 2080 4863; x_wconf 88' lang='lat' dir='ltr'><strong>ad</strong></span> <span class='ocrx_word' id='word_1_239' title='bbox 2115 4808 2199 4863; x_wconf 88' lang='lat' dir='ltr'><strong>in-</strong></span> 
     </span>
     <span class='ocr_line' id='line_1_48' title="bbox 913 4896 2341 4968; baseline -0.002 -11"><span class='ocrx_word' id='word_1_240' title='bbox 913 4900 1274 4957; x_wconf 89' lang='lat' dir='ltr'><strong>desinentem</strong></span> <span class='ocrx_word' id='word_1_241' title='bbox 1326 4896 1424 4954; x_wconf 91' lang='lat' dir='ltr'><strong>Dei</strong></span> <span class='ocrx_word' id='word_1_242' title='bbox 1475 4896 1822 4953; x_wconf 84' lang='lat' dir='ltr'><strong>memoriam</strong></span> <span class='ocrx_word' id='word_1_243' title='bbox 1877 4897 2191 4968; x_wconf 81' lang='lat' dir='ltr'><strong>pervenIre.</strong></span> <span class='ocrx_word' id='word_1_244' title='bbox 2234 4899 2341 4954; x_wconf 83' lang='lat'><strong>260</strong></span> 
     </span>
     <span class='ocr_line' id='line_1_49' title="bbox 841 4985 2196 5063; baseline -0.002 -16"><span class='ocrx_word' id='word_1_245' title='bbox 841 4989 1171 5063; x_wconf 88' lang='lat' dir='ltr'><strong>Capitulum</strong></span> <span class='ocrx_word' id='word_1_246' title='bbox 1205 4988 1290 5043; x_wconf 82' lang='lat' dir='ltr'><strong>lx.</strong></span> <span class='ocrx_word' id='word_1_247' title='bbox 1326 4987 1402 5043; x_wconf 92' lang='lat' dir='ltr'><strong>De</strong></span> <span class='ocrx_word' id='word_1_248' title='bbox 1434 4986 1691 5043; x_wconf 85' lang='lat' dir='ltr'><strong>efficacia</strong></span> <span class='ocrx_word' id='word_1_249' title='bbox 1728 4985 2056 5043; x_wconf 87' lang='lat' dir='ltr'><strong>intellectus</strong></span> <span class='ocrx_word' id='word_1_250' title='bbox 2093 4987 2196 5060; x_wconf 90' lang='lat' dir='ltr'><strong>qui</strong></span> 
     </span>
     <span class='ocr_line' id='line_1_50' title="bbox 913 5074 2334 5151; baseline -0.002 -15"><span class='ocrx_word' id='word_1_251' title='bbox 913 5096 1014 5151; x_wconf 90' lang='lat' dir='ltr'><strong>per</strong></span> <span class='ocrx_word' id='word_1_252' title='bbox 1042 5074 1461 5150; x_wconf 84' lang='lat' dir='ltr'><strong>experientiam</strong></span> <span class='ocrx_word' id='word_1_253' title='bbox 1502 5074 1824 5146; x_wconf 84' lang='lat' dir='ltr'><strong>acquiritur</strong></span> <span class='ocrx_word' id='word_1_254' title='bbox 1900 5120 1911 5130; x_wconf 95' lang='lat'><strong>.</strong></span> <span class='ocrx_word' id='word_1_255' title='bbox 1994 5119 2005 5130; x_wconf 92' lang='lat'><strong>.</strong></span> <span class='ocrx_word' id='word_1_256' title='bbox 2088 5120 2098 5130; x_wconf 96' lang='lat'><strong>.</strong></span> <span class='ocrx_word' id='word_1_257' title='bbox 2180 5120 2191 5131; x_wconf 95' lang='lat'><strong>.</strong></span> <span class='ocrx_word' id='word_1_258' title='bbox 2234 5078 2334 5134; x_wconf 90' lang='grc'><strong>261</strong></span> 
     </span>
     <span class='ocr_line' id='line_1_51' title="bbox 837 5162 2197 5241; baseline -0.004 -16"><span class='ocrx_word' id='word_1_259' title='bbox 837 5168 1166 5241; x_wconf 88' lang='lat' dir='ltr'><strong>Capitulum</strong></span> <span class='ocrx_word' id='word_1_260' title='bbox 1208 5167 1270 5221; x_wconf 91' lang='lat' dir='ltr'><strong>X.</strong></span> <span class='ocrx_word' id='word_1_261' title='bbox 1305 5165 1382 5221; x_wconf 85' lang='lat' dir='ltr'><strong>De</strong></span> <span class='ocrx_word' id='word_1_262' title='bbox 1422 5162 1785 5220; x_wconf 88' lang='lat' dir='ltr'><strong>institutione</strong></span> <span class='ocrx_word' id='word_1_263' title='bbox 1824 5182 1892 5219; x_wconf 89' lang='lat' dir='ltr'><strong>ac</strong></span> <span class='ocrx_word' id='word_1_264' title='bbox 1929 5164 2197 5221; x_wconf 89' lang='lat' dir='ltr'><strong>doctrina</strong></span> 
     </span>
     <span class='ocr_line' id='line_1_52' title="bbox 908 5252 2333 5326; baseline -0.004 -11"><span class='ocrx_word' id='word_1_265' title='bbox 908 5255 1186 5315; x_wconf 88' lang='lat' dir='ltr'><strong>orationis</strong></span> <span class='ocrx_word' id='word_1_266' title='bbox 1215 5252 1598 5311; x_wconf 87' lang='lat' dir='ltr'><strong>indesinentis</strong></span> <span class='ocrx_word' id='word_1_267' title='bbox 1626 5269 1726 5309; x_wconf 86' lang='lat' dir='ltr'><strong>seu</strong></span> <span class='ocrx_word' id='word_1_268' title='bbox 1757 5256 2049 5326; x_wconf 77' lang='lat' dir='ltr'><strong>perpetuoe</strong></span> <span class='ocrx_word' id='word_1_269' title='bbox 2083 5298 2092 5309; x_wconf 94' lang='lat'><strong>.</strong></span> <span class='ocrx_word' id='word_1_270' title='bbox 2177 5299 2188 5309; x_wconf 95' lang='lat'><strong>.</strong></span> <span class='ocrx_word' id='word_1_271' title='bbox 2232 5256 2333 5311; x_wconf 89' lang='grc'><strong>261</strong></span> 
     </span>
    </p>
   </div>
   <div class='ocr_carea' id='block_1_9' title="bbox 2102 445 2667 496">
    <p class='ocr_par' dir='ltr' id='par_1_16' title="bbox 2102 445 2667 496">
     <span class='ocr_line' id='line_1_53' title="bbox 2102 445 2667 496; baseline -0.009 0"><span class='ocrx_word' id='word_1_272' title='bbox 2102 448 2290 496; x_wconf 74' lang='grc' dir='ltr'><strong>ῘΝΒΕΧ</strong></span> <span class='ocrx_word' id='word_1_273' title='bbox 2331 445 2667 493; x_wconf 64' lang='lat' dir='ltr'><strong>emimus</strong></span> 
     </span>
    </p>
   </div>
   <div class='ocr_carea' id='block_1_10' title="bbox 2438 606 3943 1404">
    <p class='ocr_par' dir='ltr' id='par_1_17' title="bbox 2438 606 3943 1404">
     <span class='ocr_line' id='line_1_54' title="bbox 2438 606 3794 689; baseline -0.009 -16"><span class='ocrx_word' id='word_1_274' title='bbox 2438 615 2767 689; x_wconf 89' lang='lat' dir='ltr'><strong>Capitulum</strong></span> <span class='ocrx_word' id='word_1_275' title='bbox 2798 616 2885 671; x_wconf 92' lang='lat' dir='ltr'><strong>XI.</strong></span> <span class='ocrx_word' id='word_1_276' title='bbox 2919 615 2997 671; x_wconf 91' lang='lat' dir='ltr'><strong>De</strong></span> <span class='ocrx_word' id='word_1_277' title='bbox 3027 610 3375 687; x_wconf 84' lang='lat' dir='ltr'><strong>perfectione</strong></span> <span class='ocrx_word' id='word_1_278' title='bbox 3412 606 3693 667; x_wconf 88' lang='lat' dir='ltr'><strong>orationis</strong></span> <span class='ocrx_word' id='word_1_279' title='bbox 3721 607 3794 663; x_wconf 89' lang='lat' dir='ltr'><strong>ad</strong></span> 
     </span>
     <span class='ocr_line' id='line_1_55' title="bbox 2512 694 3943 777; baseline -0.009 -14"><span class='ocrx_word' id='word_1_280' title='bbox 2512 721 2690 777; x_wconf 86' lang='lat' dir='ltr'><strong>quam</strong></span> <span class='ocrx_word' id='word_1_281' title='bbox 2722 702 2963 777; x_wconf 64' lang='lat' dir='ltr'><strong>praefata</strong></span> <span class='ocrx_word' id='word_1_282' title='bbox 2988 700 3315 759; x_wconf 86' lang='lat' dir='ltr'><strong>eruditione</strong></span> <span class='ocrx_word' id='word_1_283' title='bbox 3343 697 3697 756; x_wconf 86' lang='lat' dir='ltr'><strong>ascenditur.</strong></span> <span class='ocrx_word' id='word_1_284' title='bbox 3779 740 3791 751; x_wconf 93' lang='lat'><strong>.</strong></span> <span class='ocrx_word' id='word_1_285' title='bbox 3831 694 3943 750; x_wconf 87' lang='grc'><strong>264</strong></span> 
     </span>
     <span class='ocr_line' id='line_1_56' title="bbox 2442 784 3797 867; baseline -0.008 -16"><span class='ocrx_word' id='word_1_286' title='bbox 2442 794 2773 867; x_wconf 89' lang='lat' dir='ltr'><strong>Capitulum</strong></span> <span class='ocrx_word' id='word_1_287' title='bbox 2812 794 2926 848; x_wconf 91' lang='lat' dir='ltr'><strong>XII.</strong></span> <span class='ocrx_word' id='word_1_288' title='bbox 2962 790 3362 864; x_wconf 84' lang='lat' dir='ltr'><strong>iuterrogatio,</strong></span> <span class='ocrx_word' id='word_1_289' title='bbox 3393 786 3643 862; x_wconf 85' lang='lat' dir='ltr'><strong>qualiter</strong></span> <span class='ocrx_word' id='word_1_290' title='bbox 3680 784 3797 858; x_wconf 87' lang='lat' dir='ltr'><strong>spi-</strong></span> 
     </span>
     <span class='ocr_line' id='line_1_57' title="bbox 2512 877 3801 954; baseline -0.008 -13"><span class='ocrx_word' id='word_1_291' title='bbox 2512 883 2752 941; x_wconf 77' lang='lat' dir='ltr'><strong>rituales</strong></span> <span class='ocrx_word' id='word_1_292' title='bbox 2798 881 3177 954; x_wconf 89' lang='lat' dir='ltr'><strong>cogitationes</strong></span> <span class='ocrx_word' id='word_1_293' title='bbox 3219 877 3602 935; x_wconf 87' lang='lat' dir='ltr'><strong>immobiliter</strong></span> <span class='ocrx_word' id='word_1_294' title='bbox 3642 879 3801 933; x_wconf 87' lang='lat' dir='ltr'><strong>tene-</strong></span> 
     </span>
     <span class='ocr_line' id='line_1_58' title="bbox 2518 964 3943 1029; baseline -0.008 0"><span class='ocrx_word' id='word_1_295' title='bbox 2518 977 2693 1029; x_wconf 88' lang='lat' dir='ltr'><strong>antur</strong></span> <span class='ocrx_word' id='word_1_296' title='bbox 2760 1008 3795 1028; x_wconf 92' lang='grc'><strong>............</strong></span> <span class='ocrx_word' id='word_1_297' title='bbox 3833 964 3943 1019; x_wconf 87' lang='grc'><strong>265</strong></span> 
     </span>
     <span class='ocr_line' id='line_1_59' title="bbox 2446 1054 3799 1135; baseline -0.007 -16"><span class='ocrx_word' id='word_1_298' title='bbox 2446 1060 2774 1135; x_wconf 89' lang='lat' dir='ltr'><strong>Capitulum</strong></span> <span class='ocrx_word' id='word_1_299' title='bbox 2822 1062 2962 1116; x_wconf 91' lang='lat' dir='ltr'><strong>XIII.</strong></span> <span class='ocrx_word' id='word_1_300' title='bbox 3009 1061 3087 1117; x_wconf 91' lang='lat' dir='ltr'><strong>De</strong></span> <span class='ocrx_word' id='word_1_301' title='bbox 3134 1058 3455 1115; x_wconf 88' lang='lat' dir='ltr'><strong>mobilitate</strong></span> <span class='ocrx_word' id='word_1_302' title='bbox 3501 1054 3799 1128; x_wconf 86' lang='lat' dir='ltr'><strong>cogitatio-</strong></span> 
     </span>
     <span class='ocr_line' id='line_1_60' title="bbox 2517 1142 3943 1207; baseline -0.007 0"><span class='ocrx_word' id='word_1_303' title='bbox 2517 1167 2661 1207; x_wconf 91' lang='lat' dir='ltr'><strong>num</strong></span> <span class='ocrx_word' id='word_1_304' title='bbox 2669 1187 3797 1207; x_wconf 91' lang='grc'><strong>.............</strong></span> <span class='ocrx_word' id='word_1_305' title='bbox 3834 1142 3943 1197; x_wconf 88' lang='grc'><strong>265</strong></span> 
     </span>
     <span class='ocr_line' id='line_1_61' title="bbox 2446 1232 3802 1315; baseline -0.007 -17"><span class='ocrx_word' id='word_1_306' title='bbox 2446 1240 2779 1315; x_wconf 88' lang='lat' dir='ltr'><strong>Capitulum</strong></span> <span class='ocrx_word' id='word_1_307' title='bbox 2817 1240 2953 1295; x_wconf 87' lang='lat' dir='ltr'><strong>XIV.</strong></span> <span class='ocrx_word' id='word_1_308' title='bbox 2988 1239 3245 1306; x_wconf 88' lang='lat' dir='ltr'><strong>Qualiter</strong></span> <span class='ocrx_word' id='word_1_309' title='bbox 3286 1236 3572 1293; x_wconf 87' lang='lat' dir='ltr'><strong>stabilitas</strong></span> <span class='ocrx_word' id='word_1_310' title='bbox 3609 1232 3802 1291; x_wconf 87' lang='lat' dir='ltr'><strong>cordis</strong></span> 
     </span>
     <span class='ocr_line' id='line_1_62' title="bbox 2518 1324 3943 1404; baseline -0.007 -16"><span class='ocrx_word' id='word_1_311' title='bbox 2518 1348 2621 1388; x_wconf 90' lang='lat' dir='ltr'><strong>seu</strong></span> <span class='ocrx_word' id='word_1_312' title='bbox 2658 1330 3078 1404; x_wconf 83' lang='lat' dir='ltr'><strong>cogitationum</strong></span> <span class='ocrx_word' id='word_1_313' title='bbox 3118 1328 3298 1401; x_wconf 86' lang='lat' dir='ltr'><strong>possit</strong></span> <span class='ocrx_word' id='word_1_314' title='bbox 3335 1324 3558 1399; x_wconf 89' lang='lat' dir='ltr'><strong>acquiri</strong></span> <span class='ocrx_word' id='word_1_315' title='bbox 3599 1370 3611 1381; x_wconf 91' lang='lat'><strong>.</strong></span> <span class='ocrx_word' id='word_1_316' title='bbox 3690 1368 3703 1381; x_wconf 99' lang='lat'><strong>.</strong></span> <span class='ocrx_word' id='word_1_317' title='bbox 3784 1368 3795 1379; x_wconf 92' lang='lat'><strong>.</strong></span> <span class='ocrx_word' id='word_1_318' title='bbox 3836 1324 3943 1379; x_wconf 88' lang='grc'><strong>266</strong></span> 
     </span>
    </p>
   </div>
   <div class='ocr_carea' id='block_1_11' title="bbox 2516 1484 3873 1652">
    <p class='ocr_par' dir='ltr' id='par_1_18' title="bbox 2516 1484 3873 1652">
     <span class='ocr_line' id='line_1_63' title="bbox 2516 1484 3873 1555; baseline -0.007 0"><span class='ocrx_word' id='word_1_319' title='bbox 2516 1492 2751 1555; x_wconf 87' lang='lat' dir='ltr'><strong>LIBRI</strong></span> <span class='ocrx_word' id='word_1_320' title='bbox 2808 1490 3185 1555; x_wconf 86' lang='lat' dir='ltr'><strong>SECUNDI</strong></span> <span class='ocrx_word' id='word_1_321' title='bbox 3242 1484 3873 1551; x_wconf 80' lang='lat' dir='ltr'><strong>COLLATIONUM</strong></span> 
     </span>
     <span class='ocr_line' id='line_1_64' title="bbox 2699 1583 3688 1652; baseline -0.007 0"><span class='ocrx_word' id='word_1_322' title='bbox 2699 1590 2801 1652; x_wconf 90' lang='lat' dir='ltr'><strong>SS.</strong></span> <span class='ocrx_word' id='word_1_323' title='bbox 2845 1588 3151 1652; x_wconf 81' lang='lat' dir='ltr'><strong>PATRUM</strong></span> <span class='ocrx_word' id='word_1_324' title='bbox 3193 1583 3688 1649; x_wconf 85' lang='lat' dir='ltr'><strong>TRANSLATIO.</strong></span> 
     </span>
    </p>
   </div>
   <div class='ocr_carea' id='block_1_12' title="bbox 2448 1734 3949 1975">
    <p class='ocr_par' dir='ltr' id='par_1_19' title="bbox 2448 1734 3949 1975">
     <span class='ocr_line' id='line_1_65' title="bbox 2450 1734 3949 1813; baseline -0.005 -16"><span class='ocrx_word' id='word_1_325' title='bbox 2450 1743 2513 1798; x_wconf 92' lang='lat' dir='ltr'><strong>D.</strong></span> <span class='ocrx_word' id='word_1_326' title='bbox 2544 1740 2799 1813; x_wconf 80' lang='lat' dir='ltr'><strong>Dionysii</strong></span> <span class='ocrx_word' id='word_1_327' title='bbox 2840 1738 3103 1813; x_wconf 79' lang='lat' dir='ltr'><strong>proefatio</strong></span> <span class='ocrx_word' id='word_1_328' title='bbox 3134 1779 3800 1795; x_wconf 89' lang='lat'><strong>........</strong></span> <span class='ocrx_word' id='word_1_329' title='bbox 3840 1734 3949 1790; x_wconf 84' lang='grc'><strong>269</strong></span> 
     </span>
     <span class='ocr_line' id='line_1_66' title="bbox 2448 1823 3800 1902; baseline -0.005 -16"><span class='ocrx_word' id='word_1_330' title='bbox 2448 1830 2729 1902; x_wconf 86' lang='lat' dir='ltr'><strong>Prologus</strong></span> <span class='ocrx_word' id='word_1_331' title='bbox 2755 1829 2813 1884; x_wconf 90' lang='lat' dir='ltr'><strong>in</strong></span> <span class='ocrx_word' id='word_1_332' title='bbox 2846 1834 3065 1900; x_wconf 89' lang='lat' dir='ltr'><strong>septem</strong></span> <span class='ocrx_word' id='word_1_333' title='bbox 3098 1826 3434 1883; x_wconf 89' lang='lat' dir='ltr'><strong>collationes</strong></span> <span class='ocrx_word' id='word_1_334' title='bbox 3472 1826 3708 1881; x_wconf 85' lang='lat' dir='ltr'><strong>Patrum</strong></span> <span class='ocrx_word' id='word_1_335' title='bbox 3739 1823 3800 1879; x_wconf 89' lang='lat' dir='ltr'><strong>in</strong></span> 
     </span>
     <span class='ocr_line' id='line_1_67' title="bbox 2519 1910 3942 1975; baseline -0.005 -2"><span class='ocrx_word' id='word_1_336' title='bbox 2519 1916 2829 1975; x_wconf 86' lang='lat' dir='ltr'><strong>Thebaidis</strong></span> <span class='ocrx_word' id='word_1_337' title='bbox 2858 1933 3055 1974; x_wconf 83' lang='lat' dir='ltr'><strong>eremo</strong></span> <span class='ocrx_word' id='word_1_338' title='bbox 3088 1914 3530 1972; x_wconf 85' lang='lat' dir='ltr'><strong>consistentium</strong></span> <span class='ocrx_word' id='word_1_339' title='bbox 3600 1958 3611 1969; x_wconf 91' lang='lat'><strong>.</strong></span> <span class='ocrx_word' id='word_1_340' title='bbox 3694 1957 3705 1969; x_wconf 93' lang='lat'><strong>.</strong></span> <span class='ocrx_word' id='word_1_341' title='bbox 3786 1957 3798 1969; x_wconf 92' lang='lat'><strong>.</strong></span> <span class='ocrx_word' id='word_1_342' title='bbox 3839 1910 3942 1967; x_wconf 89' lang='grc'><strong>271</strong></span> 
     </span>
    </p>
   </div>
   <div class='ocr_carea' id='block_1_13' title="bbox 2453 2074 3949 2338">
    <p class='ocr_par' dir='ltr' id='par_1_20' title="bbox 2453 2074 3949 2338">
     <span class='ocr_line' id='line_1_68' title="bbox 2453 2074 3812 2157; baseline -0.006 -16"><span class='ocrx_word' id='word_1_343' title='bbox 2453 2080 2751 2141; x_wconf 63' lang='lat' dir='ltr'><strong>Corax-no</strong></span> <span class='ocrx_word' id='word_1_344' title='bbox 2790 2093 3101 2139; x_wconf 65' lang='lat' dir='ltr'><strong>omnnem</strong></span> <span class='ocrx_word' id='word_1_345' title='bbox 3133 2074 3423 2157; x_wconf 81' lang='lat' dir='ltr'><strong>(Abbatis</strong></span> <span class='ocrx_word' id='word_1_346' title='bbox 3462 2074 3812 2137; x_wconf 81' lang='lat' dir='ltr'><strong>Chaeremo-</strong></span> 
     </span>
     <span class='ocr_line' id='line_1_69' title="bbox 2531 2162 3811 2249; baseline -0.005 -20"><span class='ocrx_word' id='word_1_347' title='bbox 2531 2167 2629 2229; x_wconf 90' lang='lat' dir='ltr'><strong>nis</strong></span> <span class='ocrx_word' id='word_1_348' title='bbox 2673 2167 2924 2249; x_wconf 87' lang='lat' dir='ltr'><strong>prima).</strong></span> <span class='ocrx_word' id='word_1_349' title='bbox 2969 2167 3055 2228; x_wconf 88' lang='lat' dir='ltr'><strong>De</strong></span> <span class='ocrx_word' id='word_1_350' title='bbox 3099 2164 3511 2247; x_wconf 78' lang='lat' dir='ltr'><strong>perfectione,</strong></span> <span class='ocrx_word' id='word_1_351' title='bbox 3552 2162 3688 2225; x_wconf 87' lang='lat' dir='ltr'><strong>sive</strong></span> <span class='ocrx_word' id='word_1_352' title='bbox 3731 2162 3811 2223; x_wconf 89' lang='lat' dir='ltr'><strong>de</strong></span> 
     </span>
     <span class='ocr_line' id='line_1_70' title="bbox 2530 2256 3949 2338; baseline -0.004 -20"><span class='ocrx_word' id='word_1_353' title='bbox 2530 2256 2831 2338; x_wconf 82' lang='lat' dir='ltr'><strong>perfectis</strong></span> <span class='ocrx_word' id='word_1_354' title='bbox 2855 2302 3799 2320; x_wconf 92' lang='lat'><strong>...........</strong></span> <span class='ocrx_word' id='word_1_355' title='bbox 3842 2258 3949 2313; x_wconf 88' lang='grc'><strong>272</strong></span> 
     </span>
    </p>
   </div>
   <div class='ocr_carea' id='block_1_14' title="bbox 2447 2399 3951 5327">
    <p class='ocr_par' dir='ltr' id='par_1_21' title="bbox 2447 2399 3951 5327">
     <span class='ocr_line' id='line_1_71' title="bbox 2450 2399 3951 2479; baseline -0.005 -17"><span class='ocrx_word' id='word_1_356' title='bbox 2450 2406 2780 2479; x_wconf 88' lang='lat' dir='ltr'><strong>Capitulum</strong></span> <span class='ocrx_word' id='word_1_357' title='bbox 2821 2406 2860 2462; x_wconf 90' lang='lat'><strong>1.</strong></span> <span class='ocrx_word' id='word_1_358' title='bbox 2895 2407 2973 2463; x_wconf 92' lang='lat' dir='ltr'><strong>De</strong></span> <span class='ocrx_word' id='word_1_359' title='bbox 3014 2405 3227 2479; x_wconf 88' lang='lat' dir='ltr'><strong>oppido</strong></span> <span class='ocrx_word' id='word_1_360' title='bbox 3262 2404 3564 2460; x_wconf 88' lang='lat' dir='ltr'><strong>Thenneso</strong></span> <span class='ocrx_word' id='word_1_361' title='bbox 3603 2446 3615 2457; x_wconf 93' lang='lat'><strong>.</strong></span> <span class='ocrx_word' id='word_1_362' title='bbox 3696 2444 3708 2457; x_wconf 92' lang='lat'><strong>.</strong></span> <span class='ocrx_word' id='word_1_363' title='bbox 3790 2445 3804 2457; x_wconf 93' lang='lat'><strong>.</strong></span> <span class='ocrx_word' id='word_1_364' title='bbox 3844 2399 3951 2455; x_wconf 88' lang='grc'><strong>272</strong></span> 
     </span>
     <span class='ocr_line' id='line_1_72' title="bbox 2451 2490 3951 2568; baseline -0.005 -16"><span class='ocrx_word' id='word_1_365' title='bbox 2451 2496 2781 2568; x_wconf 86' lang='lat' dir='ltr'><strong>Capitulum</strong></span> <span class='ocrx_word' id='word_1_366' title='bbox 2815 2497 2881 2551; x_wconf 91' lang='lat'><strong>11.</strong></span> <span class='ocrx_word' id='word_1_367' title='bbox 2912 2496 2990 2552; x_wconf 90' lang='lat' dir='ltr'><strong>De</strong></span> <span class='ocrx_word' id='word_1_368' title='bbox 3022 2494 3293 2551; x_wconf 80' lang='lat' dir='ltr'><strong>Arthebio</strong></span> <span class='ocrx_word' id='word_1_369' title='bbox 3331 2492 3619 2567; x_wconf 87' lang='lat' dir='ltr'><strong>episcopo.</strong></span> <span class='ocrx_word' id='word_1_370' title='bbox 3699 2536 3712 2547; x_wconf 90' lang='lat'><strong>.</strong></span> <span class='ocrx_word' id='word_1_371' title='bbox 3792 2533 3804 2546; x_wconf 94' lang='lat'><strong>.</strong></span> <span class='ocrx_word' id='word_1_372' title='bbox 3844 2490 3951 2545; x_wconf 85' lang='grc'><strong>272</strong></span> 
     </span>
     <span class='ocr_line' id='line_1_73' title="bbox 2450 2581 3811 2659; baseline -0.004 -18"><span class='ocrx_word' id='word_1_373' title='bbox 2450 2584 2779 2659; x_wconf 88' lang='lat' dir='ltr'><strong>Capitulum</strong></span> <span class='ocrx_word' id='word_1_374' title='bbox 2828 2586 2921 2640; x_wconf 94' lang='lat' dir='ltr'><strong>lII.</strong></span> <span class='ocrx_word' id='word_1_375' title='bbox 2972 2583 3289 2656; x_wconf 87' lang='lat' dir='ltr'><strong>Descriptio</strong></span> <span class='ocrx_word' id='word_1_376' title='bbox 3336 2582 3519 2639; x_wconf 89' lang='lat' dir='ltr'><strong>eremi</strong></span> <span class='ocrx_word' id='word_1_377' title='bbox 3574 2581 3636 2637; x_wconf 90' lang='lat' dir='ltr'><strong>in</strong></span> <span class='ocrx_word' id='word_1_378' title='bbox 3692 2596 3811 2653; x_wconf 91' lang='lat' dir='ltr'><strong>qua</strong></span> 
     </span>
     <span class='ocr_line' id='line_1_74' title="bbox 2524 2672 3807 2745; baseline -0.003 -16"><span class='ocrx_word' id='word_1_379' title='bbox 2524 2674 2906 2731; x_wconf 86' lang='lat' dir='ltr'><strong>morabantur</strong></span> <span class='ocrx_word' id='word_1_380' title='bbox 2955 2672 3139 2729; x_wconf 89' lang='lat' dir='ltr'><strong>sancti</strong></span> <span class='ocrx_word' id='word_1_381' title='bbox 3197 2675 3390 2745; x_wconf 89' lang='lat' dir='ltr'><strong>patres</strong></span> <span class='ocrx_word' id='word_1_382' title='bbox 3445 2672 3807 2735; x_wconf 81' lang='lat' dir='ltr'><strong>Chaeremon,</strong></span> 
     </span>
     <span class='ocr_line' id='line_1_75' title="bbox 2520 2758 3951 2834; baseline -0.003 -15"><span class='ocrx_word' id='word_1_383' title='bbox 2520 2764 2787 2819; x_wconf 87' lang='lat' dir='ltr'><strong>Nesteros</strong></span> <span class='ocrx_word' id='word_1_384' title='bbox 2816 2766 2873 2820; x_wconf 92' lang='lat' dir='ltr'><strong>et</strong></span> <span class='ocrx_word' id='word_1_385' title='bbox 2898 2761 3105 2834; x_wconf 87' lang='lat' dir='ltr'><strong>Joseph</strong></span> <span class='ocrx_word' id='word_1_386' title='bbox 3139 2803 3803 2817; x_wconf 93' lang='grc'><strong>........</strong></span> <span class='ocrx_word' id='word_1_387' title='bbox 3844 2758 3951 2815; x_wconf 89' lang='grc'><strong>273</strong></span> 
     </span>
     <span class='ocr_line' id='line_1_76' title="bbox 2450 2850 3808 2923; baseline -0.003 -16"><span class='ocrx_word' id='word_1_388' title='bbox 2450 2852 2780 2923; x_wconf 88' lang='lat' dir='ltr'><strong>Capitulum</strong></span> <span class='ocrx_word' id='word_1_389' title='bbox 2832 2853 2919 2908; x_wconf 91' lang='lat' dir='ltr'><strong>IV.</strong></span> <span class='ocrx_word' id='word_1_390' title='bbox 2956 2852 3031 2907; x_wconf 90' lang='lat' dir='ltr'><strong>De</strong></span> <span class='ocrx_word' id='word_1_391' title='bbox 3070 2851 3279 2907; x_wconf 87' lang='lat' dir='ltr'><strong>abbate</strong></span> <span class='ocrx_word' id='word_1_392' title='bbox 3326 2850 3718 2915; x_wconf 72' lang='lat' dir='ltr'><strong>Chaeremone,</strong></span> <span class='ocrx_word' id='word_1_393' title='bbox 3750 2852 3808 2905; x_wconf 90' lang='lat' dir='ltr'><strong>et</strong></span> 
     </span>
     <span class='ocr_line' id='line_1_77' title="bbox 2520 2938 3809 3014; baseline -0.003 -16"><span class='ocrx_word' id='word_1_394' title='bbox 2520 2940 2891 2998; x_wconf 88' lang='lat' dir='ltr'><strong>excusatione</strong></span> <span class='ocrx_word' id='word_1_395' title='bbox 2934 2941 3061 3014; x_wconf 90' lang='lat' dir='ltr'><strong>ejus</strong></span> <span class='ocrx_word' id='word_1_396' title='bbox 3107 2939 3180 2996; x_wconf 88' lang='lat' dir='ltr'><strong>ab</strong></span> <span class='ocrx_word' id='word_1_397' title='bbox 3224 2939 3581 2997; x_wconf 89' lang='lat' dir='ltr'><strong>exhibitione</strong></span> <span class='ocrx_word' id='word_1_398' title='bbox 3632 2938 3809 2995; x_wconf 84' lang='lat' dir='ltr'><strong>infor-</strong></span> 
     </span>
     <span class='ocr_line' id='line_1_78' title="bbox 2524 3029 3949 3087; baseline -0.001 -1"><span class='ocrx_word' id='word_1_399' title='bbox 2524 3030 2799 3087; x_wconf 89' lang='lat' dir='ltr'><strong>mationis</strong></span> <span class='ocrx_word' id='word_1_400' title='bbox 2852 3072 3801 3086; x_wconf 91' lang='grc'><strong>...........</strong></span> <span class='ocrx_word' id='word_1_401' title='bbox 3842 3029 3949 3084; x_wconf 90' lang='grc'><strong>273</strong></span> 
     </span>
     <span class='ocr_line' id='line_1_79' title="bbox 2449 3118 3807 3192; baseline -0.001 -16"><span class='ocrx_word' id='word_1_402' title='bbox 2449 3119 2779 3192; x_wconf 88' lang='lat' dir='ltr'><strong>Capitulum</strong></span> <span class='ocrx_word' id='word_1_403' title='bbox 2823 3120 2885 3175; x_wconf 92' lang='lat' dir='ltr'><strong>V.</strong></span> <span class='ocrx_word' id='word_1_404' title='bbox 2928 3118 3243 3191; x_wconf 85' lang='lat' dir='ltr'><strong>Responsio</strong></span> <span class='ocrx_word' id='word_1_405' title='bbox 3282 3122 3481 3175; x_wconf 88' lang='lat' dir='ltr'><strong>nostra</strong></span> <span class='ocrx_word' id='word_1_406' title='bbox 3514 3119 3590 3175; x_wconf 85' lang='lat' dir='ltr'><strong>ad</strong></span> <span class='ocrx_word' id='word_1_407' title='bbox 3632 3135 3807 3175; x_wconf 90' lang='lat' dir='ltr'><strong>excu-</strong></span> 
     </span>
     <span class='ocr_line' id='line_1_80' title="bbox 2520 3207 3949 3281; baseline -0.002 -16"><span class='ocrx_word' id='word_1_408' title='bbox 2520 3208 2807 3265; x_wconf 86' lang='lat' dir='ltr'><strong>sationem</strong></span> <span class='ocrx_word' id='word_1_409' title='bbox 2856 3207 3039 3281; x_wconf 88' lang='lat' dir='ltr'><strong>ipsius</strong></span> <span class='ocrx_word' id='word_1_410' title='bbox 3046 3252 3801 3264; x_wconf 89' lang='grc'><strong>.........</strong></span> <span class='ocrx_word' id='word_1_411' title='bbox 3842 3208 3949 3263; x_wconf 89' lang='grc'><strong>273</strong></span> 
     </span>
     <span class='ocr_line' id='line_1_81' title="bbox 2450 3296 3807 3371; baseline 0 -18"><span class='ocrx_word' id='word_1_412' title='bbox 2450 3296 2775 3371; x_wconf 90' lang='lat' dir='ltr'><strong>Capitulum</strong></span> <span class='ocrx_word' id='word_1_413' title='bbox 2796 3298 2885 3353; x_wconf 83' lang='lat' dir='ltr'><strong>Vl.</strong></span> <span class='ocrx_word' id='word_1_414' title='bbox 2906 3297 3216 3369; x_wconf 87' lang='lat' dir='ltr'><strong>Responsio</strong></span> <span class='ocrx_word' id='word_1_415' title='bbox 3236 3296 3643 3363; x_wconf 75' lang='lat' dir='ltr'><strong>Chaeoemonis‚</strong></span> <span class='ocrx_word' id='word_1_416' title='bbox 3656 3299 3807 3369; x_wconf 85' lang='lat' dir='ltr'><strong>quod</strong></span> 
     </span>
     <span class='ocr_line' id='line_1_82' title="bbox 2523 3386 3949 3444; baseline 0.001 -3"><span class='ocrx_word' id='word_1_417' title='bbox 2523 3386 2659 3442; x_wconf 81' lang='lat' dir='ltr'><strong>vitia</strong></span> <span class='ocrx_word' id='word_1_418' title='bbox 2687 3386 2875 3442; x_wconf 90' lang='lat' dir='ltr'><strong>tribus</strong></span> <span class='ocrx_word' id='word_1_419' title='bbox 2904 3386 3097 3442; x_wconf 87' lang='lat' dir='ltr'><strong>modis</strong></span> <span class='ocrx_word' id='word_1_420' title='bbox 3122 3386 3433 3443; x_wconf 81' lang='lat' dir='ltr'><strong>vincantur</strong></span> <span class='ocrx_word' id='word_1_421' title='bbox 3503 3431 3516 3444; x_wconf 93' lang='lat'><strong>.</strong></span> <span class='ocrx_word' id='word_1_422' title='bbox 3598 3431 3609 3441; x_wconf 95' lang='lat'><strong>.</strong></span> <span class='ocrx_word' id='word_1_423' title='bbox 3692 3431 3705 3443; x_wconf 92' lang='lat'><strong>.</strong></span> <span class='ocrx_word' id='word_1_424' title='bbox 3787 3431 3799 3441; x_wconf 92' lang='lat'><strong>.</strong></span> <span class='ocrx_word' id='word_1_425' title='bbox 3843 3387 3949 3442; x_wconf 90' lang='grc'><strong>274</strong></span> 
     </span>
     <span class='ocr_line' id='line_1_83' title="bbox 2450 3474 3809 3548; baseline 0.001 -18"><span class='ocrx_word' id='word_1_426' title='bbox 2450 3474 2781 3548; x_wconf 88' lang='lat' dir='ltr'><strong>Capitulum</strong></span> <span class='ocrx_word' id='word_1_427' title='bbox 2815 3476 2923 3531; x_wconf 77' lang='lat' dir='ltr'><strong>Vll.</strong></span> <span class='ocrx_word' id='word_1_428' title='bbox 2958 3474 3179 3540; x_wconf 89' lang='lat' dir='ltr'><strong>Quibus</strong></span> <span class='ocrx_word' id='word_1_429' title='bbox 3219 3474 3495 3547; x_wconf 88' lang='lat' dir='ltr'><strong>gradibus</strong></span> <span class='ocrx_word' id='word_1_430' title='bbox 3532 3475 3809 3531; x_wconf 87' lang='lat' dir='ltr'><strong>ascenda-</strong></span> 
     </span>
     <span class='ocr_line' id='line_1_84' title="bbox 2522 3562 3808 3636; baseline 0 -17"><span class='ocrx_word' id='word_1_431' title='bbox 2522 3568 2619 3621; x_wconf 90' lang='lat' dir='ltr'><strong>tur</strong></span> <span class='ocrx_word' id='word_1_432' title='bbox 2646 3565 2720 3621; x_wconf 94' lang='lat' dir='ltr'><strong>ad</strong></span> <span class='ocrx_word' id='word_1_433' title='bbox 2758 3564 2983 3636; x_wconf 89' lang='lat' dir='ltr'><strong>apicem</strong></span> <span class='ocrx_word' id='word_1_434' title='bbox 3024 3563 3299 3630; x_wconf 86' lang='lat' dir='ltr'><strong>caritatis,</strong></span> <span class='ocrx_word' id='word_1_435' title='bbox 3330 3567 3388 3621; x_wconf 91' lang='lat' dir='ltr'><strong>et</strong></span> <span class='ocrx_word' id='word_1_436' title='bbox 3423 3580 3555 3636; x_wconf 82' lang='lat' dir='ltr'><strong>quae</strong></span> <span class='ocrx_word' id='word_1_437' title='bbox 3590 3562 3808 3620; x_wconf 85' lang='lat' dir='ltr'><strong>stabili—</strong></span> 
     </span>
     <span class='ocr_line' id='line_1_85' title="bbox 2520 3652 3951 3709; baseline -0.001 0"><span class='ocrx_word' id='word_1_438' title='bbox 2520 3656 2611 3709; x_wconf 85' lang='lat' dir='ltr'><strong>tas</strong></span> <span class='ocrx_word' id='word_1_439' title='bbox 2639 3652 2714 3708; x_wconf 90' lang='lat' dir='ltr'><strong>sit</strong></span> <span class='ocrx_word' id='word_1_440' title='bbox 2742 3652 2799 3708; x_wconf 92' lang='lat' dir='ltr'><strong>in</strong></span> <span class='ocrx_word' id='word_1_441' title='bbox 2841 3670 2909 3709; x_wconf 90' lang='lat' dir='ltr'><strong>ea</strong></span> <span class='ocrx_word' id='word_1_442' title='bbox 2950 3696 3803 3709; x_wconf 92' lang='grc'><strong>..........</strong></span> <span class='ocrx_word' id='word_1_443' title='bbox 3844 3652 3951 3709; x_wconf 91' lang='grc'><strong>274</strong></span> 
     </span>
     <span class='ocr_line' id='line_1_86' title="bbox 2450 3739 3806 3813; baseline -0.002 -15"><span class='ocrx_word' id='word_1_444' title='bbox 2450 3740 2781 3813; x_wconf 89' lang='lat' dir='ltr'><strong>Capitulum</strong></span> <span class='ocrx_word' id='word_1_445' title='bbox 2820 3741 2961 3796; x_wconf 89' lang='lat' dir='ltr'><strong>Vlll.</strong></span> <span class='ocrx_word' id='word_1_446' title='bbox 2995 3741 3160 3806; x_wconf 88' lang='lat' dir='ltr'><strong>Quod</strong></span> <span class='ocrx_word' id='word_1_447' title='bbox 3198 3739 3409 3797; x_wconf 85' lang='lat' dir='ltr'><strong>caritas</strong></span> <span class='ocrx_word' id='word_1_448' title='bbox 3446 3757 3564 3797; x_wconf 91' lang='lat' dir='ltr'><strong>non</strong></span> <span class='ocrx_word' id='word_1_449' title='bbox 3612 3740 3806 3797; x_wconf 89' lang='lat' dir='ltr'><strong>solum</strong></span> 
     </span>
     <span class='ocr_line' id='line_1_87' title="bbox 2523 3827 3808 3903; baseline -0.002 -17"><span class='ocrx_word' id='word_1_450' title='bbox 2523 3829 2697 3886; x_wconf 83' lang='lat' dir='ltr'><strong>faciat</strong></span> <span class='ocrx_word' id='word_1_451' title='bbox 2737 3828 2905 3895; x_wconf 85' lang='lat' dir='ltr'><strong>filios,</strong></span> <span class='ocrx_word' id='word_1_452' title='bbox 2938 3831 3039 3886; x_wconf 90' lang='lat' dir='ltr'><strong>sed</strong></span> <span class='ocrx_word' id='word_1_453' title='bbox 3082 3829 3259 3886; x_wconf 87' lang='lat' dir='ltr'><strong>etiam</strong></span> <span class='ocrx_word' id='word_1_454' title='bbox 3305 3827 3565 3886; x_wconf 84' lang='lat' dir='ltr'><strong>conferat</strong></span> <span class='ocrx_word' id='word_1_455' title='bbox 3602 3829 3808 3903; x_wconf 82' lang='lat' dir='ltr'><strong>imagi-</strong></span> 
     </span>
     <span class='ocr_line' id='line_1_88' title="bbox 2524 3917 3949 3977; baseline 0.001 -2"><span class='ocrx_word' id='word_1_456' title='bbox 2524 3936 2660 3977; x_wconf 88' lang='lat' dir='ltr'><strong>nem</strong></span> <span class='ocrx_word' id='word_1_457' title='bbox 2690 3922 2747 3975; x_wconf 91' lang='lat' dir='ltr'><strong>et</strong></span> <span class='ocrx_word' id='word_1_458' title='bbox 2784 3917 3235 3975; x_wconf 89' lang='lat' dir='ltr'><strong>similitudinem</strong></span> <span class='ocrx_word' id='word_1_459' title='bbox 3278 3918 3376 3975; x_wconf 87' lang='lat' dir='ltr'><strong>Dei</strong></span> <span class='ocrx_word' id='word_1_460' title='bbox 3418 3963 3803 3976; x_wconf 93' lang='grc'><strong>.....</strong></span> <span class='ocrx_word' id='word_1_461' title='bbox 3844 3920 3949 3976; x_wconf 87' lang='grc'><strong>275</strong></span> 
     </span>
     <span class='ocr_line' id='line_1_89' title="bbox 2450 4007 3811 4082; baseline 0.001 -17"><span class='ocrx_word' id='word_1_462' title='bbox 2450 4008 2782 4082; x_wconf 87' lang='lat' dir='ltr'><strong>Capitulum</strong></span> <span class='ocrx_word' id='word_1_463' title='bbox 2814 4009 2903 4063; x_wconf 93' lang='lat' dir='ltr'><strong>IX.</strong></span> <span class='ocrx_word' id='word_1_464' title='bbox 2936 4008 3231 4073; x_wconf 89' lang='lat' dir='ltr'><strong>Quantum</strong></span> <span class='ocrx_word' id='word_1_465' title='bbox 3262 4007 3549 4066; x_wconf 88' lang='lat' dir='ltr'><strong>excellant</strong></span> <span class='ocrx_word' id='word_1_466' title='bbox 3576 4008 3676 4081; x_wconf 87' lang='lat' dir='ltr'><strong>qui</strong></span> <span class='ocrx_word' id='word_1_467' title='bbox 3708 4027 3811 4081; x_wconf 90' lang='lat' dir='ltr'><strong>per</strong></span> 
     </span>
     <span class='ocr_line' id='line_1_90' title="bbox 2522 4097 3949 4157; baseline 0.001 -3"><span class='ocrx_word' id='word_1_468' title='bbox 2522 4097 2781 4155; x_wconf 88' lang='lat' dir='ltr'><strong>caritatis</strong></span> <span class='ocrx_word' id='word_1_469' title='bbox 2817 4099 3089 4155; x_wconf 83' lang='lat' dir='ltr'><strong>affectum</strong></span> <span class='ocrx_word' id='word_1_470' title='bbox 3129 4097 3426 4154; x_wconf 88' lang='lat' dir='ltr'><strong>declinant</strong></span> <span class='ocrx_word' id='word_1_471' title='bbox 3460 4116 3497 4155; x_wconf 90' lang='lat' dir='ltr'><strong>a</strong></span> <span class='ocrx_word' id='word_1_472' title='bbox 3534 4098 3707 4155; x_wconf 81' lang='lat' dir='ltr'><strong>vitiis.</strong></span> <span class='ocrx_word' id='word_1_473' title='bbox 3790 4145 3803 4157; x_wconf 92' lang='lat'><strong>.</strong></span> <span class='ocrx_word' id='word_1_474' title='bbox 3843 4101 3949 4156; x_wconf 87' lang='grc'><strong>275</strong></span> 
     </span>
     <span class='ocr_line' id='line_1_91' title="bbox 2450 4183 3811 4259; baseline 0 -15"><span class='ocrx_word' id='word_1_475' title='bbox 2450 4186 2781 4259; x_wconf 88' lang='lat' dir='ltr'><strong>Capitulum</strong></span> <span class='ocrx_word' id='word_1_476' title='bbox 2822 4186 2886 4240; x_wconf 90' lang='lat' dir='ltr'><strong>X.</strong></span> <span class='ocrx_word' id='word_1_477' title='bbox 2920 4185 3085 4250; x_wconf 91' lang='lat' dir='ltr'><strong>Quod</strong></span> <span class='ocrx_word' id='word_1_478' title='bbox 3125 4183 3399 4257; x_wconf 84' lang='lat' dir='ltr'><strong>perfectio</strong></span> <span class='ocrx_word' id='word_1_479' title='bbox 3436 4185 3694 4243; x_wconf 85' lang='lat' dir='ltr'><strong>caritatis</strong></span> <span class='ocrx_word' id='word_1_480' title='bbox 3734 4188 3811 4244; x_wconf 87' lang='lat' dir='ltr'><strong>sit</strong></span> 
     </span>
     <span class='ocr_line' id='line_1_92' title="bbox 2522 4273 3809 4348; baseline 0.002 -17"><span class='ocrx_word' id='word_1_481' title='bbox 2522 4291 2687 4331; x_wconf 89' lang='lat' dir='ltr'><strong>orare</strong></span> <span class='ocrx_word' id='word_1_482' title='bbox 2718 4291 2822 4347; x_wconf 91' lang='lat' dir='ltr'><strong>pro</strong></span> <span class='ocrx_word' id='word_1_483' title='bbox 2861 4273 3121 4340; x_wconf 88' lang='lat' dir='ltr'><strong>inimico,</strong></span> <span class='ocrx_word' id='word_1_484' title='bbox 3152 4276 3209 4332; x_wconf 92' lang='lat' dir='ltr'><strong>et</strong></span> <span class='ocrx_word' id='word_1_485' title='bbox 3246 4291 3361 4348; x_wconf 89' lang='lat' dir='ltr'><strong>quo</strong></span> <span class='ocrx_word' id='word_1_486' title='bbox 3400 4274 3569 4347; x_wconf 86' lang='lat' dir='ltr'><strong>signo</strong></span> <span class='ocrx_word' id='word_1_487' title='bbox 3607 4292 3809 4333; x_wconf 83' lang='lat' dir='ltr'><strong>nosca-</strong></span> 
     </span>
     <span class='ocr_line' id='line_1_93' title="bbox 2518 4362 3949 4437; baseline 0.001 -18"><span class='ocrx_word' id='word_1_488' title='bbox 2518 4367 2618 4420; x_wconf 89' lang='lat' dir='ltr'><strong>tur</strong></span> <span class='ocrx_word' id='word_1_489' title='bbox 2636 4363 2899 4419; x_wconf 90' lang='lat' dir='ltr'><strong>animam</strong></span> <span class='ocrx_word' id='word_1_490' title='bbox 2930 4362 3195 4419; x_wconf 89' lang='lat' dir='ltr'><strong>nondum</strong></span> <span class='ocrx_word' id='word_1_491' title='bbox 3225 4380 3349 4420; x_wconf 88' lang='lat' dir='ltr'><strong>esse</strong></span> <span class='ocrx_word' id='word_1_492' title='bbox 3380 4368 3710 4437; x_wconf 85' lang='lat' dir='ltr'><strong>purgatam.</strong></span> <span class='ocrx_word' id='word_1_493' title='bbox 3790 4410 3801 4421; x_wconf 94' lang='lat'><strong>.</strong></span> <span class='ocrx_word' id='word_1_494' title='bbox 3844 4367 3949 4421; x_wconf 88' lang='grc'><strong>276</strong></span> 
     </span>
     <span class='ocr_line' id='line_1_94' title="bbox 2450 4452 3809 4525; baseline 0.001 -18"><span class='ocrx_word' id='word_1_495' title='bbox 2450 4452 2780 4525; x_wconf 87' lang='lat' dir='ltr'><strong>Capitulum</strong></span> <span class='ocrx_word' id='word_1_496' title='bbox 2814 4452 2903 4506; x_wconf 90' lang='lat' dir='ltr'><strong>XI.</strong></span> <span class='ocrx_word' id='word_1_497' title='bbox 2930 4452 3329 4524; x_wconf 84' lang='lat' dir='ltr'><strong>interrogatio,</strong></span> <span class='ocrx_word' id='word_1_498' title='bbox 3354 4468 3459 4509; x_wconf 91' lang='lat' dir='ltr'><strong>cur</strong></span> <span class='ocrx_word' id='word_1_499' title='bbox 3488 4452 3702 4509; x_wconf 90' lang='lat' dir='ltr'><strong>dixerit</strong></span> <span class='ocrx_word' id='word_1_500' title='bbox 3730 4454 3809 4509; x_wconf 88' lang='lat' dir='ltr'><strong>as-</strong></span> 
     </span>
     <span class='ocr_line' id='line_1_95' title="bbox 2523 4539 3949 4613; baseline 0.002 -17"><span class='ocrx_word' id='word_1_501' title='bbox 2523 4541 2738 4597; x_wconf 83' lang='lat' dir='ltr'><strong>sectum</strong></span> <span class='ocrx_word' id='word_1_502' title='bbox 2766 4539 2995 4596; x_wconf 88' lang='lat' dir='ltr'><strong>timoris</strong></span> <span class='ocrx_word' id='word_1_503' title='bbox 3014 4543 3072 4597; x_wconf 90' lang='lat' dir='ltr'><strong>et</strong></span> <span class='ocrx_word' id='word_1_504' title='bbox 3090 4540 3208 4613; x_wconf 88' lang='lat' dir='ltr'><strong>spei</strong></span> <span class='ocrx_word' id='word_1_505' title='bbox 3230 4557 3352 4597; x_wconf 85' lang='lat' dir='ltr'><strong>esse</strong></span> <span class='ocrx_word' id='word_1_506' title='bbox 3374 4540 3804 4613; x_wconf 81' lang='lat' dir='ltr'><strong>imperfectum.</strong></span> <span class='ocrx_word' id='word_1_507' title='bbox 3844 4543 3949 4599; x_wconf 87' lang='grc'><strong>277</strong></span> 
     </span>
     <span class='ocr_line' id='line_1_96' title="bbox 2449 4628 3807 4703; baseline 0 -16"><span class='ocrx_word' id='word_1_508' title='bbox 2449 4629 2779 4703; x_wconf 87' lang='lat' dir='ltr'><strong>Capitulum</strong></span> <span class='ocrx_word' id='word_1_509' title='bbox 2830 4628 2945 4684; x_wconf 91' lang='lat' dir='ltr'><strong>XII.</strong></span> <span class='ocrx_word' id='word_1_510' title='bbox 2996 4629 3073 4685; x_wconf 92' lang='lat' dir='ltr'><strong>De</strong></span> <span class='ocrx_word' id='word_1_511' title='bbox 3118 4628 3447 4687; x_wconf 85' lang='lat' dir='ltr'><strong>diversitate</strong></span> <span class='ocrx_word' id='word_1_512' title='bbox 3506 4630 3807 4702; x_wconf 80' lang='lat' dir='ltr'><strong>perfectio-</strong></span> 
     </span>
     <span class='ocr_line' id='line_1_97' title="bbox 2522 4724 3950 4779; baseline 0.001 -2"><span class='ocrx_word' id='word_1_513' title='bbox 2522 4724 3950 4779; x_wconf 79' lang='grc' dir='ltr'><strong>ιιιιιῐι............277</strong></span> 
     </span>
     <span class='ocr_line' id='line_1_98' title="bbox 2449 4808 3808 4882; baseline 0 -15"><span class='ocrx_word' id='word_1_514' title='bbox 2449 4809 2780 4882; x_wconf 89' lang='lat' dir='ltr'><strong>Capitulum</strong></span> <span class='ocrx_word' id='word_1_515' title='bbox 2812 4810 2952 4865; x_wconf 85' lang='lat' dir='ltr'><strong>XIII.</strong></span> <span class='ocrx_word' id='word_1_516' title='bbox 2978 4810 3054 4865; x_wconf 90' lang='lat' dir='ltr'><strong>De</strong></span> <span class='ocrx_word' id='word_1_517' title='bbox 3083 4808 3293 4865; x_wconf 88' lang='lat' dir='ltr'><strong>timore</strong></span> <span class='ocrx_word' id='word_1_518' title='bbox 3324 4809 3424 4881; x_wconf 90' lang='lat' dir='ltr'><strong>qui</strong></span> <span class='ocrx_word' id='word_1_519' title='bbox 3451 4810 3711 4867; x_wconf 87' lang='lat' dir='ltr'><strong>nascitur</strong></span> <span class='ocrx_word' id='word_1_520' title='bbox 3736 4828 3808 4869; x_wconf 90' lang='lat' dir='ltr'><strong>ex</strong></span> 
     </span>
     <span class='ocr_line' id='line_1_99' title="bbox 2523 4896 3949 4971; baseline 0.002 -17"><span class='ocrx_word' id='word_1_521' title='bbox 2523 4898 2929 4971; x_wconf 88' lang='lat' dir='ltr'><strong>magnitudine</strong></span> <span class='ocrx_word' id='word_1_522' title='bbox 2958 4896 3217 4955; x_wconf 86' lang='lat' dir='ltr'><strong>caritatis</strong></span> <span class='ocrx_word' id='word_1_523' title='bbox 3237 4940 3805 4956; x_wconf 92' lang='grc'><strong>.......</strong></span> <span class='ocrx_word' id='word_1_524' title='bbox 3847 4902 3949 4957; x_wconf 90' lang='grc'><strong>279</strong></span> 
     </span>
     <span class='ocr_line' id='line_1_100' title="bbox 2449 4986 3811 5060; baseline 0 -15"><span class='ocrx_word' id='word_1_525' title='bbox 2449 4987 2781 5060; x_wconf 83' lang='lat' dir='ltr'><strong>Capitulum</strong></span> <span class='ocrx_word' id='word_1_526' title='bbox 2826 4988 2961 5043; x_wconf 88' lang='lat' dir='ltr'><strong>XIV.</strong></span> <span class='ocrx_word' id='word_1_527' title='bbox 2999 4986 3379 5059; x_wconf 65' lang='lat' dir='ltr'><strong>Inter-rogatio</strong></span> <span class='ocrx_word' id='word_1_528' title='bbox 3421 4989 3493 5044; x_wconf 91' lang='lat' dir='ltr'><strong>de</strong></span> <span class='ocrx_word' id='word_1_529' title='bbox 3534 5004 3811 5045; x_wconf 86' lang='lat' dir='ltr'><strong>consum-</strong></span> 
     </span>
     <span class='ocr_line' id='line_1_101' title="bbox 2522 5075 3951 5134; baseline 0.002 -3"><span class='ocrx_word' id='word_1_530' title='bbox 2522 5077 2777 5132; x_wconf 87' lang='lat' dir='ltr'><strong>matione</strong></span> <span class='ocrx_word' id='word_1_531' title='bbox 2816 5075 3095 5131; x_wconf 78' lang='lat' dir='ltr'><strong>castItatis</strong></span> <span class='ocrx_word' id='word_1_532' title='bbox 3137 5115 3804 5133; x_wconf 91' lang='grc'><strong>........</strong></span> <span class='ocrx_word' id='word_1_533' title='bbox 3846 5079 3951 5134; x_wconf 90' lang='grc'><strong>280</strong></span> 
     </span>
     <span class='ocr_line' id='line_1_102' title="bbox 2447 5164 3805 5238; baseline -0.001 -16"><span class='ocrx_word' id='word_1_534' title='bbox 2447 5165 2775 5238; x_wconf 84' lang='lat' dir='ltr'><strong>Capitulum</strong></span> <span class='ocrx_word' id='word_1_535' title='bbox 2808 5166 2919 5219; x_wconf 87' lang='lat' dir='ltr'><strong>XV.</strong></span> <span class='ocrx_word' id='word_1_536' title='bbox 2954 5164 3161 5221; x_wconf 85' lang='lat' dir='ltr'><strong>Dilatio</strong></span> <span class='ocrx_word' id='word_1_537' title='bbox 3190 5164 3570 5237; x_wconf 87' lang='lat' dir='ltr'><strong>expositionis</strong></span> <span class='ocrx_word' id='word_1_538' title='bbox 3598 5182 3805 5238; x_wconf 90' lang='lat' dir='ltr'><strong>propo-</strong></span> 
     </span>
     <span class='ocr_line' id='line_1_103' title="bbox 2518 5252 3950 5327; baseline 0.001 -17"><span class='ocrx_word' id='word_1_539' title='bbox 2518 5254 2644 5311; x_wconf 79' lang='lat' dir='ltr'><strong>sitae</strong></span> <span class='ocrx_word' id='word_1_540' title='bbox 2674 5252 3012 5327; x_wconf 64' lang='lat' dir='ltr'><strong>quaestionis</strong></span> <span class='ocrx_word' id='word_1_541' title='bbox 3044 5296 3805 5311; x_wconf 90' lang='lat'><strong>.........</strong></span> <span class='ocrx_word' id='word_1_542' title='bbox 3845 5256 3950 5311; x_wconf 90' lang='grc'><strong>280</strong></span> 
     </span>
    </p>
   </div>
   <div class='ocr_carea' id='block_1_15' title="bbox 4253 197 4264 1000">
    <p class='ocr_par' dir='ltr' id='par_1_22' title="bbox 4253 197 4264 1000">
     <span class='ocr_line' id='line_1_104' title="bbox 4253 197 4264 1000; baseline 0 0"><span class='ocrx_word' id='word_1_543' title='bbox 4253 197 4264 1000; x_wconf 95' lang='lat' dir='ltr'><strong> </strong></span> 
     </span>
    </p>
   </div>
  </div>
 </body>
</html>
