4359 6267
909 491 1029 560 316
1375 527 1386 540 ·
1613 513 2029 563 coaxrtomm
2069 517 2154 562 ss.
2190 513 2433 562 rxrntm
2473 515 2648 562 LmER
2687 514 2751 562 ιι.
2796 533 2879 544 -—
2918 514 3205 563 commo
3245 515 3327 562 xv

911 684 1080 748 lius?
1120 685 1296 749 Tunc
1346 697 1632 754 mortuus
1683 688 1791 750 ille
1842 705 2252 769 consurgenS,
2294 706 2409 748 sua
2435 686 2488 749 A
2517 694 2877 749 straverunt
2899 687 2958 749 ei
2983 687 3308 750 hominem
3332 685 3636 768 quigenu
3666 691 4014 759 contracto,

911 802 1064 848 voce
1116 805 1264 850 mox
1314 788 1639 871 respondit
1680 795 2020 849 annuente.
2065 787 2263 860 Quem
2315 787 2409 848 in-
2518 785 2802 867 privatus
2834 785 2954 848 fuit
2984 785 3313 867 gradiendi
3336 782 3556 847 officio
3584 783 3804 846 mult-is
3830 784 4017 845 annis

910 885 1252 965 terrogavit
1293 886 1598 948 Macarius
1647 885 1791 967 quis
1837 884 2181 967 aliquando
2223 884 2411 945 exsti·
2517 892 2707 966 atque
2750 884 3010 966 antiqua
3054 883 3426 947 infirmitate
3476 883 3769 965 reptavit,
3816 890 4019 944 tenta-

910 981 1091 1044 tisset
1132 983 1196 1044 in
1237 984 1368 1045 vita
1409 985 1550 1058 hac,
1584 991 1647 1045 et
1685 983 1752 1045 in
1791 1002 1917 1064 qua
1957 990 2138 1045 aetate
2184 981 2409 1044 mundi
2518 991 2620 1044 tus
2662 989 2759 1044 est
2798 1001 2835 1043 a
2880 981 3144 1063 perfidis
3194 981 3343 1056 illis,
3384 980 3745 1045 dicentibus
3778 1001 3793 1044 ε
3836 979 4019 1042 Abba

803 1089 808 1092 '
909 1080 1158 1154 fuisset,
1197 1090 1262 1144 et
1302 1102 1382 1144 an
1427 1091 1581 1145 tunc
1629 1100 1862 1145 nomen
1908 1081 2136 1144 Christi
2185 1099 2410 1163 cogno·
2516 1079 2857 1154 Abraham,
2896 1080 2950 1142 si
2991 1099 3211 1142 servus
3250 1079 3360 1142 Dei
3403 1097 3494 1153 eS,
3526 1080 3787 1141 restitue
3828 1077 4012 1140 illum

908 1177 1121 1240 visset.
1159 1179 1503 1262 Respondit
1544 1180 1743 1242 fuisse
1777 1198 1844 1242 se
1883 1179 2003 1241 sub
2041 1178 2409 1261 antiquissi-
2519 1178 2803 1260 pristinae
2832 1179 3107 1252 sanitati,
3132 1185 3201 1239 ut
3225 1178 3558 1240 credamus
3584 1194 3815 1239 nomen
3842 1176 4016 1240 Chri-

908 1276 1029 1338 mis
1062 1276 1334 1358 regibuS,
1349 1286 1413 1339 et
1437 1297 1504 1340 se
1531 1297 1858 1359 nunquam
1889 1277 2140 1339 audisse
2172 1293 2407 1338 nomen
2518 1277 2622 1352 sti,
2655 1295 2847 1358 quem
2888 1276 3065 1350 coliS,
3099 1294 3227 1339 non
3265 1295 3405 1339 esse
3446 1277 3652 1338 inane.
3687 1276 3865 1338 Tunc
3906 1275 4015 1336 ille

908 1375 1138 1439 Christi
1169 1377 1296 1438 illis
1329 1376 1874 1459 temporib11S.Cui
1901 1376 2412 1438 MacariustDor-
2518 1374 2778 1437 nomine
2825 1374 3055 1438 Christi
3106 1375 3418 1444 invocato,
3471 1374 3783 1436 inclinans
3834 1391 3902 1436 se
3948 1381 4014 1435 et

908 1474 995 1536 mi
1025 1475 1291 1558 (inquit)
1325 1475 1390 1537 in
1432 1493 1607 1557 pace,
1641 1474 2043 1536 suscitandus
2083 1493 2119 1535 a
2160 1473 2408 1537 Christo
2516 1472 3001 1554 apprehendens
3032 1474 3281 1535 aridum
3313 1473 3591 1535 hominis
3623 1473 3874 1554 pedem,
3900 1479 4015 1532 tra·

907 1591 1054 1635 cum
1104 1573 1331 1636 ceteris
1377 1573 1442 1635 in
1487 1573 1620 1635 fine
1664 1581 2025 1654 temporum
2077 1572 2140 1634 in
2182 1572 2406 1635 ordine
2519 1573 2609 1634 xit
2638 1574 2976 1635 eumdem:
3011 1574 3195 1653 cujus
3227 1580 3429 1650 tractu
3462 1573 3887 1654 rectificatum
3916 1582 4013 1634 est

906 1678 1034 1734 tuo.
1089 1672 1233 1735 Haec
1282 1673 1484 1735 virtus
1533 1691 1608 1734 ac
1655 1673 1856 1754 gratia
1905 1671 1964 1734 S.
2017 1671 2269 1734 Macarii
2322 1671 2410 1732 la·
2518 1671 2729 1734 subito
2768 1672 3073 1733 siccatum
3111 1679 3575 1754 curvatumque
3603 1689 3793 1752 genu,
3826 1679 3892 1732 et
3922 1689 4013 1732 re—

903 1770 1129 1832 tuisset
1171 1770 1437 1834 forsitan
1482 1790 1754 1852 semper,
1799 1777 2108 1853 quantum
2153 1770 2218 1832 in
2267 1769 2405 1852 ipso
2517 1777 2701 1852 cepto
2757 1788 3011 1851 gressus
3070 1789 3213 1844 usu,
3266 1770 3529 1833 claudus
3587 1769 3695 1832 ille
3754 1777 4012 1832 sanatus

903 1868 1048 1944 fuit,
1063 1870 1186 1932 nisi
1219 1870 1561 1932 necessitas
1592 1870 1786 1932 totius
1817 1869 2237 1951 periclitantis
2269 1886 2407 1951 pro—
2439 1870 2487 1933 B
2515 1867 2674 1929 abiit
2716 1867 2913 1930 laet-us.

901 1968 1152 2043 vinciae,
1214 1969 1629 2051 sincerusque
1693 1986 1872 2031 amor
1937 1987 2011 2030 ac
2075 1969 2265 2050 plena
2322 1969 2400 2030 ad

902 2067 1222 2130 Christum
1262 2067 1514 2130 devotio
1557 2067 1971 2150 compulisset
2003 2086 2152 2129 eum
2192 2066 2401 2130 facere
2920 2087 3425 2151 CAPITULUM
3486 2089 3601 2151 VI,

902 2165 1069 2227 istud
1104 2165 1505 2228 miraculum.
1542 2165 1717 2238 Quod
1746 2165 1826 2226 ab
1857 2183 1933 2228 eo
1961 2164 2106 2226 fieri
2137 2165 2402 2228 extorsit

902 2264 1096 2327 totius
1128 2263 1333 2347 plebis
1365 2263 1604 2325 utilitas
1635 2270 1698 2325 et
1728 2264 1956 2326 caritas
1987 2263 2241 2337 Christi,
2272 2281 2399 2325 non

901 2363 1238 2425 ostentatio
1273 2381 1434 2424 vana
1469 2380 1482 2424 :
1517 2362 2054 2444 quemadmodum
2091 2362 2255 2424 liber
2285 2362 2399 2424 Re-

901 2479 1054 2542 gum
1097 2467 1363 2523 testatur
1405 2459 1634 2522 fecisse
1680 2460 1904 2534 Eliam,
1947 2461 2058 2542 qui
2104 2459 2245 2523 ideo
2290 2479 2401 2542 po·
2660 2459 2686 2520 Ι
2728 2458 2850 2521 viri
2910 2458 3067 2520 nihil
3128 2458 3337 2520 meriti
3396 2457 3522 2521 sibi
3577 2460 4009 2523 attribuebant

663 2567 718 2611 ¹¹1
744 2568 858 2623 Reo-
901 2559 1161 2622 stulavit
1202 2559 1412 2641 ignem
1457 2559 1535 2621 de
1575 2559 1736 2622 coelo
1778 2559 2161 2622 descendere
2207 2578 2402 2641 super
2690 2563 2949 2639 propter
2996 2555 3362 2636 hujusmodi
3414 2557 3615 2638 signa,
3658 2577 3801 2640 quae
3858 2557 4013 2620 fate-

607 2643 723 2681 Μ’·
751 2633 821 2674 ³⁷·
901 2659 1139 2722 hostias
1189 2659 1369 2721 altari
1429 2658 1781 2740 impositaS,
1836 2666 1905 2720 ut
1953 2657 2152 2721 fidem
2204 2660 2399 2721 totius
2510 2655 2742 2718 bantur
2785 2654 2929 2718 fieri
2974 2672 3099 2716 non
3144 2673 3221 2716 ex
3265 2655 3491 2718 merito
3540 2674 3676 2731 suo,
3719 2657 3827 2718 sed
3881 2658 4013 2739 pie-

901 2757 1122 2840 populi
1157 2756 1475 2830 liberaret,
1509 2757 1734 2820 eodem
1765 2757 2004 2839 populo
2035 2757 2396 2838 periclitan-
2508 2761 2635 2816 tate
2678 2754 2914 2827 divina,
2958 2753 3305 2814 refutantes
3348 2753 3693 2816 humanam
3735 2755 4007 2837 gloriam

2627 2218 2799 2286 Quod
2824 2218 3105 2274 meritum
3132 2218 3395 2274 hominis
3422 2234 3545 2274 non
3573 2217 3786 2274 debeat
3814 2234 3897 2274 cx

2910 2307 3229 2363 miraculis
3250 2308 3611 2378 ponderari.

899 2863 961 2917 te
1004 2855 1344 2938 praestigiis
1389 2855 2110 2937 pseudoprophetarum.
2510 2851 2574 2914 in
2632 2851 3047 2914 admiratione
3106 2851 3432 2931 signorum
3492 2871 3605 2935 per
3659 2853 4011 2934 apostolica

2507 2950 2703 3013 verba
2738 2951 2873 3014 haec
2916 2969 2931 3014 ε
2974 2949 3104 3012 Viri
3154 2948 3402 3026 fratres,
3444 2952 3595 3033 quid
3628 2951 4011 3015 'admirami·
4054 2973 4302 3016 Aean-1³22

1300 3083 1804 3148 CAPITULUM
1864 3083 1981 3147 IV·
2430 3048 2473 3111 C
2510 3049 2572 3110 ni
2616 3049 2680 3111 in
2720 3049 2884 3111 hoc?
2922 3056 3031 3110 aut
3072 3066 3184 3110 nos
3223 3049 3378 3131 quid
3417 3049 3779 3123 intuemini,
3822 3051 4005 3132 quasi

2509 3156 2723 3210 nostra
2754 3148 2987 3210 virtute
3016 3155 3123 3209 aut
3157 3147 3426 3228 pietate*
3458 3148 3800 3211 fecerimus
3833 3149 4005 3212 hunc
4058 3170 4302 3223 ψοιαιιω

2508 3247 2888 3309 ambulare?
2936 3246 3063 3308 Nec
3110 3246 3487 3329 reputabant
3534 3248 3816 3331 aliquem
3866 3267 4003 3311 esse
4301 3259 4302 3268 ’

2510 3345 2894 3407 laudandum
2930 3363 3007 3407 ex
3046 3345 3159 3407 Dei
3190 3345 3516 3428 prodigiis,
3550 3347 3659 3409 sed
3690 3348 4004 3410 virtutum

1043 3439 1172 3502 UID
1203 3439 1396 3504 etiam
1427 3437 1697 3500 referam
1728 3446 1903 3519 gesta
1928 3437 2176 3500 abbatis
2207 3437 2399 3500 Abra·
2507 3443 2808 3526 operibus
2838 3463 2979 3526 quae
3008 3443 3177 3505 fiunt
3216 3463 3329 3527 per
3358 3446 3661 3508 virtutem
3690 3455 3883 3529 atque
3913 3447 4011 3509 in-

905 3437 1036 3639 Q
1062 3537 1306 3618 hae,qui
1338 3544 1596 3618 propter
1626 3536 2102 3618 simplicitatem
2131 3544 2196 3598 et
2227 3537 2402 3599 inno-
2510 3543 2819 3604 dustriam
2863 3541 3113 3604 mentis.
3162 3542 3547 3624 Frequenter
3588 3563 3887 3626 namque,
3936 3553 4007 3607 ut

899 3637 1175 3698 centiam
1205 3653 1456 3698 morum
1487 3653 1747 3697 suorum
1779 3634 2050 3716 simplex
2079 3636 2398 3716 cognomi·
2508 3641 2751 3702 dictum
2783 3639 3201 3712 est,homines
3234 3649 3445 3702 mente
3476 3642 3775 3725 corrupti,
3792 3660 4008 3724 repro-

899 3736 1121 3796 natur?
1152 3734 1268 3808 Qui
1298 3753 1500 3816 quum
1530 3741 1814 3814 tempore
1847 3733 2397 3814 Quinquagesimae
2510 3739 2575 3800 bi
2606 3739 2773 3801 circa
2797 3737 3010 3812 fidem,
3028 3738 3357 3821 expellunt
3387 3739 3797 3814 daemonia,et
3824 3740 4005 3822 signa

900 3833 1282 3914 perrexisset
1332 3850 1520 3893 causa
1574 3831 1852 3893 metendi
1905 3831 1982 3892 ad
2031 3833 2394 3914 AEgyptum,
2512 3837 2786 3898 maxima
2816 3845 3179 3918 operantur.
3215 3837 3301 3899 De
3342 3838 3577 3919 quibus
3611 3858 3813 3920 quum
3842 3841 4009 3921 Apo-

899 3938 963 3992 et
997 3930 1297 4012 precibus
1340 3930 1746 4011 lacrimisque
1789 3928 2014 3991 fuisset
2050 3938 2326 3992 arctatus
2362 3949 2399 3992 a
2510 3935 2654 3996 stoli
2687 3942 3117 4009 causarentur,
3137 3942 3193 3996 et
3228 3935 3509 3998 dicerent
3536 3937 3785 4000 Christo
3810 3957 3825 4002 :
3850 3937 4007 4000 1³1·ae-
4046 3957 4302 4010 amuda}

900 4029 1169 4091 muliere
1235 4027 1560 4108 bajulante
1629 4026 2014 4089 infantulum
2072 4046 2262 4088 suum
2320 4046 2398 4089 ex
2510 4040 2747 4114 ceptor,
2780 4032 3059 4095 vidimus
3096 4033 3439 4115 quemdam
3483 4034 3547 4097 in
3592 4036 3851 4098 nomine
3892 4045 4007 4098 tuo
4301 4033 4302 4050 ³

900 4129 1116 4210 inopia
1158 4127 1339 4189 lactis
1380 4126 1512 4207 jam
1562 4125 1852 4188 tabidum
1901 4135 1963 4186 et
2013 4125 2400 4188 semidefun-
2508 4131 2817 4193 daemonia
2847 4131 3233 4211 ejicientem,
3256 4139 3316 4194 et
3350 4131 3797 4214 prohibuimus
3826 4152 4003 4207 eum,

899 4235 1097 4302 ctum,
1143 4227 1318 4288 dedit
1373 4227 1433 4288 ei
1493 4226 1757 4288 calicem
1816 4244 1996 4316 aquae
2045 4226 2394 4306 potandum
2427 4234 2478 4296 D
2508 4229 2659 4310 quia
2699 4247 2825 4291 non
2865 4229 3155 4311 sequitur
3195 4229 3567 4310 nobiseum3
3599 4238 3661 4293 et
3705 4232 4005 4313 quamvis

899 4327 1211 4408 impresso
1262 4325 1470 4387 crucis
1519 4324 1866 4406 signaculo,
1920 4324 2104 4404 cujus
2165 4324 2395 4386 haustu
2509 4328 2791 4390 Salvator
2838 4328 3231 4409 responderit
3281 4337 3436 4390 tunc
3478 4347 3491 4390 :
3540 4329 3745 4392 Nolite
3792 4329 4007 4412 prohi—
4074 4355 4302 4400 maso„

896 4424 1072 4487 arida
1113 4422 1368 4485 feminae
1410 4423 1609 4485 ubera
1661 4422 1998 4485 confestim
2042 4423 2395 4485 redundare
2508 4427 2679 4502 bere,
2714 4426 2823 4509 qui
2853 4427 3026 4489 enim
3058 4446 3183 4489 non
3214 4435 3310 4488 est
3348 4428 3687 4490 adversum
3717 4447 3850 4501 VOS,
3883 4447 4005 4510 pro
4301 4417 4302 4420 ¹

898 4529 1229 4604 coeperunt
1271 4521 1507 4582 mirum
1549 4521 1616 4582 in
1661 4522 1920 4584 modum
1965 4522 2148 4603 copia
2192 4521 2391 4584 lactis,
2508 4525 2690 4588 vobis
2731 4533 2867 4604 est3
2908 4527 3000 4588 eis
3044 4532 3257 4588 tamen
3298 4525 3366 4587 in
3409 4525 3541 4588 fine
3583 4527 3949 4590 dicentibus
3984 4548 3999 4592 :

2507 4623 2795 4698 Domine,
2846 4624 3135 4698 Domine,
3188 4640 3398 4686 nonne
3449 4625 3515 4687 in
3574 4626 3831 4688 nomine
3888 4635 4003 4688 tuo
4058 4629 4302 4708 gamm}

1319 4777 1825 4842 CAPITULUM
1888 4777 1948 4838 V
2508 4722 3049 4804 prophetavimuS,
3094 4730 3158 4783 et
3199 4722 3266 4784 in
3308 4724 3567 4786 nomine
3612 4732 3719 4786 tuo
3769 4725 4003 4788 daemo-
4039 4724 4119 4766 ²²·

1957 4825 1970 4839 ’
2508 4822 2614 4884 nia
2662 4820 2994 4902 ejecimuS,
3045 4829 3105 4883 et
3156 4822 3221 4883 in
3270 4823 3527 4885 nomine
3578 4830 3685 4886 tuo
3732 4823 4005 4887 virtutes

1068 4918 1348 4987 Qualiter
1385 4918 1543 4974 idem
1579 4917 1889 4973 curaverit
1925 4917 2226 4974 claudum·
2510 4920 2740 4982 multas
2781 4918 3092 4982 fecimus?
3132 4938 3589 5003 responsurum
3628 4940 3695 4984 se
3738 4941 3874 4984 esse
3918 4931 4007 4985 te-

2426 5021 2431 5024 ’
2508 5026 2710 5080 statur
2744 5035 2757 5080 τ
2800 5018 2957 5092 Quia
2997 5038 3326 5102 nunquam
3364 5019 3512 5082 novi
3552 5037 3696 5100 vos3
3732 5021 4005 5084 discedi·
4078 5007 4302 5100 maza}

1041 5116 1322 5190 ENIQUE
1354 5115 1522 5178 idem
1553 5113 1869 5177 Abraham
1902 5133 2169 5196 pergens
2199 5114 2274 5176 ad
2308 5115 2399 5177 vi·
2510 5123 2571 5179 te
2600 5135 2638 5178 a
2670 5135 2791 5190 me,
2824 5117 3097 5199 operarii
3140 5118 3515 5201 iniquitatis.
3550 5119 3709 5182 Hinc
3747 5138 4005 5203 quoque

1060 5235 1230 5289 cum,
1277 5213 1707 5276 circumdatus
1752 5212 1841 5275 ibi
1885 5212 2088 5275 turbis
2132 5213 2400 5276 illuden-
2508 5215 2808 5277 admonet
2874 5233 2983 5278 eos
3051 5216 3287 5297 quibus
3356 5218 3670 5280 concessit
3736 5218 4007 5299 gratiam

901 5315 1063 5377 tium
1112 5312 1530 5397 perfidorum,
1576 5310 1687 5393 qui
1731 5310 2180 5374 subsannando
2225 5329 2399 5376 mon·
2513 5312 2969 5376 miraculorum
3010 5322 3269 5396 propter
3309 5315 3610 5378 meritum
3652 5317 4010 5380 sanctitatis

1018 3208 1102 3262 De
1131 3205 1429 3262 miraculo
1455 3204 1700 3275 abbatis
1729 3205 1992 3261 Abrahoe
2018 3204 2185 3276 facto
2214 3206 2283 3260 in

1343 3293 1634 3350 uberibus
1661 3293 1957 3350 mulieris.
