4359 6267
879 477 960 541 82

1759 498 1838 544 DE
1881 497 2209 544 INSTITUTIS
2252 498 2337 543 SS.
2372 496 2633 543 unum.
2678 514 2759 525 ·—
2799 496 2973 542 LIBER
3014 497 3099 543 vn

879 665 1253 745 gravissime
1293 668 1466 730 omni
1513 675 1834 730 momento
1873 668 2136 741 moveri,
2171 685 2374 729 cessa·
2404 662 2457 727 A
2489 666 2672 728 modo
2700 666 3179 748 descripsimuS,
3214 666 3325 748 qui
3365 664 3759 727 miserabiles
3789 680 3989 745 quos-

879 770 973 824 ret
1023 782 1276 846 quoque
1319 784 1392 827 ea
1433 775 1732 848 appetere
1776 786 1916 848 quae
1963 784 2080 827 nec
2121 772 2268 827 ante
2308 764 2374 824 in

879 861 1112 924 saeculo
1144 863 1528 943 possidebat,
1561 883 1833 945 quorum
1874 865 1926 927 si
1966 864 2243 925 vinculis
2279 882 2376 925 ca-

881 966 1157 1039 peretur,
1208 962 1540 1041 pervenire
1590 980 1716 1025 non
1762 970 1974 1044 posset
2019 963 2098 1024 ad
2147 980 2373 1042 purga-

883 1058 1120 1121 tionem
1171 1060 1474 1123 vitiorum
1535 1079 1836 1139 suorum3
1888 1069 2038 1122 tunc
2089 1061 2197 1123 ille
2243 1068 2374 1121 tru-

883 1156 1139 1219 culento
1177 1159 1359 1220 vultu
1405 1160 1784 1242 respondere
1828 1178 1956 1222 non
1999 1160 2215 1221 timuit
2256 1176 2269 1221 :
2309 1157 2371 1220 Si

880 1261 948 1315 tu
987 1255 1182 1318 habes
1222 1257 1531 1337 plurimos
1570 1276 1866 1320 nummos
1908 1258 2142 1339 quibus
2178 1265 2241 1318 te
2276 1276 2376 1317 su-

880 1362 1138 1429 stentas,
1168 1374 1283 1416 cur
1314 1356 1612 1437 prohibes
1643 1356 1937 1418 similiter
1969 1375 2069 1417 me
2100 1354 2373 1417 habere?

1248 1609 1751 1673 CAPITULUM
1814 1609 2002 1672 XIII.

1015 1756 1177 1823 Quid
1211 1756 1478 1812 seniores
1514 1756 1834 1827 conferant
1859 1755 2228 1825 ,iunioribus

1197 1846 1265 1900 in
1297 1846 1706 1902 denudatione
1738 1846 2046 1901 vitiorum.

1029 2044 1146 2106 AEC
1195 2051 1408 2105 autem
1460 2060 1587 2104 non
1635 2042 1972 2103 videantur
2018 2041 2212 2102 alicui
2272 2060 2373 2103 su-

1059 2141 1306 2224 perflua
1333 2148 1443 2202 aut
1473 2140 1748 2203 molesta.
1774 2140 1908 2202 Nisi
1939 2140 2110 2201 enim
2141 2157 2373 2219 genera

877 2240 1181 2301 vitiorum
1230 2238 1468 2300 fuerint
1517 2238 1694 2319 prius
1743 2236 2048 2317 exposita,
2096 2244 2158 2297 et
2211 2254 2373 2297 mor-

879 2337 1106 2399 borum
1147 2355 1350 2399 causae
1390 2344 1578 2418 atque
1621 2334 1897 2416 origines
1942 2334 2367 2416 inquirantur,

879 2454 1006 2497 non
1040 2434 1271 2515 poterit
1301 2433 1580 2495 infirmis
1614 2432 1900 2495 adhiberi
1937 2450 2215 2513 congrua
2244 2432 2371 2513 spi-

879 2533 1125 2594 ritualis
1166 2532 1429 2605 curati0,
1474 2550 1589 2593 nec
1634 2530 1906 2593 fortibus
1950 2529 2227 2593 conferri
2267 2548 2372 2590 va-

879 2632 1032 2694 lebit
1103 2631 1383 2713 perfecta
1447 2631 1758 2693 virtutum
1827 2629 2132 2691 custodia.
2196 2627 2372 2690 Unde

879 2730 1159 2792 seniores
1207 2730 1412 2791 solent
1461 2729 1593 2791 haec
1643 2734 1706 2789 et
1757 2728 1959 2789 multo
2017 2726 2201 2807 plura
2249 2742 2374 2785 ser-

882 2828 1259 2891 mocinando
1289 2845 1642 2909 proponere
1673 2827 1750 2887 ad
1777 2825 2108 2906 juniorum
2141 2822 2372 2886 doctri-

878 2946 1025 2989 nam
1079 2944 1092 2987 :
1144 2926 1257 3007 qui
1312 2925 1532 3006 utique
1589 2924 1871 2987 seniores
1929 2922 2171 3004 experti
2224 2927 2373 2982 sunt

2486 784 2611 846 que
2669 764 2996 847 decipiens
3060 765 3423 837 monachos,
3486 763 3825 845 persuadet
3884 762 3989 824 eis

2488 863 2597 925 illa
2634 881 3014 944 congregare
3054 864 3120 925 in
3160 864 3457 936 claustro,
3494 881 3635 944 quae
3675 880 3793 923 nec
3832 869 3989 923 ante

2486 962 2897 1044 possidebant
2937 963 3001 1024 in
3042 961 3292 1025 saeculo.
3327 961 3529 1035 Alius,
3570 960 3682 1042 qui
3720 960 3985 1041 instigat

2486 1078 2593 1123 eos
2631 1080 2854 1122 rursus
2897 1061 3255 1123 desiderare
3304 1067 3492 1141 atque
3540 1076 3865 1120 resumere
3907 1077 3989 1119 ea

2485 1178 2627 1240 quae
2680 1159 2743 1219 in
2796 1159 3054 1221 exordio
3102 1178 3232 1221 suae
3280 1155 3769 1221 renuntiationis
3812 1155 3989 1236 abje-

2485 1263 2719 1320 cerant.
2753 1258 3022 1331 TertiuS,
3056 1258 3167 1339 qui
3209 1256 3376 1319 malo
3415 1274 3489 1317 ac
3526 1254 3756 1317 vitioso
3796 1254 3988 1315 initio

2485 1363 2582 1417 est
2628 1363 3012 1429 contractuS,
3065 1355 3173 1437 qui
3225 1354 3305 1417 ab
3354 1352 3837 1435 imperfectione
3886 1352 3984 1413 in-

2485 1454 2753 1535 cipienS,
2796 1472 2919 1516 non
2964 1453 3278 1535 permittit
3316 1472 3383 1515 se
3420 1471 3457 1513 a
3496 1449 3745 1513 cunctis
3796 1469 3983 1511 mun-

2484 1552 2549 1613 di
2598 1552 3007 1615 facultatibus
3056 1552 3375 1615 denudare
3421 1568 3529 1613 eos
3572 1568 3733 1632 quos
3781 1548 3983 1611 semel

2485 1651 2778 1713 infecerit
2835 1670 2950 1713 suo
3011 1659 3224 1733 tepore
3278 1667 3293 1711 ε
3351 1649 3480 1712 imo
3538 1650 3767 1711 timore
3827 1667 3981 1729 pau—

2486 1750 2747 1831 pertatis
2788 1769 2859 1811 ac
2900 1748 3279 1811 diffidentiae
3317 1748 3469 1809 facit
3510 1764 3617 1809 eos
3657 1764 3797 1808 esse
3834 1764 3983 1809 con-

2408 1846 2455 1907 B
2486 1866 2724 1922 cuss08,
2748 1867 2865 1911 nec
2898 1867 3179 1929 unquam
3212 1846 3524 1929 permittit
3550 1862 3658 1908 eos
3687 1846 3765 1907 ad
3794 1864 3983 1906 evan-

2483 1947 2752 2026 gelicam
2794 1946 3251 2028 perfectionem
3293 1945 3675 2027 pertingere,
3709 1944 3819 2025 qui
3854 1943 3979 2005 sibi

2484 2051 2807 2106 reservant
2856 2044 3158 2126 pecunias
3208 2044 3341 2105 sive
3392 2041 3777 2104 substantias
3822 2060 3982 2123 quas

2485 2142 2547 2203 in
2582 2142 2901 2223 principio
2932 2160 3060 2203 suae
3091 2140 3582 2203 renuntiationis
3623 2138 3983 2200 debuerunt

2484 2239 2781 2319 abjicere.
2830 2240 3105 2312 Quarum
3156 2239 3349 2300 trium
3400 2237 3825 2319 cupiditatum
3874 2256 3981 2298 ex—

2484 2338 2695 2419 empla
2759 2358 2871 2400 seu
2941 2356 3134 2419 opera
3192 2338 3557 2399 invenimus
3620 2336 3687 2397 in
3744 2336 3981 2397 sanctis

2485 2436 2830 2517 Scripturis
2869 2454 2995 2499 non
3036 2455 3231 2518 parva
3268 2454 3456 2517 poena
3492 2454 3633 2497 esse
3662 2435 3975 2496 damnata.

2484 2534 2641 2596 Nam
2692 2534 2861 2597 Giezi
2912 2535 3131 2597 volens
3178 2534 3507 2615 acquirere
3556 2551 3631 2594 ea
3679 2552 3820 2616 quae
3860 2552 3979 2594 nec

2485 2640 2629 2695 ante
2680 2634 3065 2714 possederat,
3117 2650 3245 2695 non
3303 2631 3511 2693 solum
3568 2649 3696 2694 non
3745 2631 3981 2692 meruit

2485 2732 2773 2795 obtinere
2803 2731 3067 2811 gratiam
3100 2730 3671 2813 prophetiae,quam
3702 2747 3818 2811 per
3846 2748 3984 2790 suc-

2486 2828 2840 2892 cessionem
2908 2830 3090 2910 quasi
3158 2828 3609 2892 hereditariam
3665 2827 3890 2889 habuit
3944 2847 3983 2889 a

2488 2926 2787 3006 magistro
2815 2944 2926 2989 suo
2951 2923 3160 2987 Eliseo
3188 2926 3532 3008 suscipere,
3546 2942 3762 2986 verum
3793 2925 3981 2986 etiam

878 3022 1376 3086 innumerabiles
1434 3022 1828 3084 diversorum
1886 3020 2103 3082 ruinas
2158 3026 2223 3080 et
2274 3036 2372 3079 ca-
2410 3020 2454 3085 C
2485 3024 2839 3087 econtrario
2879 3032 3113 3085 aeterna
3152 3021 3449 3104 perfusus
3493 3029 3591 3085 est
3636 3023 3810 3103 lepra
3849 3042 3979 3084 ma-

877 3142 1004 3183 suS.
1026 3123 1304 3195 Quorum
1336 3120 1634 3182 vitiorum
1669 3119 1864 3181 multa
1893 3138 2058 3199 saepe
2090 3117 2154 3179 in
2188 3116 2372 3178 nobis

880 3220 1036 3301 ipsis
1068 3226 1478 3300 agnoscentes
1509 3236 1584 3279 ex
1617 3216 1952 3279 collatione
1981 3223 2042 3277 et
2076 3214 2373 3275 informa-

877 3316 1162 3380 tionibus
1194 3316 1540 3389 seniorum,
1577 3322 1794 3396 utpote
1824 3314 1935 3396 qui
1965 3314 2209 3375 eisdem
2242 3332 2374 3393 pas-

876 3414 1168 3478 sionibus
1214 3413 1648 3495 pulsabamur,
1689 3412 1929 3493 absque
1969 3420 2184 3473 nostra
2226 3430 2372 3474 con-

878 3514 1130 3577 fusione
1179 3520 1242 3574 et
1289 3511 1673 3573 verecundia
1723 3510 2124 3583 curabamur,
2171 3528 2371 3591 quum

877 3612 1053 3674 taciti
1117 3611 1508 3673 disceremus
1568 3628 1787 3671 causas
1848 3616 2036 3689 atque
2095 3608 2375 3670 remedia

879 3711 1184 3772 vitiorum
1226 3727 1340 3771 nos
1383 3707 1914 3788 impugnantium.
1951 3706 2097 3778 Quae
2133 3724 2248 3767 nos
2280 3724 2376 3767 ce-

879 3808 1150 3870 lavimus
1200 3826 1273 3868 ac
1317 3805 1806 3887 praeterivimuS,
1849 3823 1922 3866 ea
1969 3820 2095 3865 non
2140 3802 2375 3864 descri-

876 3908 1105 3979 bend0‚
1153 3924 1280 3967 non
1325 3924 1400 3966 ex
1444 3904 1672 3965 timore
1716 3902 2193 3964 communitatis
2234 3902 2374 3962 Fra-

877 4014 1068 4079 trum,
1103 4004 1213 4066 sed
1244 4022 1323 4065 ne
1355 4001 1516 4065 forte
1558 4000 1721 4062 liber
1761 4000 1879 4062 iste
1920 3997 2265 4061 deveniens
2308 3998 2373 4058 in

877 4123 1102 4165 manus
1153 4120 1374 4164 eorum
1424 4100 1531 4181 qui
1589 4099 1650 4160 in
1701 4097 2028 4179 religionis
2073 4096 2375 4157 exercita-

877 4202 1045 4265 tione
1097 4200 1309 4261 minus
1364 4197 1630 4280 perfecti
1691 4204 1860 4270 sunt,
1914 4193 2254 4276 patefaciat
2300 4212 2373 4254 ea
2404 4196 2455 4259 D

875 4297 1222 4379 inexpertis
1273 4316 1414 4377 quae
1463 4295 1715 4376 cognita
1772 4312 1910 4355 esse
1962 4310 2088 4353 non
2138 4290 2375 4352 debent

875 4396 1000 4457 nisi
1051 4394 1202 4456 solis
1263 4393 1509 4455 fortiter
1563 4390 2020 4463 laborantibuS,
2072 4407 2145 4450 ac
2197 4387 2371 4449 festi-

878 4492 1179 4556 nantibus
1224 4492 1482 4554 culmen
1529 4488 1938 4573 perfectionis
1977 4488 2308 4567 attingere.

1246 4717 1749 4781 CAPITULUM
1814 4714 1996 4777 XIV.

920 4840 1153 4910 Quibus
1181 4840 1476 4911 exemplis
1505 4838 1748 4894 morbus
1776 4838 2070 4892 avaritioe
2101 4836 2339 4907 triplex

1355 4944 1480 4983 esse
1508 4932 1894 4983 monstretur.

1005 5081 1279 5145 RIPLEX
1314 5080 1524 5160 itaque
1554 5086 1650 5140 est
1679 5077 1958 5142 avaritiae
1989 5077 2182 5158 hujus
2216 5096 2377 5141 mor-

1034 5181 1176 5255 buS,
1219 5179 1329 5261 qui
1379 5178 1459 5239 ab
1514 5178 1828 5240 universis
1877 5176 2168 5240 Patribus
2208 5178 2377 5240 dete-

883 5278 1151 5341 statione
1180 5276 1555 5360 reprobatur
1582 5276 1829 5358 aequali.
1851 5276 2022 5339 Unus
2051 5283 2169 5350 est,
2189 5295 2379 5358 quem

2486 3122 2825 3184 ledictione
2871 3121 3257 3183 sanctissimi
3302 3120 3515 3183 Elisei.
3562 3122 3749 3183 Porro
3789 3122 3979 3183 Judas

2487 3220 2705 3282 volens
2753 3237 3076 3281 resumere
3126 3218 3428 3301 pecunias
3478 3238 3635 3300 quas
3682 3226 3827 3280 ante
3874 3219 3981 3280 ab·

2482 3319 2721 3398 jecerat
2753 3317 3073 3380 Christum
3108 3316 3453 3398 sequendo,
3487 3334 3615 3378 non
3655 3316 3860 3379 solum
3898 3318 3977 3378 ad

2488 3415 2718 3479 Christi
2761 3415 3165 3477 traditionem
3204 3422 3299 3477 est
3340 3415 3577 3496 lapsuS,
3612 3422 3675 3477 et
3710 3416 3977 3495 gradum

2486 3514 2700 3576 amisit
2744 3514 3153 3594 apostolatus,
3205 3513 3315 3574 sed
3364 3512 3554 3574 etiam
3610 3513 3841 3575 meruit
3889 3514 3981 3575 vi-

2485 3619 2614 3674 tam
2648 3631 2827 3673 suam
2861 3612 3184 3673 communi
3216 3611 3389 3673 exitu
3422 3630 3549 3673 non
3582 3611 3793 3685 finire,
3816 3630 3983 3673 eam-

2486 3730 2611 3791 que
2653 3710 2861 3791 laquei
2904 3717 3105 3771 morte
3150 3709 3480 3772 conclusit..
3515 3709 3786 3772 Ananias
3826 3728 3981 3791 quo-

2486 3828 2609 3890 que
2656 3816 2717 3869 et
2768 3807 3053 3889 Saphira,
3107 3815 3498 3869 reservantes
3556 3808 3680 3869 sibi
3730 3815 3979 3889 partem

2484 3906 2947 3986 aliquantulam
2994 3925 3071 3967 ex
3129 3905 3228 3968 his
3290 3926 3431 3987 quae
3487 3914 3632 3968 ante
3690 3907 3983 3988 possede-

2487 4011 2648 4079 rant,
2692 4004 3039 4085 apostolico
3081 4022 3188 4066 ore
3233 4005 3440 4085 puniti
3486 4012 3633 4067 sunt
3676 4013 3894 4067 morte.

2876 4258 2982 4321 CA
2990 4258 3381 4321 PITULUM
3442 4259 3593 4321 XV.

2550 4406 2850 4473 Quomodo
2876 4406 3030 4461 male
3058 4407 3424 4462 renuntians
3452 4406 3706 4480 differat
3733 4425 3773 4464 a
3801 4424 3923 4465 non

3036 4497 3449 4551 renuntiante.

2626 4692 2673 4753 E
2709 4691 2808 4753 his
2842 4691 3036 4771 igitur
3062 4692 3172 4773 qui
3207 4692 3488 4756 dic-entes
3518 4712 3585 4755 se
3617 4696 3979 4759 renuntiare

2653 4790 2803 4852 huic
2849 4792 3111 4864 mund0,
3146 4810 3366 4854 rursus
3397 4792 3839 4857 incredulitate
3868 4814 3978 4857 seu

2486 4887 2850 4951 diffidentia
2906 4889 3084 4963 victi,
3142 4890 3369 4953 timent
3426 4891 3656 4974 opibus
3712 4894 3979 4955 terrenis

2486 4986 2736 5060 nudari,
2770 4986 2836 5047 in
2867 4988 3357 5051 Deuteronomio
3396 4988 3661 5071 mystice
3701 4990 3788 5052 ita
3826 5011 3977 5073 prae-

2486 5083 2723 5165 cipitur
2773 5102 2786 5146 :
2842 5084 3100 5167 Siquis
3148 5092 3244 5147 est
3289 5085 3481 5148 homo
3530 5086 3976 5152 formidolosus

2488 5189 2549 5243 et
2592 5181 2781 5243 corde
2832 5183 3123 5263 pavidus,
3167 5200 3293 5245 non
3332 5184 3693 5264 egrediatur
3732 5186 3811 5247 ad
3850 5185 3979 5247 bel-

2490 5276 2661 5356 lum;
2695 5277 2882 5339 vadat
2910 5284 2973 5340 et
3003 5284 3353 5340 revertatur
3382 5278 3447 5341 in
3478 5280 3741 5343 domum
3772 5300 3975 5355 suam,

4040 2558 4097 2601 [V
4110 2558 4223 2611 fleg.
4242 2572 4279 2605 r,

4012 2624 4088 2665 27.

4074 3337 4233 3379 ‘vaith
4242 3370 4251 3379 .

4012 3413 4139 3449 xxvi,
4188 3405 4236 3443 ⁴⁸
4252 3416 4263 3448 ς

4010 3476 4155 3514 xxvix,
4178 3467 4218 3505 5.

4050 3732 4165 3775 Aet.
4188 3746 4227 3775 v.
4248 3736 4283 3774 3.

4014 3798 4089 3837 10.

4016 5108 4289 5155 Beatam-³.
