4359 6267
1005 506 1422 558 couATlouun
1473 511 1558 557 SS.
1603 511 1847 559 PATRUM
1895 515 2070 562 LIBER
2119 516 2184 561 11.
2237 535 2319 546 -
2368 517 2654 566 coLLATm
2703 520 2791 565 ΧΠ

3329 499 3445 564 281

1377 891 2111 1004 COLLATIO
2216 894 2434 1004 XII

1205 1134 1591 1230 (Abbatis
1646 1133 2195 1210 Chaeremonis
2245 1135 2641 1232 secunda)

1555 1380 1664 1431 DE
1734 1381 2243 1433 CASTITATE.

561 1715 1141 1782 CAPITULUM
1209 1714 1626 1779 PRIMUM.

907 1865 1288 1920 Prooemium.

497 2061 672 2125 UUM
720 2079 912 2123 senex
959 2060 1263 2122 sensisset
1310 2075 1424 2121 nos
1477 2067 1844 2141 exspectare

367 2059 491 2270 Q
528 2159 816 2222 debitum
867 2158 1194 2240 promissae
1250 2156 1634 2230 collationiS,
1683 2155 1845 2219 refe-

363 2265 559 2320 ctione
599 2263 936 2328 transacta,
977 2275 1120 2337 quae
1159 2272 1428 2318 onerosa
1470 2254 1590 2316 fuit
1635 2255 1844 2336 potius

363 2374 542 2436 quam
591 2355 878 2436 jucunda
938 2353 1124 2416 nobis
1186 2353 1696 2415 desiderantibus
1759 2353 1845 2415 ci-

363 2451 510 2516 bum
545 2452 1007 2525 instructioniS,
1050 2451 1214 2513 dixit
1249 2469 1263 2512 :
1301 2451 1487 2514 Grata
1527 2450 1710 2513 nobis
1750 2458 1847 2513 est

365 2569 485 2614 non
527 2552 731 2615 solum
779 2551 1044 2614 attonita
1095 2549 1326 2611 mentis
1368 2556 1592 2611 vestrae
1641 2549 1845 2610 inten—

369 2649 448 2711 tio
473 2651 544 2713 ad
574 2649 972 2722 discendum,
999 2648 1110 2710 sed
1139 2647 1332 2710 etiam
1363 2646 1704 2727 disciplina
1732 2665 1844 2708 seu

366 2748 508 2810 ordo
571 2747 912 2830 propositae
980 2745 1368 2828 quaestioniS.
1431 2744 1843 2807 Rationabilis

1872 1656 1924 1719 A
1952 1657 2004 1720 A
2045 1677 2173 1741 quo
2214 1660 2407 1722 etiam
2450 1664 2727 1744 postulat
2771 1664 3023 1730 liberari
3068 1686 3216 1730 cum
3261 1667 3443 1745 fletu,

1953 1757 2172 1820 dicens
2220 1776 2233 1820 :
2280 1759 2505 1822 Infelix
2547 1780 2663 1842 ego
2706 1763 2917 1838 homo,
2957 1767 3102 1848 quis
3148 1786 3250 1829 me
3293 1768 3447 1831 libe-
3472 1783 3740 1836 Remum.

1955 1855 2119 1918 rabit
2161 1858 2239 1920 de
2283 1877 2545 1941 corpore
2590 1863 2810 1924 mortis
2852 1863 3091 1946 hujus?

2374 2116 2879 2184 CAPITULUM
2942 2122 3028 2186 ΙΙ.

2105 2256 2191 2310 De
2216 2271 2466 2327 corpore
2486 2259 2725 2329 peccati
2752 2264 2811 2314 et
2838 2261 3118 2316 membris
3144 2261 3299 2332 ejus.

2109 2450 2203 2516 OC
2245 2471 2474 2535 corpus
2505 2455 2746 2535 peccati
2779 2475 2857 2518 ex
2898 2457 3114 2521 multis
3146 2459 3449 2524 vitiorum

2138 2552 2443 2614 membris
2492 2561 2929 2617 constructum
2979 2566 3095 2632 est,
3139 2566 3330 2641 atque
3373 2562 3451 2624 ad

1957 2645 2097 2727 ejus
2156 2649 2431 2729 pertinet
2480 2657 2725 2732 partem
2784 2653 3096 2735 quidquid
3152 2665 3453 2738 peccatur

1959 2744 2174 2819 verbo,
2209 2763 2422 2828 opere,
2454 2756 2563 2810 aut
2594 2750 2990 2830 cogitatione.
3020 2752 3214 2833 Cujus
3249 2774 3452 2817 mem-

367 2865 622 2928 namque
663 2846 822 2909 ordo
865 2843 1373 2924 interrogationis
1415 2861 1452 2904 a
1493 2841 1675 2904 vobis
1719 2862 1846 2905 ser·
1881 2843 1928 2906 B
1959 2840 2071 2904 bra
2119 2845 2473 2908 rectissime
2530 2846 2831 2909 dicuntur
2878 2867 3017 2911 esse
3074 2869 3267 2932 super
3325 2860 3447 2914 ter-

367 2952 533 3006 vatus
573 2951 688 3006 est.
737 2943 1006 3006 Necesse
1049 2949 1148 3004 est
1189 2942 1362 3004 enim
1412 2948 1482 3003 ut
1533 2941 1845 3003 immensa

285 3038 294 3046 '
367 3043 468 3104 illa
499 3042 752 3124 praemia
791 3048 1116 3124 perpetuae
1153 3039 1458 3102 castitatis
1499 3047 1847 3120 sequantur

365 3140 812 3222 plenitudinem
854 3145 984 3201 tam
1026 3138 1290 3201 excelsae
1331 3137 1690 3200 dilectionis
1731 3157 1844 3200 seu

365 3239 646 3311 caritatiS,
689 3255 930 3320 parque
974 3236 1216 3299 oriatur
1255 3236 1560 3317 gaudium
1606 3235 1670 3297 in
1715 3244 1845 3297 tan-

369 3345 425 3398 ta
479 3337 782 3418 parilitate
843 3343 907 3398 et
957 3334 1402 3398 conformitate
1462 3333 1840 3416 palmarum.

367 3435 550 3498 Tanta
601 3435 772 3498 enim
840 3435 1138 3497 societate
1202 3432 1561 3513 junguntur
1619 3433 1845 3494 caritas

293 3613 298 3620 .
369 3534 482 3596 ista
527 3541 586 3596 et
635 3533 911 3607 castitaS,
963 3539 1033 3594 ut
1089 3551 1216 3593 una
1271 3532 1409 3593 sine
1459 3531 1656 3593 altera
1707 3549 1845 3592 esse

371 3649 487 3693 non
527 3631 717 3714 possit
761 3639 872 3693 aut
919 3629 1248 3712 possideri.
1299 3629 1427 3692 Hoc
1475 3646 1627 3710 ergo
1676 3648 1846 3710 quae-

371 3729 485 3792 stio
525 3737 728 3791 vestra
777 3728 1064 3810 inquirit,
1114 3735 1330 3790 utrum
1389 3727 1845 3808 concupiscen-

372 3827 467 3888 tiae
505 3827 682 3908 ignis,
727 3827 914 3907 cujus
955 3827 1246 3889 ardorem
1289 3825 1482 3888 sentit
1525 3825 1659 3888 haec
1701 3844 1848 3889 caro

377 3924 618 3987 insitum
659 3925 807 3998 sibi,
849 3925 1049 4008 possit
1091 3925 1278 4006 plene
1321 3923 1662 4004 exstingui.

1958 2959 2133 3020 ram;
2179 2961 2326 3005 nam
2373 2944 2483 3026 qui
2537 2952 2803 3007 utuntur
2848 2963 3071 3008 eorum
3114 2948 3443 3031 obsequi0‚

1955 3055 2080 3100 non
2123 3048 2390 3120 possunt
2418 3041 2727 3104 veraciter
2754 3044 2965 3106 dicere
3001 3062 3014 3106 :
3047 3045 3269 3108 Nostra
3300 3065 3446 3110 con·
3474 3071 3738 3129 philippam

1955 3139 2227 3201 versatio
2261 3139 2326 3200 in
2368 3139 2546 3202 coelis
2586 3148 2698 3202 est.
2734 3141 2934 3222 Hujus
2974 3161 3125 3224 ergo
3163 3147 3446 3226 corporis
3474 3137 3542 3180 ²⁰·

1955 3236 2243 3298 membra
2271 3236 2635 3300 describens
2661 3239 2993 3321 Apostolus
3027 3242 3093 3304 in
3123 3242 3243 3305 hoc
3272 3243 3442 3307 loco:

1953 3333 2348 3408 Mortificate,
2391 3336 2499 3409 ait,
2538 3337 2825 3400 membra
2866 3347 3076 3403 vestra
3117 3361 3259 3424 quae
3298 3350 3448 3404 sunt
3495 3367 3735 3418 commu,

1954 3450 2146 3513 super
2194 3440 2448 3507 terram,
2499 3433 3009 3511 fornicationem,
3050 3439 3445 3503 immunditi-
3475 3433 3517 3473 ⁵·

1954 3548 2078 3602 am,
2111 3529 2469 3604 libidinem,
2496 3533 3077 3616 concupiscentiam
3105 3538 3359 3612 malam,
3384 3547 3447 3601 et.

1953 3627 2306 3702 avaritiam,
2341 3647 2483 3711 quae
2523 3637 2614 3691 est
2649 3630 2963 3695 idolorum
2994 3635 3285 3697 servitus.
3323 3635 3449 3698 Pri-

1957 3742 2062 3787 mo
2093 3725 2304 3808 itaque
2343 3726 2482 3789 loco
2511 3729 2726 3808 posuit
2764 3728 3271 3806 fornicationem,
3306 3753 3449 3816 quae

1955 3824 2193 3886 carnali
2225 3825 2677 3889 commixtione
2707 3828 3059 3908 perficitur.
3087 3830 3448 3894 Secundum

1956 3923 2319 3985 membrum
2357 3924 2608 3986 vocavit
2650 3924 3144 4003 immunditiam,
3177 3948 3319 4010 quae
3360 3929 3452 3992 in-

448 4021 528 4083 De
565 4040 689 4104 quo
731 4021 886 4104 quid
928 4021 1151 4084 beatus
1194 4020 1532 4102 Apostolus
1575 4019 1847 4082 senserit
1876 4017 1919 4081 C
1956 4021 2207 4084 terdum
2263 4021 2516 4103 obrepit
2574 4030 2637 4084 et
2694 4023 2923 4086 accidit
2982 4026 3448 4090 dormientibus

281 4153 348 4190 Aa,
379 4119 566 4200 primo
606 4120 943 4200 diligenter
985 4127 1345 4182 scrutemur
1387 4135 1401 4179 :
1447 4118 1842 4190 Mortificate,

377 4215 584 4297 inquit,
607 4217 895 4280 membra
917 4224 1126 4279 vestra
1156 4235 1298 4297 quae
1329 4224 1477 4278 sunt
1506 4234 1698 4297 super
1729 4223 1846 4277 ter-

377 4333 513 4376 ram.
536 4316 739 4398 ltaque
769 4323 1102 4398 antequam
1133 4322 1340 4377 cetera
1371 4314 1842 4395 investigemuS,

375 4412 678 4476 videamus
728 4434 870 4496 quae
919 4415 1046 4475 sint
1093 4412 1380 4475 membra
1432 4432 1573 4494 quae
1628 4411 1844 4475 morti-

377 4509 535 4573 ficari
577 4512 894 4595 praecepit.
939 4511 1076 4574 Non
1127 4512 1300 4574 enim
1344 4511 1680 4593 Apostolus
1731 4527 1844 4572 nos

377 4610 666 4693 compellit
703 4611 990 4692 jussione
1031 4610 1273 4672 crudeli
1313 4611 1390 4671 ad
1429 4609 1847 4673 abscisionem

379 4726 680 4784 manuum,
728 4709 986 4790 pedum,
1027 4707 1482 4790 genitaliumve
1529 4707 1844 4770 membro-

377 4823 522 4880 rum,
569 4807 678 4870 sed
737 4807 917 4888 cupit
974 4806 1352 4888 quantocius
1413 4805 1654 4868 destrui
1711 4805 1846 4868 zelo

378 4906 702 4967 sanctitatis
751 4904 1048 4987 perfectae
1093 4920 1323 4986 corpus
1369 4903 1632 4986 peccati,
1675 4902 1844 4986 quod

379 5012 599 5065 constat
640 5022 717 5067 ex
763 5002 1092 5076 membris,
1140 5002 1217 5064 de
1267 5020 1393 5083 quo
1439 5001 1595 5063 alibi
1648 5001 1847 5084 loqui-

162 5103 306 5163 fleam,
323 5118 358 5160 ο.
381 5105 519 5164 tur:
569 5103 643 5166 Ut.
691 5103 1056 5164 destruatur
1103 5119 1333 5182 corpus
1382 5099 1644 5181 peccati.
1698 5100 1844 5174 Quae

379 5206 568 5261 aute-m
597 5201 705 5263 'sit
761 5198 902 5280 ejus
958 5199 1305 5262 destructio
1362 5198 1644 5281 exponit,
1698 5197 1844 5260 sub·
1877 5199 1925 5260 D
1955 5198 2095 5273 dus,
2157 5197 2563 5259 immundum
2619 5199 2759 5260 erit.
2822 5200 2893 5262 In
2950 5201 3440 5268 Deuteronomio

1953 4127 2062 4181 aut
2091 4119 2528 4201 vigilantibus,
2552 4120 2793 4203 absque
2824 4129 3114 4186 contactu
3147 4124 3445 4200 feminee,

1955 4236 2070 4298 per
2107 4218 2423 4280 incuriam
2465 4219 2696 4281 mentis
2739 4220 3327 4303 incircumspectae3
3362 4223 3451 4284 id-

1956 4315 2127 4378 circo
2174 4323 2429 4378 notatur
2466 4323 2525 4378 et
2578 4317 2951 4398 prohibetur
2989 4319 3056 4380 in
3107 4319 3263 4401 lege,
3307 4340 3449 4403 quae

1956 4413 2320 4476 immundos
2376 4432 2663 4495 quosque
2721 4433 2849 4478 non
2907 4416 3116 4480 solum
3174 4419 3450 4500 privavit

1956 4512 2439 4594 participatione
2478 4531 2591 4574 seu
2622 4531 2736 4575 esu
2776 4515 3064 4577 carnium
3104 4534 3445 4591 sacrarum,

1957 4609 2086 4672 imo
2124 4610 2317 4671 etiam
2353 4608 2546 4688 jussit
2584 4627 2690 4672 eos
2729 4610 2917 4673 avelli
2946 4631 2983 4674 a
3022 4615 3448 4695 congregatio-

1955 4726 2036 4770 ne
2074 4716 2447 4781 castrorum,
2482 4725 2561 4769 ne
2601 4714 2893 4771 contactu
2933 4729 3050 4774 suo
3089 4711 3448 4792 polluerent

1955 4813 2192 4878 sancta,
2234 4805 2451 4868 dicens
2488 4822 2501 4865 :
2535 4805 2763 4868 Anima
2800 4826 2943 4889 quae
2982 4810 3328 4873 comederit
3367 4812 3444 4874 de
3474 4824 3737 4874 Lmvmo,

1955 4902 2253 4965 carnibus
2291 4901 2595 4965 sacrificii
2634 4904 2929 4966 salutaris
2958 4905 3156 4987 (quod
3196 4915 3293 4970 est
3328 4909 3443 4972 Do-
3468 4888 3592 4942 '‘¹¹¹“
3606 4885 3723 4930 ¹⁶¹¹·

1955 5001 2162 5081 mini),
2200 5001 2266 5063 in
2304 5020 2429 5083 qua
2468 5009 2562 5063 est
2604 5001 3031 5078 immunditia,
3066 5005 3300 5087 peribit
3340 5025 3441 5070 co-

1955 5118 2088 5162 ram
2117 5099 2415 5178 Domin03
2440 5107 2503 5162 et
2527 5099 2840 5182 quidquid
2866 5100 3143 5183 tetigerit
3173 5104 3445 5167 immun-

3486 5261 3737 5314 Daunum.

189 5301 326 5352 Men.
381 5295 563 5361 dendo
601 5317 616 5361 :
660 5299 738 5362 Ut
781 5297 946 5361 ultra
985 5315 1114 5360 non
1155 5297 1506 5361 serviamus
1557 5304 1833 5379 peccato.
1889 5323 1896 5330 ·
1947 5313 2202 5379 quoque
2242 5294 2472 5377 legitur
2506 5312 2520 5359 :
2557 5295 2619 5358 Si
2662 5296 2857 5359 fuerit
2896 5297 3063 5361 inter
3096 5318 3209 5363 vos
3250 5302 3439 5367 homo
3474 5327 3539 5378 ιο.
3562 5329 3627 5370 ιι.

604 5431 668 5484 Τ.
701 5431 782 5482 27.

3134 5434 3197 5485 18
