4359 6267
1092 525 1507 575 COLLATIONUM
1549 527 1634 572 SS.
1671 526 1913 572 PA'mma
1956 525 2130 572 mmm
2172 527 2211 572 1.
2258 545 2339 553 —
2379 527 2664 572 COLLATlo
2706 528 2791 594 lx·

3361 507 3483 572 255

141 713 346 763 rusam.
372 707 535 772 sate,
577 707 641 760 et
683 701 1004 780 aperietur
1044 697 1246 760 vobis.
1288 697 1361 759 Et
1405 698 1636 758 iterum
1677 713 1692 757 ε
1735 696 1877 758 Om-
1908 695 1958 756 A
1987 703 2219 758 nostra.
2254 697 2557 758 Praeterea
2598 697 2651 758 si
2694 697 3085 759 advertimus
3134 696 3291 758 illud
3334 714 3479 778 apo·

143 781 187 820 22:
197 789 276 824 xva,
292 779 345 819 1⁹.

373 797 486 858 nia
519 815 942 878 quaecumque
982 795 1292 879 petieritis
1329 795 1394 857 in
1430 795 1712 857 oratione
1751 813 1879 856 cre-

372 895 626 968 dentes,
655 895 1008 977 accipietiS,
1041 903 1106 956 et
1133 893 1296 955 nihil
1330 893 1728 975 impossibile
1759 892 1878 954 erit

371 994 581 1057 vobis.

485 1093 825 1176 Propterea
889 1093 942 1153 si
1016 1091 1330 1154 universae
1397 1089 1878 1152 exauditionum

375 1211 588 1254 causae
653 1190 932 1274 praefatae
995 1189 1180 1253 nobis
1243 1189 1577 1262 deficiunt,
1638 1187 1878 1250 animet

377 1289 882 1372 importunitatis
922 1288 1244 1360 instantia,
1285 1306 1427 1369 quae
1464 1286 1706 1368 absque
1749 1285 1878 1347 ulla

375 1385 764 1449 difficultate
823 1387 1034 1448 meriti
1083 1405 1158 1449 ac
1209 1384 1442 1448 laboris
1500 1384 1622 1446 sita
1667 1391 1763 1446 est
1812 1383 1877 1444 in

378 1493 690 1567 potestate
721 1485 1188 1566 cujuscumque
1218 1483 1510 1546 volentis.
1530 1481 1750 1544 Merito
1777 1501 1882 1543 au·

375 1593 506 1647 tem
557 1583 930 1666 supplicans
973 1583 1244 1664 quisque
1293 1581 1759 1644 exaudiendum
1811 1599 1878 1642 se

375 1681 650 1756 dubitet,
683 1701 882 1763 quum
923 1681 1004 1742 de
1033 1700 1148 1742 sua
1187 1679 1592 1742 exauditione
1633 1677 1880 1740 dubita-

375 1781 558 1845 verit.
605 1781 794 1843 Porro
836 1779 1005 1861 quod
1053 1778 1534 1859 infatigabiliter
1577 1777 1660 1839 sit
1695 1794 1876 1838 oran-

1988 795 2134 857 stoli
2186 795 2356 856 Pauli
2414 812 2427 857 :
2479 795 2639 869 Quid
2689 812 2943 858 oremus
2997 795 3163 857 sicut
3209 803 3477 877 oportet,
3536 817 3772 868 Romvm.

1988 894 2344 969 nescimus3
2368 895 2809 975 cognoscimus
2841 896 3009 977 quod
3042 894 3363 956 interdum
3393 912 3484 956 ro-
3510 882 3578 924 ²⁶·

1985 1011 2211 1073 gamus
2242 1010 2315 1054 ea
2344 1012 2485 1074 quae
2515 1000 2743 1056 nostrae
2774 993 3238 1056 contrariantur
3268 993 3479 1067 saluti,

1987 1112 2130 1174 quae
2190 1091 2373 1154 nobis
2434 1090 2771 1154 utilissime
2830 1092 3222 1172 denegantur
3275 1091 3356 1153 ab
3408 1110 3483 1155 eo

1987 1189 2097 1272 qui
2146 1190 2451 1252 utilitates
2502 1197 2745 1252 nostras
2799 1189 3031 1252 rectius
3079 1198 3269 1272 atque
3312 1209 3485 1252 vera-

1989 1287 2125 1349 cius
2165 1288 2448 1349 intuetur
2477 1307 2667 1369 quam
2712 1287 2984 1370 ipsimet.
3020 1287 3194 1361 Quod
3238 1295 3483 1350 certum

1987 1393 2083 1448 est
2113 1385 2455 1466 contigisse
2486 1393 2547 1447 et
2578 1385 2768 1448 Paulo
2798 1385 3105 1468 apostolo,
3124 1404 3325 1466 quum
3355 1404 3487 1448 ora-

1987 1483 2081 1544 vit
2120 1481 2357 1544 auferri
2402 1503 2438 1544 a
2480 1502 2547 1544 se
2589 1484 2886 1564 angelum
2932 1484 3195 1556 Satanae,
3230 1484 3340 1564 qui
3387 1484 3483 1547 fu-

1986 1590 2120 1645 erat
2176 1582 2237 1644 ei
2299 1582 2541 1644 utiliter
2598 1582 2955 1664 applicatus
3002 1601 3039 1644 a
3087 1583 3357 1646 Domino
3412 1591 3483 1645 ut

1986 1698 2134 1741 eum
2180 1679 2622 1761 colaphizaret,
2665 1681 3203 1762 quemadmodum
3246 1681 3325 1742 ad
3369 1681 3481 1745 Co-

1987 1779 2257 1840 rinthios
2298 1778 2387 1840 ait
2432 1797 2445 1841 :
2490 1779 2748 1860 Propter
2790 1779 2959 1860 quod
3005 1787 3098 1843 ter
3137 1780 3479 1843 Dominum
3528 1801 3770 1854 nomm,

149 1890 347 1942 uuam,
377 1881 553 1952 dum,
587 1880 894 1942 docemur
924 1886 987 1940 et
1018 1877 1128 1939 illo
1159 1876 1325 1938 beati
1359 1875 1634 1938 Danielis
1666 1893 1878 1937 exem·
1909 1879 1956 1942 B
1987 1877 2197 1957 rogavi
2247 1884 2314 1938 ut
2352 1877 2705 1939 discederet
2741 1897 2777 1939 a
2817 1896 2955 1956 me;
2998 1886 3060 1940 et
3098 1879 3257 1941 dixit
3295 1879 3479 1954 mibi,
3510 1868 3608 1916 θ’θ’

141 1958 186 1996 '³'
379 1979 506 2060 plo,
540 1977 654 2060 qui
695 1975 1030 2039 exauditus
1057 1995 1096 2037 a
1126 1975 1332 2057 prima
1370 1973 1474 2036 die
1514 1992 1640 2055 qua
1683 1973 1878 2054 coepit

377 2095 580 2150 orare,
607 2074 1023 2156 consequitur
1052 2093 1182 2135 suae
1211 2072 1539 2156 petitionis
1570 2070 1873 2134 effectum

379 2183 519 2256 post
565 2172 945 2236 vicesimum
1007 2171 1290 2253 primum
1347 2170 1538 2233 diem.
1592 2170 1768 2232 Unde
1814 2179 1878 2232 et

379 2291 490 2335 nos
547 2290 678 2335 non
725 2270 1034 2333 debemus
1093 2288 1338 2331 cessare
1387 2269 1468 2331 ab
1516 2269 1875 2331 orationum

379 2379 742 2434 nostrarum
791 2367 1289 2441 continuatione,
1332 2366 1626 2448 quamvis
1669 2384 1877 2428 sense-

379 2469 580 2532 rimus
639 2486 756 2531 nos
805 2467 1046 2529 tardius
1093 2465 1398 2528 exaudiri.
1451 2464 1608 2526 Nam
1663 2462 1874 2526 forsan

377 2569 575 2649 gratia
625 2566 1052 2630 exauditionis
1109 2563 1409 2627 differtur
1465 2563 1707 2625 utiliter
1753 2563 1877 2625 dis-

379 2666 750 2748 pensatione
789 2665 1028 2738 divina,
1061 2665 1162 2726 vel
1204 2662 1467 2743 angelus
1512 2669 1874 2743 portaturus

376 2766 451 2827 ad
499 2782 618 2827 nos
667 2762 1058 2826 beneficium
1107 2762 1240 2837 Dei,
1289 2780 1579 2842 egressus
1628 2779 1665 2822 a
1713 2760 1875 2822 facie

378 2862 868 2946 OmnipotentiS‚
919 2861 1250 2923 resistente
1301 2859 1556 2922 diabolo
1606 2860 1878 2921 retarda-

379 2970 526 3024 tur:
562 2980 757 3044 quem
804 2967 1049 3022 certum
1091 2967 1187 3022 est
1229 2975 1358 3021 non
1409 2976 1594 3040 posse
1637 2958 1717 3020 ad
1759 2976 1873 3020 nos

1985 1974 2241 2037 Sufficit
2298 1975 2415 2037 tibi
2473 1976 2674 2057 gratia
2735 1995 2893 2048 mea,
2946 1996 3094 2038 nam
3157 1977 3357 2040 virtus
3415 1979 3481 2041 in

1986 2074 2361 2138 infirmitate
2423 2074 2776 2156 perficitur.
2842 2075 3018 2150 Quod
3074 2083 3138 2139 et
3196 2076 3481 2140 Christus

1985 2173 2333 2236 insinuavit
2381 2192 2567 2236 orans
2615 2192 2692 2235 ex
2741 2192 3011 2255 persona
3069 2175 3481 2238 humanitatis

1984 2279 2346 2354 assumptae‚
2383 2280 2451 2334 ut
2494 2273 2671 2334 daret
2716 2272 2901 2334 nobis
2945 2272 3215 2336 formam
3258 2275 3479 2336 orandi

1984 2389 2101 2432 suo
2147 2369 2462 2452 exemp10‚
2504 2390 2705 2452 quum
2748 2371 2908 2432 dixit
2943 2389 2955 2432 :
2992 2371 3189 2446 Pater,
3232 2373 3285 2435 si
3336 2390 3479 2455 pos·
3558 2390 3736 2434 Macen.

1983 2467 2170 2530 sibile
2200 2476 2317 2541 est,
2350 2476 2623 2531 transeat
2651 2488 2686 2531 a
2720 2487 2820 2530 me
2852 2469 3015 2531 calix
3058 2469 3198 2546 iste,
3230 2489 3481 2534 verum·
3504 2466 3620 2504 ‘¹⁷¹’
3650 2455 3717 2496 ³⁹·

1983 2575 2197 2628 tamen
2246 2585 2372 2629 non
2422 2569 2589 2630 sicut
2636 2585 2752 2648 ego
2796 2568 2960 2642 volo,
3002 2569 3112 2631 sed
3162 2570 3328 2632 sicut
3370 2578 3475 2650 tu;

1983 2684 2186 2747 quum
2244 2665 2463 2746 utique
2513 2665 2805 2728 voluntas
2863 2667 3003 2747 ejus
3063 2685 3191 2730 non
3248 2669 3479 2731 discre-

1985 2771 2164 2845 paret
2221 2782 2259 2825 a
2315 2763 2509 2825 Patre.
2573 2765 2843 2826 Venerat
2902 2784 3178 2848 namque
3234 2767 3477 2830 salvare
3518 2791 3769 2842 mamm.

1984 2861 2155 2942 quod
2203 2861 2496 2942 perierat,
2538 2869 2601 2923 et
2642 2863 2791 2924 dare
2833 2863 3113 2926 animam
3158 2883 3339 2926 suam
3384 2883 3477 2927 re-
3507 2857 3581 2907 ¹¹³
3608 2857 3768 2907 ⁸¹³⁸·

1984 2959 2417 3041 demptionem
2450 2977 2565 3041 pro
2595 2960 2849 3038 multis;
2890 2962 2967 3023 de
2997 2980 3122 3043 qua
3157 2961 3293 3044 ipse
3321 2962 3475 3025 fate-

377 3060 624 3123 deferre
669 3079 902 3121 munus
950 3064 1261 3139 optatum,
1297 3057 1351 3118 si
1401 3056 1718 3118 invenerit
1759 3073 1873 3118 nos
1909 3062 1952 3125 C
1985 3065 2087 3119 tur
2121 3077 2135 3120 :
2167 3056 2368 3119 Nemo
2397 3057 2563 3119 tollit
2592 3058 2871 3120 animam
2904 3078 3107 3122 meam
3140 3081 3179 3122 a
3210 3080 3330 3134 me,
3364 3063 3475 3124 sed
3537 3084 3769 3138 Joanmx,

378 3177 624 3222 cessare
658 3178 697 3220 a
731 3156 1174 3240 prosecutione
1216 3155 1542 3238 petitionis
1583 3154 1868 3236 incepta».

378 3259 550 3332 Quod
582 3265 646 3320 et
675 3255 940 3338 praefato
968 3255 1294 3337 Prophetae
1323 3254 1611 3316 accidere
1653 3253 1874 3334 procul

378 3357 573 3419 dubio
603 3354 936 3438 potuisset,
955 3353 1080 3415 nisi
1113 3353 1347 3415 virtute
1380 3351 1702 3433 praecipua
1731 3369 1875 3413 con-

381 3455 686 3517 tinuasset
724 3472 836 3515 seu
881 3452 1252 3534 protelasset
1293 3470 1473 3513 suam
1523 3449 1872 3512 orationem

379 3571 578 3636 usque
620 3552 702 3614 ad
746 3551 1124 3613 vicesimum
1168 3551 1450 3631 primum
1493 3549 1684 3611 diem.

457 3651 642 3713 Nulla
693 3649 888 3730 igitur
933 3647 1375 3729 desperatione
1425 3646 1793 3728 frangamur
1838 3667 1876 3708 a

377 3748 768 3813 confidentia
814 3748 966 3810 fidei
1012 3747 1228 3828 hujuS,
1271 3748 1425 3809 dum
1471 3765 1872 3828 nequaquam

378 3847 689 3910 sentimus
719 3846 1074 3908 obtinuisse
1105 3863 1220 3908 nos
1252 3845 1720 3927 postulata‚nec
1750 3865 1879 3906 am-

381 3947 668 4028 bigamus
707 3947 786 4008 de
827 3944 1247 4026 promissione
1279 3945 1510 4007 Christi
1551 3943 1820 4006 dicentis
1855 3962 1870 4006 z

133 4058 350 4112 naseam,
379 4043 602 4106 Omnia
649 4061 1069 4126 quaecumque
1121 4041 1432 4123 petieritis
1480 4042 1545 4104 in
1593 4041 1874 4104 oratione

133 4134 168 4158 ⁴²
379 4142 729 4216 credenteS,
760 4140 1109 4222 accipietis.
1146 4139 1432 4222 Denique
1473 4159 1738 4221 pensare
1773 4141 1875 4204 de-

1983 3175 2099 3237 ego
2149 3172 2316 3238 pono
2363 3175 2526 3230 eam,
2578 3164 2639 3218 et
2691 3163 3064 3238 potestatem
3114 3159 3318 3222 habeo
3366 3161 3475 3222 ite·
3508 3151 3571 3191 ¹⁸·

1983 3274 2126 3317 rum
2171 3254 2463 3317 sumendi
2509 3273 2668 3317 eam.
2714 3255 2803 3317 Ex
2844 3255 3030 3337 cujus
3078 3275 3348 3338 persona
3388 3260 3477 3320 ait

1981 3361 2045 3416 et
2092 3354 2289 3416 David
2340 3354 2405 3415 in
2456 3355 2703 3436 psalmo
2759 3354 3081 3417 tricesimo
3141 3357 3346 3430 terti0,
3397 3358 3474 3420 de

1984 3453 2225 3515 unitate
2265 3452 2609 3514 voluntatis
2653 3472 2783 3516 suae
2827 3472 3017 3536 quam
3058 3454 3295 3536 jugiter
3336 3475 3479 3539 pos-

1981 3550 2229 3612 sidebat-
2276 3569 2422 3611 cum
2473 3551 2697 3614 Patre:
2738 3552 2815 3614 Ut
2864 3551 3139 3614 facerem
3188 3553 3474 3616 volunta·
3504 3579 3767 3632 pamm.

1985 3657 2110 3712 tem
2157 3657 2353 3721 tuam,
2395 3649 2561 3710 Deus
2608 3668 2811 3725 meuS,
2856 3650 3047 3712 volui.
3091 3651 3246 3712 Nam
3290 3659 3354 3713 et
3396 3653 3473 3714 de

1983 3748 2159 3809 Patre
2200 3749 2291 3810 sic
2337 3748 2607 3828 legimus
2642 3767 2655 3811 :
2690 3748 2793 3811 Sic
2832 3749 2997 3810 Deus
3032 3749 3255 3811 dilexit
3293 3769 3474 3811 mun-
3524 3773 3765 3826 somma..

1983 3847 2160 3918 dum,
2196 3854 2263 3908 ut
2302 3847 2533 3908 Filium
2573 3865 2762 3908 suum
2815 3847 3213 3927 unigenitum
3261 3849 3473 3926 daret3
3508 3841 3571 3881 ¹⁶·

1983 3947 2061 4008 de
2109 3945 2267 4007 Filio
2312 3963 2566 4027 quoque
2610 3963 2623 4007 :
2672 3945 2788 4019 Qui
2837 3944 3012 4006 dedit
3059 3946 3473 4027 semetipsum
3506 3971 3658 4015 Gazae.
3677 3985 3704 4020 ι,
3722 3974 3764 4014 4.

1983 4063 2100 4127 pro
2139 4045 2414 4126 peccatis
2465 4043 2714 4105 nostriS.
2762 4043 2875 4106 Cui
2927 4044 3262 4106 concordat
3305 4046 3473 4126 quod

1983 4145 2185 4206 fertur
2214 4143 2290 4204 de
2321 4143 2498 4204 Patre
2532 4161 2545 4204 :
2580 4141 2697 4214 Qui
2728 4141 2986 4223 proprio
3016 4140 3173 4204 Filio
3202 4159 3317 4204 suo
3347 4161 3473 4204 non
3528 4167 3657 4211 nom.
3678 4181 3765 4218 vm,

381 4239 605 4302 bemus
643 4239 1024 4302 sententiam
1058 4240 1116 4301 S.
1150 4238 1407 4301 Joannis
1448 4239 1870 4319 evangelistae‚
1903 4247 1952 4308 D
1985 4240 2289 4323 pepercit,
2322 4240 2432 4302 sed
2480 4257 2595 4321 pro
2645 4238 2829 4301 nobis
2873 4239 3173 4301 omnibus
3219 4241 3475 4302 tradidit
3503 4233 3571 4272 ³²·

380 4358 508 4421 qua
543 4338 853 4400 dubitatio
891 4337 1086 4417 hujus
1133 4337 1566 4419 inquisitionis
1609 4338 1875 4400 solvitur

147 4454 352 4508 mmm,
380 4437 720 4500 evidenter.
755 4436 913 4499 Nam
944 4436 1032 4497 ait
1066 4453 1080 4498 :
1115 4437 1258 4499 Haec
1287 4444 1384 4499 est
1414 4435 1655 4499 fiducia
1683 4457 1872 4519 quam

137 4523 184 4562 ¹⁸·
381 4535 687 4598 habemus
737 4535 816 4598 ad
867 4536 1090 4608 Deum,
1132 4535 1284 4616 quia
1322 4535 1634 4617 quidquid
1685 4536 1874 4618 petie-

382 4635 582 4696 rimus
637 4635 996 4696 secundum
1044 4633 1437 4696 voluntatem
1486 4635 1648 4714 ejuS,
1699 4635 1874 4697 audit

383 4751 518 4796 nos.
565 4733 776 4815 ltaque
822 4731 1012 4813 jussit
1063 4749 1177 4794 nos
1227 4730 1460 4795 babere
1511 4733 1763 4814 plenam
1811 4740 1873 4793 et

382 4829 799 4893 indubitatam
839 4829 1264 4892 exauditionis
1307 4829 1636 4904 fiduciam,
1671 4829 1734 4890 in
1773 4829 1873 4890 his

384 4937 626 4990 tantum
656 4947 800 5010 quae
831 4937 1180 4990 consonant
1209 4947 1321 4990 seu
1359 4929 1744 4990 concordant
1772 4945 1876 4988 vo-

387 5027 608 5089 luntati
639 5025 894 5099 divinae,
917 5045 1046 5088 non
1078 5025 1429 5089 commodis
1461 5025 1692 5088 nostris
1724 5033 1876 5087 tem-

387 5123 790 5207 poralibusve
829 5125 1091 5187 solatiis.
1131 5125 1305 5197 Quod
1345 5125 1536 5187 etiam
1578 5125 1643 5186 in
1682 5125 1876 5187 Orati-

156 5278 282 5324 ,Μὰ
387 5241 509 5285 one
555 5221 866 5284 dominica
907 5222 1260 5284 admiscere
1299 5223 1624 5303 jubemur,
1668 5223 1878 5285 dioen-

145 5343 192 5384 ιο.
284 5297 360 5331 ‘n'
391 5322 470 5384 do
505 5339 520 5384 :
567 5319 692 5382 Fiat
737 5320 1030 5384 voluntas
1073 5326 1217 5399 ·tua;
1260 5328 1385 5395 tua,
1428 5321 1710 5403 inquam,
1755 5341 1882 5385 non

1983 4340 2186 4402 illum.
2242 4339 2343 4400 Sic
2402 4345 2465 4399 et
2513 4338 2589 4399 de
2649 4337 2806 4399 Filio
2865 4337 3094 4418 legitur
3146 4357 3159 4400 ε
3214 4338 3473 4402 Oblatus
3521 4364 3753 4414 [amm.

1983 4445 2098 4510 est,
2119 4437 2269 4518 quia
2299 4435 2436 4517 ipse
2468 4435 2686 4497 voluit.
2715 4435 2943 4516 Sicque
2976 4434 3277 4516 probatur
3305 4439 3476 4518 quod

1984 4535 2181 4598 Patris
2240 4543 2304 4596 et
2360 4533 2503 4596 Filii
2565 4533 2646 4594 sit
2706 4552 2829 4595 una
2887 4535 3201 4608 voluntaS,
3264 4535 3351 4597 ita
3408 4545 3477 4599 ut

1982 4634 2172 4697 etiam
2219 4652 2344 4695 una
2380 4640 2569 4713 atque
2608 4631 2930 4695 indissona
2969 4633 3252 4714 operatio
3278 4634 3476 4697 Patris

1982 4751 2054 4793 ac
2103 4731 2245 4793 Filii
2295 4731 2661 4811 designetur
2719 4728 2917 4792 fuisse
2967 4731 3033 4794 in
3084 4731 3285 4813 ipsius
3333 4733 3473 4795 Filii

1982 4829 2466 4903 resurrectione,
2500 4847 2691 4910 quam
2732 4829 2897 4890 sicut
2936 4830 3272 4911 Apostolus
3312 4832 3476 4894 Patri

1982 4927 2308 5001 adscribit,
2341 4928 2614 4990 dicendo
2645 4947 2660 4991 :
2698 4927 2770 4990 Et
2813 4929 3014 4990 Deum
3065 4929 3331 5004 Patrem,
3365 4930 3476 5012 qui
3506 4954 3660 4997 outae.
3682 4957 3769 5004 =.¹.

1985 5026 2315 5088 suscitavit
2353 5045 2501 5088 eum
2540 5045 2577 5088 a
2621 5027 2918 5104 mortuis3
2960 5027 3053 5088 sic
3103 5027 3298 5090 Filius
3334 5047 3475 5090 eam

1987 5123 2293 5187 adscribit
2350 5124 2731 5206 sibimetipsi
2788 5144 2801 5188 ε
2854 5124 3112 5198 Solvite,
3158 5125 3476 5207 inquienS,
3546 5149 3771 5198 Joamu.

1989 5224 2303 5305 templum
2338 5223 2478 5296 hoc,
2513 5231 2574 5284 et
2608 5223 2671 5283 in
2704 5223 2903 5285 tribus
2935 5222 3163 5286 diebus
3193 5223 3480 5286 excitabo
3510 5215 3577 5255 ¹⁹·

1993 5323 2171 5385 illud.
2208 5322 2543 5404 Propterea
2583 5338 2697 5383 nos
2729 5321 2927 5382 edocti
2966 5321 3281 5403 praetactis
3310 5321 3483 5384 Chri-
