4359 6267
611 4641 722 4687 Osee
742 4654 786 4694 ιι,
810 4647 872 4686 18.

901 513 1022 578 286

1590 533 2004 579 COLLATIONUM
2047 533 2132 577 SS.
2167 531 2411 577 PATRUM
2450 531 2625 576 unm
2668 532 2729 576 11.
2774 550 2856 560 —
2896 531 3182 579 coturno
3222 533 3310 579 111

903 703 1158 765 carnali.
1196 704 1545 777 SecunduS‚
1579 721 1656 764 ne
1691 721 1870 763 mens
1904 700 2263 763 libidinosis
2297 717 2398 762 co-
2427 702 2479 760 A
2507 699 2570 760 id
2626 700 2794 781 quod
2842 698 2909 761 B.
2962 700 3196 762 Sereno
3246 699 3548 764 collatum
3606 709 3703 763 est
3760 701 3997 783 specia-

899 801 1312 882 gitationibus
1373 801 1764 863 immoretur.
1827 799 2096 873 TertiuS,
2157 817 2239 860 ne
2296 799 2396 860 vel

902 900 1150 962 modice
1191 900 1268 961 ad
1304 898 1888 980 concupiscentiam
1930 905 2260 959 moveatur
2295 898 2400 959 ad-

899 1005 1121 1078 spectu
1167 997 1463 1059 femineo.
1509 997 1800 1070 QuartuS‚
1845 1015 1923 1057 ne
1967 995 2241 1076 vigilans
2291 1015 2397 1076 pa-

896 1095 1091 1156 tiatur
1134 1094 1494 1176 simplicem
1539 1093 1747 1156 carnis
1792 1101 2055 1156 motum.
2101 1093 2394 1167 QuintuS,

898 1211 978 1255 ne
1018 1192 1476 1255 subtilissimus
1507 1193 1902 1274 voluptuosae
1940 1191 2209 1254 actionis
2249 1208 2395 1253 con-

898 1309 1123 1353 sensus
1192 1298 1471 1352 mentem
1541 1289 1945 1371 perstringat,
2012 1290 2166 1351 dum
2237 1290 2397 1352 ratio

897 1396 1199 1451 tractatus
1247 1396 1356 1450 aut
1405 1387 1749 1450 necessitas
1806 1387 2099 1450 lectionis
2150 1387 2397 1450 inducit

900 1487 1273 1549 memoriam
1302 1486 1729 1567 generationis
1759 1485 2086 1564 humanae3
2113 1486 2225 1548 sed
2256 1505 2399 1548 con-

897 1585 1242 1667 templetur
1298 1585 1417 1646 hoc
1464 1583 1808 1665 tranquillo
1856 1603 1942 1645 ac·
1981 1601 2140 1665 puro
2188 1585 2395 1646 cordis

896 1683 1133 1745 intuitu
1184 1690 1480 1764 tanquam
1533 1700 1694 1764 opus
1744 1682 2060 1763 quoddam
2121 1681 2395 1763 simplex

895 1799 970 1843 ac
1019 1781 1448 1842 ministerium
1509 1779 1793 1842 naturale
1841 1780 2120 1843 humano
2175 1780 2391 1860 generi

2511 797 2552 858 li
2604 797 2888 858 muneris
2940 797 3247 879 largitate,
3290 799 3559 880 proponi
3613 817 3741 863 non
3792 807 4001 882 potest

2506 896 2583 958 ad
2624 894 2893 957 formam
2938 895 3250 975 generalis
3292 898 3615 978 praecepti‚
3648 905 3717 959 ut
3756 896 3999 960 scilicet

2508 1012 2689 1055 mens
2732 1000 2947 1055 nostra
2988 1011 3063 1055 eo
3110 1012 3310 1075 usque
3353 993 3664 1057 formetur
3706 1004 3767 1056 et
3808 995 4001 1076 perfi-

2507 1091 2712 1153 ciatur
2753 1077 3155 1155 castimoniae⁴
3189 1093 3485 1174 puritate,
3518 1100 3590 1154 ut
3627 1093 3764 1174 ipso
3802 1093 3997 1156 etiam

2508 1190 2778 1251 naturali
2827 1198 3001 1252 motu
3042 1191 3251 1252 carnis
3294 1199 3604 1264 emortuo,
3638 1192 3999 1254 nullatenus

2509 1287 2787 1370 patiatur
2828 1287 3175 1350 obscenum
3224 1288 3408 1351 illum
3452 1289 3801 1352 humorem.

2588 1385 2787 1448 Silere
2829 1404 2979 1448 sane
3025 1404 3151 1449 non
3196 1386 3397 1450 debeo
3438 1388 3803 1468 opinionem
3842 1405 3999 1470 quo-

2507 1484 2820 1557 rumdam,
2849 1503 3041 1565 quam
3074 1485 3331 1547 tradunt
3358 1487 3437 1548 de
3472 1485 3589 1548 hac
3624 1488 3825 1550 carnis
3864 1487 3998 1568 pol-

2509 1582 2759 1644 lutione.
2781 1581 2937 1644 Nam
2964 1583 3185 1644 dicunt
3208 1601 3348 1645 eam
3378 1584 3666 1647 accidere
3689 1585 4001 1647 dormien-

2507 1680 2679 1742 tibus
2704 1698 2829 1742 non
2856 1681 2938 1743 ob
2964 1681 3083 1743 hoc
3105 1681 3270 1762 quod
3296 1682 3586 1764 deceptio
3612 1684 3999 1746 somniorum

2505 1798 2645 1841 eam
2678 1780 3006 1860 producat,
3042 1780 3149 1841 sed
3184 1781 3395 1861 potius
3429 1781 3581 1861 quia
3617 1781 3999 1844 abundantia

895 1879 1254 1941 necessario
1293 1877 1750 1951 contributum,
1784 1878 2075 1959 nihilque
2115 1878 2395 1970 amplius
2430 1882 2477 1942 B
2508 1877 2793 1940 humoris
2836 1877 3008 1940 illius
3047 1877 3293 1960 aliquas
3331 1878 3533 1959 fingat
3565 1879 3889 1941 illecebras
3932 1881 3997 1942 in

837 1989 842 1992 “
895 1978 973 2040 de
1032 1977 1464 2039 recordatione
1521 1977 1662 2056 ejus
1720 1975 2040 2056 concipiat
2088 1996 2281 2057 quam
2340 1976 2392 2038 si

898 2083 1110 2138 mente
1159 2081 1500 2156 pertractet
1546 2091 1708 2156 opus
1760 2074 2049 2149 laterum,
2092 2081 2203 2136 aut
2249 2074 2395 2137 offi-

897 2175 1070 2236 cium
1131 2173 1580 2256 quodcumque
1639 2172 2104 2235 mechanicum.
2170 2173 2396 2235 Sextus

897 2272 1128 2354 gradus
1176 2278 1294 2345 est,
1337 2289 1416 2332 ne
1462 2271 1786 2333 dormiens
1836 2271 2140 2333 illudatur
2190 2271 2399 2333 illece-

898 2367 1105 2431 brosis
1175 2367 1722 2450 phantasmatibus
1788 2367 2152 2430 mulierum.
2222 2367 2399 2429 Licet

896 2467 1070 2529 enim
1103 2466 1436 2528 credamus
1475 2465 1841 2528 illusionem
1885 2466 2049 2527 hanc
2091 2483 2219 2528 non
2258 2484 2397 2528 esse

897 2572 1159 2646 peccato
1188 2563 1551 2636 obnoxiam,
1585 2564 1840 2644 signum
1875 2572 2084 2626 tamen
2119 2572 2217 2626 est
2249 2582 2395 2627 con-

897 2663 1307 2744 cupiscentiae
1351 2661 1722 2724 medullitus
1765 2663 1938 2727 intus
1984 2662 2255 2725 latentis.

978 2762 1176 2835 Quam
1208 2761 1570 2824 illusionem
1605 2768 1848 2823 constat
1879 2761 2148 2823 diversis
2190 2761 2395 2823 modis

896 2861 1204 2924 accidere.
1239 2860 1396 2922 Nam
1428 2859 1751 2923 dormiens
1793 2859 2234 2941 unusquisque
2266 2869 2396 2921 ten-

897 2967 1067 3021 tatur
1113 2960 1464 3020 secundum
1526 2977 1713 3020 usum
1765 2975 1876 3019 seu
1935 2964 2148 3018 actum
2200 2977 2393 3039 quem

896 3057 1168 3138 vigilans
1219 3056 1550 3119 consuevit
1598 3074 1892 3118 exercere
1941 3063 2050 3116 aut
2093 3055 2387 3137 cogitare.
2430 3057 2474 3120 C

896 3155 1097 3219 Aliter
1134 3155 1376 3237 quippe
1417 3160 1740 3216 tentantur
1779 3154 1889 3235 qui
1937 3153 2253 3215 carnalem
2298 3173 2395 3216 co-

897 3253 1116 3334 pulam
1176 3261 1446 3330 norunt3
1506 3251 1689 3313 aliter
1746 3252 1857 3333 qui
1918 3252 2395 3314 commixtionis

896 3351 1189 3414 femineae
1227 3359 1376 3414 sunt
1415 3357 1704 3431 expertes
1740 3367 1755 3411 ε
1793 3351 1904 3431 qui
1949 3350 2115 3412 sicut
2152 3350 2398 3432 inquie-

895 3449 1015 3510 tari
1073 3448 1278 3511 solent
1337 3447 1838 3529 simplicioribus
1895 3467 1968 3509 ac
2029 3448 2396 3530 purioribus

897 3547 1186 3621 somniis,
1222 3547 1309 3609 ita
1347 3546 1602 3627 purgari
1645 3553 1911 3627 possunt
1941 3546 2274 3628 diligentia
2310 3546 2397 3608 fa-

899 3645 1103 3708 ciliori
1159 3654 1222 3706 et
1272 3644 1501 3706 minori
1565 3643 1795 3707 labore.
1851 3644 2039 3707 Porro
2097 3645 2393 3726 copulam

900 3743 1077 3806 illam
1126 3742 1394 3824 experti,
1439 3741 1797 3804 illuduntur
1846 3743 2396 3824 phantasmatibus

899 3841 1359 3905 sordidioribus
1418 3848 1480 3902 et
1540 3841 1739 3921 magis
1798 3842 2136 3922 expressiS,
2194 3843 2395 3904 donec

899 3961 1080 4004 mens
1129 3939 1320 4002 etiam
1372 3957 1594 4002 somno
1646 3958 1864 4019 pressa
1912 3945 2196 4000 vertatur
2245 3959 2395 4021 pau-

900 4040 1076 4101 latim
1127 4038 1192 4100 in
1235 4037 1452 4100 odium
1503 4037 1594 4099 rei
1644 4056 1837 4118 quam
1885 4045 2070 4098 antea
2114 4037 2399 4099 volunta-

898 4138 1058 4199 riam
1109 4136 1328 4210 sensit,
1380 4137 1733 4198 secundum
1797 4155 2161 4198 mensuram
2214 4138 2397 4200 casti-

2507 1976 2720 2038 animo
2778 1976 3157 2055 aegrotantis.
3211 1976 3495 2057 Denique
3553 1977 3769 2038 dicunt
3823 1977 3998 2058 quod

2505 2080 2791 2154 tempore
2842 2072 2952 2136 illo
2992 2091 3120 2155 quo
3170 2091 3297 2135 non
3338 2073 3649 2155 inquietat
3696 2074 3800 2136 illa
3844 2092 3995 2137 con-

2506 2171 2704 2233 cretio
2742 2190 2855 2232 seu
2894 2171 3237 2234 humorum
3279 2172 3567 2253 repletio,
3601 2173 3688 2236 ita
3714 2173 3999 2254 quiescat

2508 2269 2721 2332 illusio
2764 2270 2931 2332 sicut
2974 2270 3189 2333 fluxus
3233 2271 3598 2333 humorum.

2883 2523 3387 2588 CAPITULUM
3444 2524 3629 2590 VIII.

2592 2671 2765 2740 Quod
2792 2673 3108 2744 inexperti
3138 2678 3408 2729 tractare
3434 2691 3555 2730 non
3578 2675 3815 2746 possint
3838 2675 3916 2730 de

2722 2767 2949 2816 natura
2978 2763 3288 2818 castitatis
3315 2768 3372 2819 et
3398 2763 3533 2833 ejus
3561 2763 3792 2836 effectu.

2629 2957 2737 3018 ΕΙ)
2802 2974 2991 3019 nemo
3047 2957 3279 3038 poterit
3338 2957 3457 3020 hoc
3518 2960 3841 3040 suscipere
3894 2962 3993 3023 vel

2657 3055 2946 3137 probare,
2991 3063 3100 3117 aut
3150 3063 3322 3119 certo
3370 3057 3662 3118 examine
3705 3058 3991 3132 definire,

2506 3162 2721 3216 utrum
2759 3155 2877 3216 ista
2917 3155 3045 3216 sint
3076 3154 3409 3235 possibilia
3441 3175 3523 3217 an
3555 3155 3991 3238 impossibilia,

2504 3253 2628 3315 nisi
2682 3271 2796 3334 per
2843 3253 3303 3335 experientiam
3365 3252 3615 3334 longam
3664 3256 3995 3337 cordisque

2505 3351 2847 3432 puritatem
2894 3351 3277 3432 pervenerit,
3320 3351 3516 3415 verbo
3559 3352 3813 3416 Domini
3855 3355 3996 3416 diri-

2502 3457 2712 3531 gente,
2758 3450 2837 3512 ad
2888 3447 3169 3511 confinia
3218 3449 3427 3512 carnis
3478 3457 3540 3512 et
3588 3451 3877 3532 spirit-uS,
3917 3453 3994 3515 de

2503 3565 2631 3629 quo
2678 3547 2875 3609 verbo
2917 3547 3255 3628 Apostolus
3300 3568 3313 3612 :
3358 3548 3553 3610 Vivus
3600 3557 3718 3622 est,
3766 3550 3989 3632 inquit,

2505 3743 2570 3805 ni
2611 3743 2820 3824 gladio
2859 3743 3148 3825 ancipiti,
3179 3752 3242 3805 et
3274 3743 3640 3825 pertingens
3678 3764 3883 3829 usque
3916 3747 3993 3809 ad

2504 3842 2885 3904 divisionem
2927 3842 3156 3903 animae
3194 3851 3257 3904 et
3302 3843 3585 3923 spirituS,
3620 3861 3993 3927 compagum

2504 3958 2759 4022 quoque
2798 3947 2862 4001 et
2904 3939 3351 4014 medullarum,
3386 3949 3449 4002 et
3487 3941 3796 4004 discretor
3836 3943 3997 4024 cogi-

2504 4039 2817 4101 tationum
2879 4047 2943 4100 et
3003 4039 3429 4101 intentionum
3490 4041 3719 4102 cordiS.
3774 4041 3997 4122 Sicque

2506 4137 2671 4198 inter
2717 4136 2973 4200 illorum
3019 4138 3327 4199 terminos
3372 4139 3841 4219 quodammodo
3882 4139 4003 4201 col-

897 4236 1044 4298 tatis
1105 4235 1184 4297 ad
1243 4253 1434 4316 quam
1494 4234 1770 4316 quilibet
1827 4235 2051 4309 tendit,
2114 4243 2176 4296 et
2237 4235 2394 4297 illud
2427 4240 2477 4301 D
2507 4235 2770 4308 locatuS,
2823 4234 2998 4296 velut
3058 4237 3379 4316 inspector
3435 4243 3498 4297 et
3545 4235 3782 4298 arbiter
3835 4237 4003 4316 justa

900 4334 1283 4397 concedatur
1343 4352 1380 4394 a
1437 4333 1707 4395 Domino
1768 4333 1938 4414 quod
2003 4334 2399 4414 promittitur

900 4451 1015 4514 per
1056 4431 1432 4513 Prophetam
1475 4430 1749 4492 fortibus
1789 4431 1945 4493 viris
1990 4449 2105 4512 pro
2145 4450 2399 4494 summo

904 4529 1192 4592 laborum
1237 4546 1496 4591 suorum
1539 4526 1749 4590 fructu
1794 4536 1983 4610 atque
2025 4529 2345 4610 stipendio
2380 4549 2393 4593 :

902 4629 1159 4700 Arcum,
1212 4633 1275 4688 et
1321 4625 1626 4707 gladium,
1671 4635 1735 4688 et
1782 4627 2024 4688 bellum
2076 4635 2397 4690 conteram

903 4727 981 4789 de
1019 4733 1187 4787 terra
1215 4732 1444 4798 vestra,
1479 4731 1541 4786 et
1580 4725 1857 4787 dormire
1897 4742 2008 4787 vos
2051 4725 2282 4788 faciam
2323 4725 2399 4788 fi·

903 4822 1274 4900 ducialiter3
1316 4822 1535 4904 sicque
1587 4823 1914 4903 perveniet
1963 4823 2109 4904 quis
2157 4825 2237 4885 ad
2288 4844 2401 4906 pu-

903 4922 1155 4984 ritatem
1195 4921 1369 4983 illam
1410 4920 1475 4983 B.
1513 4920 1730 4982 Sereni
1771 4920 2040 4996 abbatiS,
2073 4929 2137 4983 et
2173 4939 2403 5002 pauco-

903 5040 1044 5083 rum
1104 5019 1387 5083 virorum
1447 5018 1846 5081 sublimium.
1900 5019 2098 5092 Quam
2158 5020 2399 5083 idcirco

901 5119 1294 5202 sequestravi
1331 5137 1369 5180 a
1409 5117 1688 5201 praefatis
1728 5137 1837 5180 sex
1876 5117 2178 5198 gradibus
2220 5119 2401 5180 casti-

900 5217 1066 5290 tatis,
1101 5217 1403 5300 quoniam
1444 5232 1573 5278 non
1613 5215 1736 5277 nisi
1774 5235 1811 5278 a
1843 5215 2249 5296 paucissimis
2289 5235 2399 5297 po-

898 5322 1021 5377 test
1049 5315 1381 5398 possideri,
1418 5315 1548 5377 imo
1587 5333 1705 5376 nec
1742 5315 1951 5393 credi3
1993 5322 2056 5376 et
2089 5315 2393 5396 quoniam

2508 4331 2961 4415 ponderatione
3002 4333 3321 4395 discernet
3361 4334 3518 4416 quid
3556 4335 3914 4398 necessario
3940 4343 4001 4396 et

2508 4430 2967 4493 inevitabiliter
2994 4431 3375 4494 attributum
3406 4432 3488 4494 sit
3520 4432 3864 4495 conditioni
3895 4432 4005 4495 hu·

2509 4549 2732 4602 manae,
2766 4529 3001 4611 quidve
3048 4529 3381 4591 inductum
3426 4530 3509 4592 sit
3548 4529 4001 4592 consuetudine

2508 4630 2735 4692 vitiosa
2781 4648 2855 4691 ac
2902 4628 3259 4708 juventutis
3311 4629 3559 4691 incuria
3599 4647 3613 4691 ε
3656 4629 3733 4691 de
3782 4636 4003 4692 natura

2508 4745 2763 4810 quoque
2813 4734 2875 4789 et
2924 4725 3162 4788 effectu
3210 4744 3430 4789 eorum
3492 4744 3616 4789 non
3669 4727 4002 4788 seducetur

2508 4824 2687 4887 falsis
2744 4823 3157 4906 opinionibus
3215 4823 3415 4906 vulgi,
3469 4843 3587 4886 nec
3643 4823 4003 4905 acquiescet

2510 4921 2997 4985 definitionibus
3032 4921 3505 5005 inexpertorum
3540 4921 4004 5003 praejudicanti-

2510 5021 2629 5083 bus
2660 5020 2948 5098 veritati3
2982 5019 3091 5081 sed
3125 5020 3384 5082 modum
3418 5019 3713 5100 puritatis
3744 5037 4005 5100 perpen-

2508 5120 2664 5180 dens
2710 5125 2881 5179 certa
2928 5116 3337 5198 experientias
3385 5135 3515 5180 suae
3561 5115 3721 5178 libra
3768 5116 4003 5177 exami-

2508 5217 2889 5296 nationeque
2938 5215 3132 5296 justa,
3186 5233 3587 5296 nequaquam
3646 5213 4003 5294 decipietur

2507 5333 2718 5376 errore
2764 5312 3016 5376 illorum
3069 5312 3180 5395 qui
3224 5313 3377 5375 vitio
3424 5311 3825 5394 negligentiae
3866 5331 3999 5374 suae

4056 3571 4235 3617 Hebr.¹v.

2504 3663 2714 3708 sermo
2752 3645 2863 3707 Dei
2896 3653 2959 3706 et
2988 3645 3243 3718 efficax,
3279 3652 3341 3708 et
3375 3646 3831 3726 penetrabilior
3868 3666 3995 3712 om·
4047 3639 4083 3677 ²·
