4359 6267
573 1697 708 1740 Deae.

539 1765 579 1812 2,
598 1765 640 1806 ⁴.

828 505 950 571 238

1519 522 1934 572 coLLA'rloNUn
1977 523 2062 568 SS.
2096 522 2341 568 PATRUM
2381 521 2557 568 LIBER
2598 522 2637 567 1.
2682 539 2765 550 —···
2804 521 3091 569 contulo
3130 523 3242 568 vm

826 703 891 758 et
947 714 1242 758 exercere
1299 694 1574 776 rapinaS,
1635 692 1836 774 magis
1893 692 2181 754 viventes
2241 709 2319 752 ex
2349 689 2400 753 A
2431 699 2728 772 corrupta
2756 708 2833 753 ex
2866 690 3155 754 libertate
3186 701 3249 754 et
3279 711 3399 754 usu
3430 692 3761 774 peccandi,
3782 693 3931 755 data

827 794 1056 877 praedis
1088 813 1281 876 quam
1311 792 1592 856 contenti
1624 792 1852 854 sudore
1883 797 1945 854 et
1975 807 2166 872 opere
2198 808 2323 851 ma-

826 892 999 954 nuali
1027 909 1041 953 :
1070 909 1342 974 quorum
1376 891 1614 954 scelera
1643 897 2060 953 excreverunt
2090 889 2156 950 in
2190 896 2322 950 tan-

823 999 985 1065 tum,
1022 991 1192 1073 quod
1225 991 1502 1052 mundus
1531 989 1773 1071 expiari
1810 997 1873 1051 et
1903 987 2158 1070 purgari
2192 1006 2319 1052 non

824 1089 1033 1170 potuit
1064 1089 1187 1151 nisi
1221 1088 1482 1152 diluvio.
1518 1089 1854 1169 Quumque
1891 1086 2012 1148 filii
2053 1086 2202 1150 Seth
2242 1105 2319 1148 ex

825 1187 1230 1269 instigatione
1270 1205 1401 1250 suae
1440 1186 1728 1249 libidinis
1759 1185 2132 1267 transgressi
2166 1185 2320 1247 fuis-

825 1294 968 1348 sent
998 1285 1156 1348 illud
1197 1286 1567 1347 mandatum
1607 1286 1776 1367 quod
1808 1284 1930 1346 fuit
1961 1284 2320 1347 diutissime

825 1383 905 1446 ab
953 1385 1092 1465 ipso
1133 1384 1393 1448 exordio
1434 1384 1654 1446 mundi
1699 1383 2004 1446 instinctu
2047 1383 2320 1444 naturali

827 1490 1172 1558 servatum,
1221 1482 1503 1564 oportuit
1560 1483 1968 1564 postmodum
2023 1481 2182 1543 illud
2231 1499 2323 1542 re-

829 1581 1049 1644 novari
1089 1601 1204 1663 per
1247 1581 1452 1662 legem
1491 1582 1817 1663 scriptam,
1851 1581 1917 1642 in
1958 1599 2084 1662 qua
2121 1579 2321 1642 conti-

728 1709 799 1746 vn,
831 1688 1063 1742 netur:
1099 1679 1322 1742 Filiam
1372 1688 1548 1742 tuam
1598 1699 1723 1743 non
1774 1679 1954 1741 dabis
2003 1677 2142 1741 filio
2180 1678 2322 1759 ejus

831 1795 1117 1852 uxorem,
1168 1796 1286 1839 nec
1335 1778 1412 1839 de
1458 1776 1718 1839 filiabus
1775 1794 1996 1839 eorum
2043 1777 2321 1858 accipies

2429 808 2504 852 ac
2548 789 2754 871 posita
2794 798 2889 852 est
2930 790 3215 854 Mosaicae
3258 791 3415 872 legis
3458 809 3677 854 severa
3720 792 3931 854 distri-

2432 888 2579 963 ctio,
2610 896 2913 970 tanquam
2952 889 3310 952 exsecutrix
3348 897 3411 951 et
3449 890 3704 964 vindex,
3736 899 3929 972 atque

2434 994 2502 1048 ut·
2550 986 2764 1050 verbis
2812 987 3153 1070 Scripturae
3200 996 3362 1062 utar,
3402 996 3705 1071 tanquam
3751 990 3931 1072 adju-

2433 1085 2558 1147 trix
2591 1085 2746 1167 legis
2776 1086 3104 1161 naturaliS,
3138 1095 3450 1168 quatenus
3490 1087 3779 1150 homines
3812 1089 3933 1150 sal-

2430 1191 2560 1246 tem
2612 1190 2785 1246 metu
2846 1201 3049 1266 poenae
3095 1185 3427 1266 praesentis
3485 1203 3611 1248 non
3673 1187 3928 1268 penitus

2429 1282 2905 1364 exstinguerent
2941 1282 3185 1345 bonum
3224 1292 3286 1346 et
3325 1291 3569 1346 rectum
3608 1284 3929 1365 judicium

2430 1381 2711 1444 scientiae
2764 1381 3092 1456 naturalis,
3144 1383 3495 1444 secundum
3545 1385 3927 1446 sententiam

2430 1479 2755 1562 Prophetae
2798 1481 3068 1544 dicentis
3102 1500 3118 1544 ε
3151 1480 3381 1562 Legem
3426 1481 3601 1544 dedit
3639 1482 3704 1544 in
3746 1483 3929 1565 adju·
3976 1503 4245 1552 humen.

2429 1579 2701 1658 torium3
2739 1598 2880 1660 quae
2910 1579 3103 1641 etiam
3140 1580 3321 1660 juxta
3351 1580 3721 1662 Apostolum
3750 1581 3931 1644 velut
3953 1565 4247 1676 Ῐῗὲζοξχξ,

2433 1677 2809 1759 paedagogus
2848 1678 2992 1739 data
3019 1687 3115 1740 est
3145 1679 3450 1760 parvuliS,
3483 1680 3779 1743 erudiens
3817 1697 3929 1742 eos
3958 1692 4033 1732 2⁴·

2432 1783 2496 1837 et
2534 1795 2793 1838 servans
2837 1795 2917 1838 ne
2961 1777 3234 1858 quadam
3281 1776 3605 1840 oblivione
3646 1779 3933 1842 discede-

829 1874 970 1938 filio
1019 1882 1150 1948 tuo,
1201 1875 1355 1957 quia
1400 1875 1704 1938 seducent
1757 1874 1946 1938 corda
1993 1881 2205 1937 vestra
2252 1881 2321 1936 ut
2357 1874 2405 1937 B
2435 1883 2574 1937 rent
2630 1894 2667 1936 a
2720 1875 3061 1957 disciplina
3116 1894 3189 1937 ac
3249 1875 3384 1957 lege
3445 1877 3509 1938 in
3568 1896 3695 1958 qua
3748 1886 3933 1940 erant

828 1973 1138 2036 recedatis
1167 1993 1204 2036 a
1235 1973 1363 2036 Deo
1393 1981 1626 2048 vestro,
1657 1993 1730 2036 ac
1769 1973 2128 2056 sequamini
2167 1974 2319 2036 deos

826 2090 1044 2135 earum
1089 2079 1150 2134 et
1191 2071 1481 2134 serviatis
1523 2072 1637 2135 eis·

1181 2326 1685 2390 CAPITULUM
1745 2326 1966 2390 XXII.

825 2474 1116 2545 objectio,
1165 2475 1436 2548 qualiter·
1475 2474 1750 2548 profana
1794 2475 2144 2531 commi-:ctio
2190 2492 2321 2531 cum

893 2564 1147 2636 filiabus
1173 2565 1478 2621 homin-um
1499 2565 1774 2636 potuerit
1793 2564 2093 2636 imputari
2109 2566 2323 2636 qeneri

893 2653 1058 2718 Seth,
1087 2659 1230 2710 ante
1258 2653 1410 2725 quis
1428 2652 1924 2726 prohibitionem.

967 2860 1327 2924 ERMANUS
1370 2877 1384 2922 :
1429 2860 1648 2922 Merito
1692 2859 2002 2942 potuisset
2043 2861 2172 2923 illis
2214 2861 2320 2924 ad-

982 2958 1177 3021 scribi
1217 2959 1460 3021 crimen
1495 2958 2012 3040 transgressionis
2051 2978 2127 3022 ex
2167 2980 2323 3042 prae-

2434 1973 2805 2035 naturaliter
2844 1973 3141 2035 instituti.
3168 1973 3411 2056 Nempe
3447 1975 3617 2056 quod
3644 1983 3776 2038 tota
3810 1977 3934 2038 sci-

2431 2071 2606 2134 entia
2653 2071 2809 2153 legis
2850 2071 3062 2134 infusa
3104 2071 3227 2134 fuit
3268 2072 3351 2134 ab
3394 2072 3581 2136 initio
3622 2074 3777 2155 ipsis
3822 2075 3935 2138 ho—

2433 2170 2737 2244 minibuS,
2788 2170 2939 2233 hinc
2996 2178 3212 2252 aperte
3272 2170 3577 2253 probatur
3624 2172 3933 2253 quoniam

2432 2268 2641 2332 Sancti
2690 2275 2836 2330 ante
2887 2267 3041 2350 legis
3093 2269 3411 2332 dationem
3462 2276 3525 2331 et
3572 2278 3717 2332 ante
3766 2270 3934 2333 dilu-

2429 2367 2609 2429 vium
2662 2374 3073 2428 servaverunt
3122 2367 3279 2448 legis
3336 2367 3629 2430 mandata
3685 2368 3932 2451 absque

2431 2465 2668 2546 scripto
2724 2483 2835 2528 seu
2894 2465 3119 2528 litterae
3176 2464 3467 2528 lectione.
3519 2467 3796 2541 Qualiter
3842 2477 3935 2530 et-

2431 2564 2627 2639 enim,
2652 2564 2787 2645 lege
2820 2564 3105 2627 nondum
3135 2563 3361 2645 posita,
3385 2566 3594 2647 potuit
3620 2565 3777 2628 Abel
3808 2568 3935 2629 sci-
3986 2582 4109 2626 cen.
4132 2587 4245 2628 mc.

2431 2680 2498 2724 re
2530 2662 2700 2743 quod
2740 2662 2868 2724 Deo
2898 2660 3131 2724 offerre
3171 2661 3563 2725 sacrificium
3598 2664 3821 2726 debuit
3850 2665 3933 2728 de

2432 2760 2735 2843 primitiis
2782 2760 2999 2824 ovium
3052 2780 3309 2823 suarum
3359 2761 3783 2845 adipibusque
3832 2783 3938 2826 ea-

2432 2879 2599 2932 rum,
2634 2859 2756 2922 nisi
2800 2878 2914 2941 per
2958 2860 3216 2922 insitam
3264 2860 3386 2922 sibi
3434 2860 3637 2942 legem
3681 2870 3937 2925 natura-

2434 2959 2579 3022 liter
2627 2958 2854 3022 fuisset
2902 2960 3210 3022 edoctus?
3254 2961 3579 3033 Quomodo
3624 2961 3753 3024 Noe
3800 2962 3937 3024 dis-

825 3057 1190 3140 sumptione
1227 3057 1400 3120 illius
1438 3057 1742 3139 conjugii,
1776 3059 1828 3120 si
1861 3058 2005 3120 data
2032 3059 2126 3121 eis
2164 3059 2322 3121 fuis·
2359 3057 2404 3122 C
2434 3058 2737 3120 crevisset
2784 3059 2954 3140 quod
3009 3058 3245 3120 animal
3292 3067 3459 3121 esset
3507 3060 3817 3122 mundum
3868 3070 3939 3124 et
3966 3081 4248 3129 mamm.
4305 3097 4307 3100 -

825 3163 922 3218 set
952 3156 1051 3220 lex
1084 3155 1203 3218 ista
1231 3162 1340 3218 aut
1372 3164 1760 3238 praeceptum
1791 3157 1910 3219 hoc
1940 3157 2319 3238 prohibens3

825 3255 936 3317 sed
993 3273 1193 3336 quum
1250 3254 1536 3316 nondum
1593 3254 1817 3317 fuisset
1869 3255 2157 3336 injuncta
2212 3264 2323 3318 aut

823 3353 1003 3434 jussa
1041 3352 1353 3434 separatio
1392 3352 1615 3414 talium
1656 3371 2068 3434 personarum
2106 3373 2144 3416 a
2179 3373 2323 3418 con-

824 3450 1005 3533 jugio
1045 3451 1495 3526 contrahendo,
1527 3451 1802 3532 qualiter
1841 3453 2179 3534 permixtio
2215 3453 2324 3516 illa

829 3549 1036 3631 potuit
1076 3549 1378 3631 imputari
1417 3550 1494 3611 ad
1535 3549 1836 3631 culpam?
1876 3549 2003 3613 Lex
2047 3571 2323 3634 namque

829 3649 991 3712 solet
1021 3649 1320 3711 damnare
1348 3648 1564 3711 futura
1600 3656 1880 3730 peccata,
1914 3667 2040 3712 non
2075 3660 2326 3733 praeter-

830 3747 917 3810 ita
957 3754 1103 3809 ante
1144 3747 1284 3827 ejus
1326 3747 1791 3810 institutionem
1833 3747 2129 3811 admissa.

1169 4002 1672 4066 CAPITULUM
1734 4003 1989 4067 XXIII.

904 4150 1166 4214 Solatia,
1196 4150 1359 4223 quod
1383 4149 1650 4206 homines
1678 4148 1756 4204 ab
1787 4150 1974 4206 initio
2001 4149 2241 4220 fuerint

2434 3158 2603 3239 quod
2635 3156 3063 3232 immundum,
3098 3157 3281 3238 legali
3320 3159 3615 3221 mandato
3643 3161 3935 3223 nondum

2434 3256 2554 3318 hoc
2598 3255 3049 3336 distinguente,
3084 3255 3207 3317 nisi
3250 3256 3521 3318 naturali
3566 3255 3792 3319 fuisset
3835 3258 3937 3321 in-

2435 3362 2713 3416 structus
2771 3354 3093 3416 scientia?
3152 3355 3203 3416 A
3243 3373 3372 3436 quo
3430 3354 3647 3418 Enoch
3704 3357 3939 3420 didicit
3968 3377 4247 3430 1⁶ta.v‚22.

2432 3452 2761 3515 ambulare
2810 3471 2957 3514 eum
3007 3453 3155 3526 Deo,
3197 3453 3439 3515 nullam
3490 3453 3649 3535 legis
3696 3455 3941 3518 illumi-

2434 3549 2754 3612 nationem
2796 3557 3175 3612 consecutus
3212 3547 3293 3612 ab
3332 3549 3589 3632 aliquot
3626 3551 3742 3614 Ubi
3782 3552 3941 3616 Sem

2434 3656 2497 3710 et
2530 3647 2797 3729 Japheth
2839 3647 3126 3730 legerunt
3160 3665 3173 3711 :
3208 3648 3695 3730 Turpitudinem
3733 3651 3943 3731 patris
3971 3673 4069 3716 ια
4074 3687 4207 3716 1111111
4212 3677 4251 3718 v:

2434 3745 2526 3808 tui
2578 3763 2705 3808 non
2762 3746 3111 3827 revelabis;
3162 3747 3251 3808 ita
3300 3754 3369 3809 ut
3419 3747 3781 3810 incedentes
3842 3769 3945 3812 re-
3976 3737 4251 3786 ⁰‘”·¹¹’·⁴·³·

2434 3853 2733 3918 trorsum,
2756 3843 3215 3907 absconderent
3245 3845 3443 3926 patris
3471 3847 3780 3909 verenda?
3812 3847 3945 3910 Un-

2435 3945 2513 4006 de
2561 3942 2875 4005 Abraham
2928 3943 3229 4017 monitus,
3272 3943 3583 4006 abstinuit
3628 3963 3665 4006 a
3710 3945 3943 4026 spoliis
3976 3971 4253 4019 amm-‚21

2434 4042 2716 4104 hostium
2756 4061 2898 4124 quae
2938 4041 3061 4103 sibi
3106 4040 3562 4116 offerebantur,
3597 4061 3676 4105 ne
3719 4060 3946 4106 conse.-

2434 4149 2738 4223 queretur
2780 4140 3264 4203 retributionem
3308 4141 3409 4202 sui
3455 4140 3726 4220 laboris;
3767 4141 3949 4204 deci-

829 4240 1090 4297 obnooeii
1135 4256 1336 4312 poenoe
1385 4255 1489 4295 seu
1523 4239 1795 4311 jndicio,
1843 4239 1970 4318 {eye
2018 4240 2320 4297 naturali.
2355 4245 2405 4307 D
2438 4257 2699 4320 masque
2738 4239 3043 4320 persolvit
3072 4238 3533 4301 Melchisedech
3574 4259 3715 4321 quae
3745 4239 3810 4301 in
3854 4239 3949 4304 le-
4012 4269 4138 4310 md,
4166 4273 4231 4311 ἑο,

953 4437 1255 4500 ERENUS
1298 4454 1312 4499 :
1355 4437 1520 4499 Deus
1569 4435 1896 4499 hominem
1945 4455 2189 4512 creans,
2236 4437 2328 4499 in-

972 4535 1172 4598 seruit
1209 4536 1268 4597 ei
1309 4535 1681 4597 naturaliter
1717 4553 1972 4598 omnem
2013 4535 2169 4616 legis
2210 4535 2329 4598 sci-

831 4633 1069 4695 entiam
1115 4651 1128 4695 :
1172 4652 1313 4715 quae
1357 4633 1409 4714 si
1460 4631 1685 4695 fuisset
1733 4633 2047 4696 custodita
2092 4633 2173 4695 ab
2218 4634 2327 4697 ho-

833 4731 1006 4794 mine
1054 4731 1236 4812 juxta
1291 4731 1689 4812 propositum
1747 4731 1882 4804 Dei,
1933 4739 2002 4793 ut
2049 4740 2330 4814 coeperat

833 4829 1160 4904 custodiri,
1193 4847 1321 4892 non
1362 4829 1584 4911 utique
1627 4829 2058 4892 necessarium
2101 4829 2330 4892 fuisset

833 4929 1024 4992 aliam
1056 4928 1262 5010 legem
1293 4927 1600 5002 mandari,
1633 4946 1825 5010 quam
1856 4927 2022 4990 Deus
2051 4936 2330 5010 postmo-

835 5028 988 5090 dum
1033 5027 1262 5089 litteris
1311 5024 1756 5108 promulgavit.
1800 5025 2046 5088 Fuisset
2087 5027 2329 5109 quippe

835 5123 1238 5207 superfluum
1271 5123 1666 5186 extrinsecus
1697 5122 1917 5186 offerri
1949 5125 2327 5200 remedium,

835 5224 1005 5306 quod
1036 5222 1344 5306 viguisset
1371 5223 1580 5285 adhuc
1618 5221 2000 5285 intrinsecus
2040 5222 2324 5285 insitum.

837 5322 958 5386 Sed
1005 5321 1156 5404 quia
1213 5320 1314 5383 lex
1373 5320 1482 5383 illa
1533 5319 1838 5383 naturalis
1899 5318 2021 5382 fuit
2070 5339 2329 5403 prorsus

2432 4357 2509 4420 ge
2548 4337 2777 4420 Moysis
2816 4337 3277 4420 praecipiuntur
3312 4336 3580 4400 offerri?
3615 4338 3704 4400 Ex
3744 4338 3947 4419 cujus
3978 4331 4128 4436 'bij—22
4142 4333 4254 4437 ’ἓξ

2436 4435 2883 4499 informatione
2923 4436 3240 4498 Abraham
3289 4444 3353 4499 et
3393 4435 3508 4499 Lot
3556 4437 3948 4519 suppliciter
3980 4459 4057 4498 ες-
4132 4427 4143 4436 ’
4246 4427 4257 4438 ’

2436 4535 2888 4617 impenderunt
2917 4535 3266 4598 viatoribus
3295 4555 3369 4597 ac
3400 4535 3750 4617 peregrinis
3780 4553 3946 4618 ope·
4006 4519 4127 4562 σθ’·
4146 4533 4257 4564 “¹¹³⁸

2437 4652 2505 4695 ra
2542 4633 2796 4715 pietatis
2826 4641 2889 4695 et
2919 4633 3155 4715 pedum
3196 4632 3613 4704 ablutionem,
3646 4634 3946 4698 nondum

2438 4732 2732 4793 mandato
2761 4731 3129 4813 evangelico
3159 4734 3578 4794 coruscante?
3613 4731 3787 4794 Unde
3813 4733 3947 4796 Joh

2438 4835 2815 4892 consecutus
2863 4836 2959 4891 est
3006 4837 3243 4892 tantam
3302 4829 3459 4892 fidei
3506 4829 3945 4904 devotionem,

2437 4936 2676 4990 tantam
2718 4927 3108 4991 castimoniae
3140 4927 3505 5009 puritatem,
3540 4935 3776 4989 tantam
3816 4927 3951 4992 hu-

2438 5026 2748 5099 militatis,
2770 5025 3297 5100 mansuetudinis,
3318 5025 3789 5099 misericordiae,
3808 5027 3955 5108 pie·

2438 5124 2583 5186 tatis
2622 5122 2955 5186 scientiam
2994 5142 3067 5185 ac
3106 5123 3431 5197 virtutem,
3465 5131 3765 5205 quantam
3804 5143 3951 5189 non

2436 5222 2729 5286 videmus
2769 5222 2957 5284 modo
2985 5220 3308 5284 observari
3340 5220 3421 5284 ab
3452 5221 3552 5284 his
3583 5221 3693 5303 qui
3731 5221 3949 5286 Evan—

2437 5321 2677 5403 gelium
2716 5320 2968 5382 sciunt?
3008 5321 3206 5394 Quem
3246 5319 3623 5383 Sanctorum
3660 5319 3949 5402 legimus

3980 4587 4151 4632 4:111.
4178 4587 4216 4624 ὶ-
4295 4625 4296 4630 ,
