4359 6267
872 461 950 525 70
1776 481 1854 527 nn
1895 480 2223 526 ms'rrru‘ris
2266 481 2351 526 ss.
2385 482 2647 527 uranu.
2692 500 2773 509 -
2812 482 2987 528 maun
3028 484 3067 527 v

872 648 1231 730 potuissent
1272 649 1559 713 invenire
1599 649 1824 713 cellam
1873 650 2044 713 senis
2095 649 2363 721 infirmi,
2396 647 2446 709 A
2474 649 2598 710 viri
2656 651 2969 713 sententia
3016 651 3267 713 claudat
3314 649 3627 732 finiatque
3675 649 3993 711 libellum

873 746 1147 809 confecti
1187 754 1316 810 tam
1359 749 1730 812 lassitudine
1773 748 1914 822 viae,
1955 767 2148 830 quam
2196 747 2365 810 fame
2476 747 2553 808 de
2584 749 2975 811 continentia
3006 756 3197 830 atque
3222 747 3506 829 jejuniis,
3540 748 3712 809 Dixit
3740 746 3932 809 enim
3975 764 3991 808 :

872 852 936 905 et
985 844 1114 919 siti,
1165 846 1463 927 spiritum
1522 866 1710 909 suum
1759 846 2030 909 Domino
2077 846 2365 909 reddide-
2475 844 2565 905 Ita
2595 844 2782 907 debet
2818 847 3165 909 monachus
3196 846 3488 926 jejunare
3522 865 3596 907 ac
3626 845 3995 915 abstinere,

873 949 1043 1017 runt,
1065 942 1337 1024 genibus
1370 944 1434 1006 in
1466 944 1770 1008 orationis
1800 944 2023 1007 officio
2052 942 2221 1007 fixis.
2247 943 2363 1017 Qui
2476 950 2694 1025 utpote
2736 952 2867 1006 tam
2914 944 3207 1019 discrete,
3250 944 3433 1026 quasi
3482 952 3741 1006 centum
3788 941 3999 1004 annis

874 1048 1016 1122 post
1044 1041 1180 1105 haec
1219 1040 1577 1104 diutissime
1617 1042 1907 1125 inquisiti
1945 1061 2061 1125 per
2102 1060 2365 1105 suorum
2474 1040 2760 1104 victurus
2794 1042 2859 1105 in
2891 1060 3187 1125 corpore3
3222 1043 3309 1105 ita
3336 1059 3591 1125 quoque
3620 1041 3809 1105 debet
3840 1058 3997 1101 mo-

875 1138 1111 1201 indicia
1139 1140 1554 1221 vestigiorum
1585 1142 1754 1222 (quae
1786 1139 1851 1202 in
1882 1140 2040 1203 locis
2074 1140 2201 1203 illis
2230 1159 2364 1202 are·
2476 1147 2577 1201 tus
2608 1140 2805 1203 ani-mi
2843 1140 3184 1215 refrenare,
3219 1139 3485 1221 injurias
3513 1138 3831 1211 oblivisci,
3867 1137 3999 1199 tri-

873 1236 1046 1298 nosis
1089 1237 1398 1319 impressa
1426 1246 1723 1300 tenentur
1751 1239 1933 1321 quasi
1977 1239 2042 1300 in
2081 1238 2361 1313 nivibuS,
2475 1238 2806 1320 stitiasque
2852 1238 3152 1320 abjicere,
3204 1246 3267 1301 et
3314 1239 3562 1302 dolores
3619 1257 3694 1300 ac
3743 1238 3997 1300 damna

873 1335 1074 1397 donec
1114 1334 1272 1399 levis
1310 1354 1503 1398 arena
1533 1345 1720 1400 vento
1758 1344 1930 1400 mota
1968 1357 2187 1400 rursus
2218 1355 2365 1419 ope·
2476 1343 2903 1411 contemnere,
2937 1337 3114 1399 velut
3155 1337 3443 1419 quotidie
3493 1336 3861 1398 moriturus.
3910 1336 3993 1395 In

874 1431 995 1493 riat
1032 1432 1153 1513 ea),
1191 1433 1430 1495 inventi
1482 1440 1631 1495 sunt
1671 1453 2025 1497 reservasse
2067 1434 2232 1496 ficus
2276 1436 2367 1497 in·
2476 1433 2587 1496 illo
2617 1452 2887 1517 namque
2918 1442 3012 1498 est
3038 1435 3213 1497 utilis
3240 1453 3316 1496 ac
3343 1434 3622 1515 prudens
3652 1432 3989 1501 discretio,

875 1536 1092 1604 tactas,
1153 1530 1319 1593 sicut
1375 1538 1758 1612 acceperunt
1815 1549 1920 1593 eas
1984 1550 1998 1594 τ
2058 1532 2365 1614 eligentes
2475 1530 2716 1594 faciens
2752 1534 3133 1595 monachum
3166 1550 3419 1614 semper
3446 1531 3739 1593 incedere
3768 1550 3995 1613 aequa-

874 1627 1086 1708 potius
1125 1646 1442 1711 exponere
1471 1629 1749 1691 animam
1791 1630 2000 1703 morti,
2043 1650 2236 1712 quam
2277 1631 2367 1693 in-
2479 1629 2521 1691 li
2572 1630 2987 1705 districtione,
3042 1650 3159 1693 nec
3217 1631 3594 1713 permittens
3641 1648 3791 1691 eum
3850 1630 3987 1691 sub

873 1724 1152 1807 fringere
1183 1726 1382 1788 sidem
1413 1727 1706 1808 depositi,
1725 1736 1788 1789 et
1819 1729 2211 1809 corporalem
2245 1748 2369 1791 ma·
2476 1729 2807 1791 occasione
2835 1736 2944 1791 aut
2975 1728 3187 1811 specie
3222 1728 3567 1810 corporalis
3599 1727 3980 1801 debilitatis,

872 1823 969 1904 gis
1029 1824 1318 1888 amittere
1376 1825 1597 1901 vitam,
1659 1845 1851 1907 quam
1914 1827 2366 1910 dispensatoris
2400 1829 2447 1892 B
2476 1824 2556 1886 ab
2599 1827 2814 1889 arduis
2862 1828 2940 1890 ad
2990 1827 3597 1909 perniciosissimam
3642 1826 3985 1888 relaxatio-

873 1922 1111 1986 violare
1157 1924 1544 1987 mandatum.
2479 1943 2624 1985 nem
2674 1942 3000 2003 corruere3
3046 1925 3111 1987 in
3153 1926 3274 1989 hoc
3318 1942 3469 1987 vero
3509 1932 3606 1987 est
3648 1924 3985 2005 magnani-

2478 2022 2662 2084 mitas
2702 2023 3017 2097 salutariS,
3050 2043 3176 2105 qua
3213 2024 3420 2086 valeat
3455 2040 3583 2085 non
3618 2022 3823 2085 solum
3866 2022 3983 2083 de·-

1247 2153 1750 2217 CAPITULUM
1812 2154 1988 2216 XLI·
2477 2120 2721 2201 spicere
2778 2140 2853 2183 ea
2911 2141 3053 2203 quae
3110 2121 3409 2184 videntur
3464 2139 3605 2183 esse
3666 2138 3983 2201 prospera

2478 2220 2697 2281 mundi
2754 2220 3105 2302 praesentis,
3157 2238 3381 2282 verum
3432 2218 3629 2281 etiam
3684 2217 3982 2281 adversis

2474 2334 2547 2378 ac
2575 2317 2877 2397 ‚tristibus
2915 2335 3044 2380 non
3085 2316 3393 2400 superari,
3428 2324 3490 2377 et
3519 2335 3595 2378 ea
3625 2316 3801 2378 velut
3832 2334 3987 2397 par-

2475 2434 2553 2476 va
2582 2434 2655 2477 ac
2685 2416 2862 2478 nulla
2890 2416 3235 2497 suscipere,
3268 2414 3511 2477 habens
3548 2414 3782 2495 jugiter
3812 2413 3981 2475 illuc

2474 2512 2761 2575 defixum
2796 2513 3028 2577 mentis
3068 2533 3197 2577 suae
3236 2513 3563 2585 intuitum,
3596 2529 3724 2593 quo
3762 2512 3981 2593 quoti·

1012 2612 1214 2674 DHUC
1247 2631 1446 2673 unum
1478 2611 1834 2674 describam
1872 2613 2146 2675 salutare
2177 2614 2368 2676 docu-
2475 2611 2578 2673 die
2628 2611 3024 2694 singulisque
3082 2610 3421 2674 momentis
3482 2609 3973 2692 perducendum

1033 2718 1318 2772 mentum
1377 2709 1625 2772 abbatis
1685 2711 1960 2785 Macarii‚
2021 2730 2149 2794 quo
2206 2712 2364 2774 tanti
2475 2728 2543 2772 se
2585 2710 2803 2772 credit.

871 2274 1188 2330 Sententia
1233 2273 1480 2330 abbatis
1527 2275 1794 2329 Macarii
1845 2276 1919 2330 de
1975 2275 2365 2331 observantia

942 2363 1219 2417 monachi
1263 2369 1321 2418 et
1367 2369 1659 2435 tanquam
1702 2364 1814 2419 diu
1855 2365 2084 2419 victuri
2129 2371 2188 2419 et
2231 2371 2369 2420 tan-

943 2468 1124 2524 quam
1161 2468 1303 2507 moa:
1337 2453 1645 2507 morituri.
