4359 6267
1267 746 1774 812 CAPITULUM
1834 745 2088 808 XXIII.

1116 900 1203 956 De
1230 897 1536 954 minorata
1565 896 1900 952 doemonum
1923 898 2236 966 potestate.

1635 525 2050 573 COLLATIONUM
2092 525 2177 571 SS.
2212 525 2455 570 PATRUM
2498 523 2672 570 LIBER
2714 524 2753 569 1.
2800 541 2879 552 -
2920 523 3206 570 COLLA'no
3248 523 3333 569 vn

2454 693 2505 755 A
2536 692 2784 755 valeant
2829 693 2895 755 iu
2937 693 3279 755 solitudine
3319 693 3513 756 etiam
3562 692 3833 774 quadam
3878 711 4015 754 cum

2537 792 2789 873 ignavia
2828 792 3173 854 continere.
3207 792 3323 855 Pro
3364 791 3605 872 ingenti
3644 809 3895 872 quoque
3930 811 4014 854 re-

2539 891 2751 953 medio
2793 890 2951 953 solet
2988 891 3082 952 eis
3122 910 3161 952 a
3198 889 3557 952 senioribus
3600 889 3728 952 dici
3762 907 3776 951 :
3810 889 4015 952 Sedete

2541 989 2604 1050 in
2637 989 2886 1051 cellulis
2916 989 3167 1062 vestriS,
3191 995 3255 1050 et
3283 996 3595 1070 quantum
3627 987 3829 1071 placet
3860 1007 4017 1050 man-

1055 1096 1226 1158 ATIS
1275 1103 1485 1158 tamen
1545 1094 1986 1175 cognoscimus
2035 1091 2429 1173 experientia
2539 1088 2787 1160 ducate,
2840 1086 3042 1149 bibite
3094 1105 3169 1149 ac
3222 1086 3514 1160 dormite,
3565 1087 3905 1150 dummodo
3958 1087 4018 1149 in

1087 1195 1345 1277 propria
1393 1202 1457 1256 et
1506 1193 1830 1256 seniorum
1890 1190 2216 1264 relatione,
2258 1189 2427 1272 quod
2538 1186 2635 1248 eis
2675 1186 2914 1268 jugiter
2954 1185 3331 1267 perduretis,

934 1293 1253 1357 daemones
1296 1309 1424 1355 non
1469 1291 1742 1354 habeant
1780 1290 1912 1354 vim
1960 1289 2144 1352 modo
2188 1295 2427 1350 tantam

935 1399 1006 1453 ut
1034 1399 1178 1454 ante
1210 1390 1276 1453 in
1307 1390 1626 1472 principio
1657 1389 2203 1461 anachoretarum,
2237 1405 2431 1468 quan-

935 1490 1016 1553 do
1056 1489 1242 1570 pauci
1290 1487 1584 1550 monachi
1632 1487 1698 1549 in
1739 1504 1955 1548 eremo
1997 1484 2423 1548 morabantur.

934 1589 1130 1650 Tanta
1185 1587 1426 1670 quippe
1475 1595 1628 1648 tunc
1685 1585 1808 1648 tuit
1855 1585 2150 1647 ferocitas
2200 1584 2429 1646 daemo-

937 1706 1113 1760 num,
1158 1693 1225 1748 ut
1268 1686 1374 1748 vix
1417 1683 1628 1767 pauci,
1673 1691 1737 1745 et
1778 1683 2120 1745 admodum
2169 1681 2429 1744 stabiles

935 1792 1126 1867 atque
1183 1792 1363 1848 aetate
1421 1782 1727 1866 provecti,
1784 1787 2044 1863 possent
2099 1779 2431 1842 habitatio-

2884 1439 2987 1504 CA
2996 1440 3389 1504 PITULUM
3452 1440 3703 1503 XXIV.

2594 1589 2876 1658 Qualiter
2909 1590 3205 1646 doemones
3235 1595 3461 1661 parent
3496 1589 3623 1644 sibi
3658 1590 3893 1646 aditum
3928 1591 3991 1645 in

2679 1695 2941 1752 corpora
2966 1695 3170 1735 eorum
3197 1694 3345 1752 quos
3366 1679 3713 1752 possessuri
3738 1686 3894 1735 sunt.

934 1902 1082 1946 nem
1127 1881 1489 1946 solitudinis
1533 1881 1819 1944 tolerare.
1854 1880 2012 1942 Nam
2052 1885 2116 1941 et
2161 1878 2225 1940 in
2274 1877 2428 1960 ipsis
2460 1877 2507 1938 B
2664 1877 2961 1941 ONSTAT
3019 1877 3232 1959 itaque
3291 1878 3609 1940 daemones
3668 1895 3795 1940 non
3850 1879 4019 1941 aliter

935 1980 1336 2045 monasteriis
1368 1980 1434 2041 in
1465 1979 1701 2061 quibus
1731 1986 1874 2042 octo
1902 1985 2012 2039 aut
2040 1977 2261 2039 decem
2297 1995 2429 2038 mo-

933 2080 1121 2142 nachi
1162 2077 1592 2152 morabantur,
1626 2077 1920 2140 atrocitas
1952 2077 2314 2139 daemonum
2342 2083 2431 2136 ta-

935 2179 1078 2241 liter
1117 2176 1436 2250 saeviebat‚
1471 2184 1534 2238 et
1562 2195 1853 2238 accessus
1887 2193 2109 2238 eorum
2139 2173 2428 2236 visibiles

932 2297 1006 2340 ac
1050 2275 1417 2357 frequentes
1462 2274 1554 2336 sic
1598 2273 2056 2348 sentiebantur,
2099 2281 2170 2335 ut
2222 2289 2433 2334 mona-

935 2377 1039 2439 chi
1070 2393 1195 2438 non
1227 2374 1534 2437 auderent
1563 2373 1628 2436 in
1661 2372 1954 2436 noctibus
1984 2390 2206 2435 omnes
2236 2371 2429 2433 simul

935 2495 1003 2538 se
1047 2475 1196 2537 dare
1240 2473 1320 2536 ad
1367 2472 1849 2551 dormiendum3
1891 2471 2001 2534 sed
2045 2471 2429 2553 quibusdam

933 2593 1157 2638 eorum
1198 2570 1686 2644 dormientibuS,
1719 2571 1827 2632 alii
1867 2570 2237 2651 vigilabant,
2271 2570 2433 2652 psal-

934 2672 1078 2746 miS,
1112 2668 1505 2734 orationibus
1537 2675 1600 2730 et
1630 2666 2010 2730 lectionibus
2041 2667 2426 2729 insistentes,

933 2771 1270 2852 Quumque
1313 2775 1377 2829 et
1417 2768 1533 2830 hos
1577 2766 1883 2829 naturalis
1925 2766 2271 2828 necessitas
2315 2766 2432 2829 im-

937 2869 1202 2952 pelleret
1229 2868 1309 2930 ad
1348 2866 1817 2939 dormiendum,
1849 2865 2006 2929 alios
2047 2864 2428 2939 excitabant,

934 2967 1169 3052 quibus
1198 2965 1612 3048 vigilantibus
1652 2972 1715 3026 et
1743 2972 1920 3026 actus
1961 2971 2212 3026 sanctos
2250 2983 2434 3045 agen-

931 3066 1232 3141 tibus,illi
1261 3063 1600 3147 gustabant
1630 3081 1936 3126 somnum.
1953 3063 2128 3126 Unde
2159 3062 2432 3126 dubitari
2471 3068 2514 3131 G

933 3184 1062 3229 non
1108 3172 1314 3248 potest
1351 3163 1508 3246 quin
1553 3162 1858 3226 securitas
1897 3170 2008 3224 aut
2046 3161 2436 3225 confidentia

936 3266 1060 3327 ista
1101 3283 1242 3346 quae
1287 3261 1611 3326 confertur
1655 3279 1782 3324 non
1825 3261 2034 3324 solum
2081 3261 2288 3336 nobiS,
2323 3262 2434 3343 qui

937 3363 1233 3426 videmur
1261 3360 1621 3443 aliqualiter
1650 3359 1924 3422 roborati
1961 3379 2075 3443 per
2104 3361 2434 3442 experien-

936 3461 1092 3524 tiam
1133 3457 1500 3532 sencctutiS,
1533 3458 1643 3520 sed
1683 3457 1878 3520 ctiam
1913 3457 2300 3539 junioribuS,
2332 3459 2435 3520 de-

936 3567 1042 3621 tur
1081 3558 1266 3622 nobis
1295 3575 1373 3619 ex
1407 3557 1603 3619 altera
1640 3556 1867 3618 harum
1907 3575 2241 3619 causarum
2278 3575 2291 3620 :
2325 3565 2432 3619 aut

936 3659 1111 3722 enim
1161 3663 1393 3731 retusa,
1443 3655 1773 3718 debilitata
1817 3655 1952 3718 sive
2003 3674 2293 3737 repressa
2337 3664 2432 3719 est

938 3765 1210 3841 potestas
1242 3775 1316 3818 ac
1344 3753 1621 3837 nequitia
1654 3755 2009 3817 daemonum
2039 3755 2278 3817 virtute
2308 3773 2439 3817 cru-

937 3857 1052 3930 ciS,
1104 3875 1246 3938 quae
1294 3855 1486 3917 etiam
1544 3854 1792 3916 deserta
1845 3853 1977 3934 jam
2037 3861 2327 3935 penetrat
2374 3862 2437 3916 et

939 3954 1177 4037 ubique
1236 3959 1560 4032 coruscat3
1610 3959 1720 4014 aut
1777 3951 2163 4033 negligentia
2222 3959 2435 4014 nostra

2686 1994 2871 2058 posse
2903 1976 3147 2057 ingredi
3180 1993 3444 2058 corpora
3472 1993 3688 2038 eorum
3716 1994 3874 2059 quos
3902 1995 4021 2059 pos-

2541 2075 2777 2138 sessuri
2826 2081 2996 2149 sunt,
3038 2074 3163 2136 nisi
3206 2073 3385 2156 prius
3433 2075 3831 2156 possederint
3872 2075 4021 2156 cogi-

2541 2174 2809 2236 tationes
2867 2190 3089 2235 eorum
3148 2192 3219 2236 ac
3282 2180 3544 2236 menteS.
3610 2173 3775 2248 Quos
3836 2193 4019 2256 quum

2543 2271 2924 2334 nudaverint
2982 2272 3209 2333 timore
3268 2279 3332 2333 et
3389 2271 3698 2334 memoria
3756 2272 3865 2334 Dei
3924 2281 4023 2334 aut

2544 2369 2954 2432 meditatione
3004 2369 3344 2452 spirituali,
3390 2369 3686 2432 ardenter
3733 2370 4025 2432 invadunt

2542 2469 2719 2532 velut
2782 2475 3135 2530 exarmatos
3198 2467 3373 2530 omni
3439 2467 3737 2551 praesidio
3797 2469 3905 2531 Dei
3958 2487 4024 2530 ac

2546 2567 2900 2630 munitione
2943 2567 3181 2640 divina,
3224 2566 3625 2648 faciliterque
3669 2567 4023 2640 vincendOS‚

2544 2673 3001 2750 praesumentes
3044 2666 3165 2729 sibi
3213 2665 3613 2728 domicilium
3665 2666 3731 2728 in
3776 2667 3867 2730 eis
3907 2675 4028 2728 tan-

2544 2785 2735 2849 quam
2786 2766 2851 2828 in
2901 2766 3299 2849 possessione
3346 2767 3426 2828 ad
3469 2766 3643 2848 ipsos
3690 2774 4021 2848 spectante.

2900 3032 3404 3096 CAPITULUM
3461 3033 3677 3098 XXV.

2546 3183 2718 3252 Quod
2760 3181 3240 3238 miserabiliores
3286 3181 3413 3237 sint
3458 3183 3569 3254 qui
3618 3183 3795 3238 vitiis
3848 3182 4030 3238 adim-

2609 3274 2883 3346 plentur,
2932 3287 3113 3344 quam
3163 3272 3273 3345 qui
3330 3287 3371 3327 a
3423 3271 3797 3328 daemonibus
3846 3272 4031 3345 possi·

2617 3365 2857 3420 dentur.

2687 3558 2987 3623 RAVIUS
3045 3565 3257 3622 tamen
3315 3559 3883 3642 vehementiusque
3936 3579 4031 3621 ve-

2717 3667 2946 3721 xantur
2980 3677 3019 3720 a
3056 3657 3474 3731 daemonibuS‚
3507 3657 3619 3739 qui
3663 3659 3785 3721 etsi
3825 3676 4033 3740 corpo-

2546 3758 2762 3820 raliter
2811 3775 2937 3820 non
2988 3757 3431 3839 possideantur
3475 3756 3557 3818 ab
3606 3756 3788 3840 ipsis,
3833 3765 4032 3820 mente

2545 3865 2755 3919 tamen
2802 3857 3129 3939 replentur
3168 3856 3250 3918 ab
3294 3856 3473 3938 ipsis,
3506 3864 3727 3939 utpote
3771 3857 4029 3919 involuti

2544 3955 2718 4018 vitiis
2750 3955 3311 4037 voluptatibusque
3352 3955 3629 4030 illorum,
3660 3955 3845 4036 juxta
3881 3954 4029 4018 illud

935 4055 1087 4119 fecit
1116 4055 1434 4118 daemones
1468 4051 1534 4113 in
1564 4051 1864 4113 tentando
1896 4050 2313 4124 remissioreS,
2348 4051 2435 4114 ita
2543 4055 2707 4118 Petri
2744 4072 2757 4116 :
2800 4055 2851 4117 A
2893 4071 3022 4136 quo
3064 4054 3208 4136 quis
3257 4061 3612 4136 superatur,
3655 4055 3798 4135 ejus
3840 4061 3933 4116 est
3970 4061 4030 4116 et
4079 4071 4261 4114 neem.

937 4155 1106 4238 quod
1154 4153 1577 4233 dedignantur
1626 4157 1844 4212 contra
1897 4167 2011 4212 nos
2063 4169 2210 4211 cum
2260 4158 2435 4213 tanta
2544 4173 2784 4217 servus,
2832 4155 2966 4216 lmo
3013 4153 3079 4215 in
3128 4153 3250 4216 hoc
3306 4153 3726 4234 spiritualiter
3782 4154 3885 4216 isti
3942 4152 4029 4215 sic
4056 4137 4112 4178 ¹⁹·

935 4253 1235 4316 instantia
1291 4249 1566 4334 praeliari
1625 4267 1773 4311 cum
1826 4257 2063 4331 quanta
2118 4256 2273 4311 tunc
2325 4268 2434 4313 sae-
2462 4258 2509 4319 D
2545 4252 2819 4336 possessi
2857 4251 3251 4334 desperatius
3294 4252 3615 4333 languent,
3650 4252 3801 4335 quia
3838 4271 4028 4334 quum

935 4350 1194 4415 viebant
1233 4356 1453 4413 contra
1489 4347 1970 4430 probatissimos
2012 4348 2154 4410 illos
2198 4348 2431 4410 milites
2544 4350 2673 4413 sint
2719 4350 3079 4413 daemonum
3132 4349 3322 4424 servi,
3375 4367 3502 4412 non
3552 4358 3763 4414 tamen
3816 4369 4033 4433 cogno-

938 4448 1192 4524 Christi,
1243 4448 1464 4529 sicque
1511 4445 1800 4509 visibiles
1859 4464 2004 4508 suas
2052 4447 2431 4509 tentationes
2545 4457 2733 4512 scunt
2773 4468 2840 4512 se
2882 4449 3241 4531 impugnari
3281 4457 3345 4511 et
3385 4449 3617 4530 repleri
3656 4450 3737 4513 ab
3773 4451 3922 4527 illis,
3952 4459 4033 4512 at-

937 4547 1334 4620 retrahendo,
1363 4546 1564 4608 dirius
1604 4562 1719 4608 nos
1759 4545 2069 4607 collidunt
2109 4564 2223 4628 per
2264 4545 2432 4608 frau-
2545 4569 2670 4632 que
2713 4547 2997 4612 dominio
3040 4547 3272 4630 subjici
3314 4548 3707 4610 eorumdem.
3748 4549 4031 4612 Ceterum

938 4644 1287 4707 dulentiam
1338 4663 1536 4706 suam.
1591 4644 1684 4707 Ad
1731 4650 1979 4706 tantum
2028 4663 2305 4726 namque
2353 4652 2435 4707 te-
2545 4647 2841 4710 novimus
2885 4647 3076 4709 etiam
3126 4655 3375 4709 sanctos
3418 4646 3588 4709 viros
3632 4648 4036 4730 corporaliter

940 4761 1161 4828 porem
1217 4743 1510 4806 videmus
1569 4743 1884 4806 corruisse
1942 4743 2305 4817 nonnuHOS‚
2364 4753 2435 4806 ut

938 4859 1198 4904 necesse
1256 4840 1338 4903 sit
1397 4840 1540 4904 illos
1599 4841 1927 4904 remissius
1983 4842 2311 4905 admoneri
2370 4850 2433 4906 et

936 4939 1233 5003 blandius
1279 4939 1545 5022 palpari,
1579 4959 1659 5002 ne
1698 4939 1948 5002 cellulis
1992 4941 2125 5002 suis
2168 4940 2429 5016 relictis,

938 5038 1345 5103 revolvantur
1391 5037 1470 5099 ad
1519 5036 1994 5119 inquietudines
2043 5039 2244 5118 magis
2293 5057 2433 5120 per-

937 5137 1232 5212 niciosaS,
1265 5144 1329 5199 et
1371 5155 1451 5198 ne
1496 5136 1952 5199 circumeundo
1995 5154 2068 5198 ac
2110 5138 2433 5218 evagando

939 5236 1351 5319 implicentur
1379 5234 1776 5316 gravioribus
1807 5233 2016 5314 vitiis;
2045 5235 2268 5317 sicque
2302 5255 2428 5298 ma-

933 5353 1098 5416 gnus
1136 5333 1384 5397 fructus
1413 5333 1667 5396 videtur
1693 5332 1967 5396 obtineri
2002 5333 2082 5395 ab
2115 5334 2232 5410 εἰς,
2266 5334 2319 5396 si
2360 5355 2427 5398 sc

2547 4746 2806 4808 traditos
2838 4745 3100 4817 Satanae,
3134 4751 3243 4806 aut
3271 4744 3760 4808 infirmitatibus
3794 4747 4033 4828 magnis

2545 4843 2735 4906 etiam
2777 4861 2891 4925 pro
2932 4842 3217 4904 minimis
3257 4842 3487 4924 culpiS,
3520 4861 3647 4906 non
3688 4845 4033 4907 sustinente

2546 4942 2761 5005 divina
2809 4940 3148 5003 clementia
3204 4939 3445 5021 aliquid
3494 4941 3701 5023 culpae
3757 4950 3867 5005 aut
3914 4961 4035 5005 ma-

2546 5041 2705 5103 culae
2748 5057 2886 5102 esse
2930 5046 3038 5101 aut
3081 5037 3355 5100 inveniri
3398 5039 3463 5101 in
3504 5038 3661 5120 ipsis
3702 5039 3767 5102 in
3804 5040 3907 5103 die
3942 5039 4034 5122 ju-

2545 5137 2717 5200 dicii.
2760 5138 3023 5218 Propter
3062 5137 3233 5218 quod
3284 5135 3349 5198 in
3399 5137 3695 5219 praesenti
3742 5137 4035 5220 excoquit

2545 5236 2731 5318 plene
2762 5253 3017 5298 omnem
3048 5235 3320 5298 scoriam
3352 5235 3561 5299 cordis
3590 5253 3838 5312 eorum,
3858 5237 4031 5318 juxta

2541 5335 2866 5416 Prophetae
2904 5333 3254 5416 eloquium,
3291 5341 3357 5396 ut
3400 5333 3542 5397 illos
3582 5341 3889 5417 tanquam
3926 5353 4027 5396 au-
