4359 6267
613 2057 630 2101 1
654 2057 768 2100 Tim.
788 2067 848 2104 iv,

587 2123 631 2172 8,
647 2124 688 2164 4.

622 2461 752 2504 Rom.
767 2472 855 2510 xiv,

591 2527 656 2567 Η.

863 483 986 550 378

1547 495 1962 545 COLLATIONUM
2004 495 2088 540 SS.
2125 493 2370 539 mmm!
2410 491 2585 538 LIBER
2627 493 2689 538 11.
2736 511 2817 521 -·-
2856 491 3143 539 COLLA‘rlo
3184 493 3293 538 XXI

865 672 1022 735 item
1054 670 1374 733 interdum
1407 665 1993 749 reprehensibiliter
2020 662 2362 736 efficiatur,
2397 661 2446 723 A
2478 661 2911 735 solitudinem,
2958 660 3231 742 vigiliaS,
3282 677 3619 742 sacrasque
3668 658 3987 721 lectiones

867 779 928 833 et
963 769 1246 833 vicissim
1284 766 1685 830 laudabiliter
1713 764 2060 827 omittatur.
2098 762 2161 824 Si
2194 760 2367 822 enim

869 870 936 932 in
990 868 1100 930 illa
1158 866 1398 929 ratione
1458 881 1850 945 numeroque
1899 862 2211 924 virtutum
2263 875 2370 938 po-

871 985 1098 1028 namus
1152 964 1498 1046 jejunium,
1550 970 1620 1023 ut
1677 959 2061 1021 abstinentia
2117 977 2154 1018 a
2207 954 2369 1017 cibis

870 1063 1216 1126 collocetur
1258 1062 1423 1123 inter
1464 1058 1844 1141 principalia
1883 1057 2069 1128 bona,
2102 1062 2257 1115 tunc
2288 1052 2373 1114 ci-

870 1162 1100 1224 borum
1133 1159 1459 1242 perceptio
1488 1158 1608 1219 erit
1639 1157 1866 1218 vitiosa
1894 1163 1958 1217 et
1986 1171 2201 1235 prava,
2221 1168 2374 1233 quo-

871 1260 1046 1322 niam
1078 1257 1390 1340 quidquid
1423 1254 1762 1338 principali
1794 1253 1961 1315 bono
1991 1258 2193 1314 exstat
2224 1267 2371 1311 con-

871 1358 1163 1431 trarium,
1207 1355 1448 1418 malum
1501 1361 1613 1415 est.
1661 1351 1847 1425 Quod
1899 1350 2372 1432 scripturarum

871 1455 1212 1518 auctoritas
1252 1472 1380 1516 non
1420 1451 1736 1534 permittit
1773 1467 1888 1511 nos
1926 1447 2270 1510 affirmare.
2308 1444 2373 1507 Si

873 1554 1044 1616 enim
1095 1552 1206 1615 tali
1267 1570 1456 1614 sensu
1515 1557 1706 1630 atque
1754 1547 2080 1629 proposito
2123 1544 2374 1626 jejune-

875 1672 1042 1727 mus,
1077 1658 1148 1712 ut
1177 1650 1510 1712 credamus
1553 1654 1887 1729 peccatum
1927 1643 2275 1707 consistere
2308 1642 2373 1702 in

877 1749 1167 1812 ciborum
1213 1747 1598 1829 sumptione,
1634 1762 1762 1807 non
1807 1743 2014 1805 solum
2059 1759 2185 1803 non
2232 1757 2373 1822 pro-

2477 767 2539 822 et
2574 760 3015 822 meditationes
3057 758 3388 832 librorum,
3420 757 3673 839 jejunia
3695 774 3988 838 quoque,

2480 860 2558 921 de
2606 858 2841 941 quibus
2892 866 3221 939 sumptum
3270 865 3369 918 est
3415 856 3607 937 hujus
3663 854 3992 918 sermonis

2480 957 2809 1019 exordium
2848 974 2861 1018 :
2897 975 3039 1038 quae
3070 956 3286 1019 divina
3321 955 3527 1037 jussio
3562 962 3671 1016 aut
3702 955 3995 1034 Scriptu-

2481 1074 2695 1117 rarum
2737 1055 3079 1117 auctoritas
3119 1073 3247 1116 non
3286 1053 3579 1136 praecipit
3608 1059 3735 1114 tam
3775 1053 3992 1113 inces-

2482 1153 2765 1216 sabiliter
2794 1153 3071 1216 obtineri
3098 1161 3207 1214 aut
3238 1152 3649 1226 custodiri,ut
3675 1151 3991 1213 vitiosum

2483 1253 2565 1314 sit
2604 1271 2678 1314 ea
2716 1252 3009 1314 omittere
3056 1251 3409 1332 paululum.
3444 1249 3763 1330 Quidquid
3804 1247 3991 1310 enim

2485 1350 2874 1433 praecipitur,
2910 1357 3178 1411 mortem
3224 1349 3457 1430 irrogat
3494 1348 3548 1410 si
3588 1365 3715 1410 non
3759 1346 3996 1428 imple-

2486 1456 2589 1509 tur
2640 1465 2653 1508 :
2706 1465 2895 1529 porro
2943 1466 3085 1529 quae
3132 1446 3574 1518 consuluntur,
3628 1445 3791 1508 facta
3838 1463 3993 1526 pro-

2486 1554 2665 1624 sunt3
2698 1546 2934 1608 omissa
2972 1565 3083 1606 seu
3122 1563 3250 1606 non
3296 1543 3481 1618 facta,
3515 1561 3641 1606 non
3682 1543 3989 1626 puniunt.

2486 1643 2646 1706 Hinc
2704 1644 2976 1725 majores
3038 1643 3237 1705 nostri
3291 1641 3621 1723 jusserunt
3677 1659 3790 1704 nos
3846 1641 3996 1703 haec

2488 1742 2703 1805 omnia
2759 1749 2867 1824 aut
2914 1742 3203 1823 quaedam
3250 1757 3473 1804 eorum
3525 1740 3861 1802 observare
3914 1758 3995 1800 ac

877 1847 1174 1909 ficiemus
1207 1847 1271 1908 in
1300 1844 1672 1927 jejunando,
1706 1842 1817 1904 sed
1848 1841 2249 1903 incurremus
2281 1856 2375 1900 re·
2412 1841 2460 1902 B
2488 1859 2673 1922 agere
2718 1841 3179 1921 circumspecte
3225 1858 3298 1901 ac
3344 1839 3628 1921 provide,
3664 1855 3779 1920 pro
3818 1838 3993 1911 loen,

875 1953 1052 2008 atum
1085 1944 1436 2006 maximum
1465 1950 1530 2004 et
1559 1939 1873 2020 sacrilegii
1907 1939 2172 2010 crimen,
2195 1937 2377 2018 juxta

877 2042 1251 2125 Apostolum
1281 2061 1295 2104 ε
1325 2040 1730 2104 Abstinentes
1761 2057 1798 2100 a
1828 2037 1990 2099 cibis
2021 2053 2180 2117 quos
2212 2035 2377 2096 Deus

881 2141 1119 2204 creavit
1166 2140 1241 2202 ad
1295 2136 1780 2221 percipiendum
1830 2154 1976 2197 cum
2030 2133 2377 2216 gratiarum

881 2240 1128 2302 actione
1187 2236 1489 2300 fidelibus
1539 2243 1602 2298 et
1652 2235 1730 2296 iis
1780 2233 1889 2315 qui
1949 2237 2383 2313 cognoverunt

882 2337 1237 2409 veritatem,
1281 2335 1433 2417 quia
1474 2333 1683 2396 omnis
1731 2339 2017 2394 creatura
2060 2329 2170 2391 Dei
2215 2328 2381 2391 bona

883 2443 1001 2508 est,
1041 2443 1162 2497 etc.
1217 2433 1332 2506 Qui
1383 2431 1557 2494 enim
1607 2437 1789 2512 putat
1836 2428 1990 2511 quid
2041 2444 2382 2490 commune

884 2551 1045 2606 esse,
1080 2531 1174 2593 illi
1219 2547 1556 2592 commune
1596 2534 1710 2590 est.
1747 2527 1891 2589 Ideo
1931 2525 2257 2588 neminem
2300 2523 2385 2584 le-

884 2631 1096 2712 gimus
1145 2628 1635 2691 condemnatum
1686 2625 1768 2688 ob
1817 2625 2016 2687 solam
2068 2622 2197 2684 cibi
2249 2639 2385 2703 per-

885 2728 1270 2810 ceptionem,
1314 2727 1436 2788 nisi
1483 2725 1645 2788 forte
1685 2723 1857 2786 aliud
1897 2721 2139 2803 aliquid
2192 2719 2385 2782 fuerit

885 2845 1206 2890 annexum
1253 2832 1361 2887 aut
1404 2823 1842 2894 subsecutum,
1886 2839 1999 2903 per
2042 2819 2214 2901 quod
2258 2837 2387 2880 me-

888 2926 1019 2988 ruit
1061 2922 1490 2987 condemnari.

1257 3171 1762 3239 CAPITULUM
1827 3171 2010 3234 XIV.

927 3316 1104 3386 Quod
1121 3314 1443 3387 jejunium
1470 3328 1590 3367 non
1619 3311 1704 3366 sit
1725 3309 2082 3382 principale
2113 3308 2350 3364 bonum.

1054 3511 1292 3573 EDlUM
1335 3526 1484 3589 ergo
1526 3506 1842 3589 quoddam
1887 3523 2024 3567 esse
2070 3503 2390 3586 jejunium

1082 3608 1234 3670 hinc
1280 3607 1606 3689 probatur,
1650 3605 1954 3686 quoniam
2002 3604 2165 3665 sicut
2211 3600 2395 3684 justi-

897 3708 1049 3770 ficat
1092 3707 1246 3769 dum
1290 3713 1597 3777 servatur,
1641 3703 1727 3764 ita
1770 3721 1896 3765 non
1941 3702 2198 3764 damnat
2240 3702 2391 3763 dum

900 3804 1234 3887 frangitur,
1269 3802 1392 3864 nisi
1437 3801 1599 3864 forte
1641 3800 1940 3882 praecepti
1980 3799 2397 3880 transgressio

900 3903 1203 3987 puniatur
1244 3900 1453 3982 potius
1483 3918 1675 3980 quam
1715 3917 2004 3959 escarum
2050 3895 2391 3978 perceptio.

899 4004 1090 4066 Porro
1120 4000 1372 4062 nullum
1403 4007 1656 4079 tempus
1688 4016 1910 4058 vacare
1943 3996 2130 4058 debet
2161 4014 2198 4056 a
2230 3995 2399 4076 prin-

903 4100 1092 4182 cipali
1133 4099 1321 4170 bono,
1357 4097 1422 4158 in
1453 4103 1700 4158 tantum
1743 4102 1813 4156 ut
1843 4094 2002 4156 nulli
2046 4093 2227 4155 liceat
2260 4111 2398 4154 esse

2492 1938 2700 2012 mod0‚
2735 1957 2923 2000 eausa
2967 1956 3041 1999 ac
3082 1944 3416 2018 tempore:
3452 1937 3602 2018 quia
3646 1937 3698 1998 si
3742 1935 3997 2018 aliquid

2491 2038 2718 2100 horum
2750 2052 3027 2116 congrue
3066 2034 3091 2096 f
3096 2036 3201 2108 iat,
3235 2043 3457 2116 aptum
3496 2042 3592 2096 est
3619 2042 3808 2116 atque
3838 2051 3999 2096 con-

2490 2134 2789 2212 veniens:
2839 2133 2892 2195 si
2953 2133 3320 2213 incongrue,
3372 2140 3617 2194 certum
3674 2139 3771 2194 est
3817 2131 3999 2212 quod

2491 2232 2781 2314 ineptum
2830 2231 3091 2293 exsistat
3132 2250 3205 2292 ac
3254 2231 3573 2293 nocivum.
3617 2231 3694 2292 Ut
3738 2231 3794 2291 si
3841 2229 3999 2310 quis

2492 2330 2646 2392 velit
2674 2329 3106 2391 austeritatem
3134 2329 3367 2410 jejunii
3406 2329 3725 2391 custodire
3756 2329 3822 2390 in
3850 2329 4003 2389 Fra-

2496 2429 2607 2490 tris
2642 2427 3025 2499 visitatione,
3061 2428 3126 2489 in
3167 2445 3296 2509 quo
3335 2426 3518 2489 dehet
3552 2426 3874 2490 Christum
3917 2444 4000 2487 ex

2496 2526 2887 2588 humanitate
2918 2524 3205 2597 reficere,
3239 2543 3449 2587 nonne
3481 2525 3680 2606 magis
3712 2525 4004 2586 incurret

2498 2623 2751 2686 crimen·
2772 2623 3276 2696 inhumanitatiS,
3310 2642 3501 2704 quam
3542 2623 3830 2704 acquirat
3860 2622 4003 2684 lau-

2495 2722 2642 2783 dem
2691 2728 2754 2783 et
2804 2721 3101 2782 meritum
3163 2718 3543 2801 religionis?
3590 2719 3715 2782 Aut
3761 2721 3814 2781 si
3864 2737 4005 2782 non

2496 2819 2861 2901 acquiescat
2908 2819 3179 2900 rigorem
3238 2817 3639 2880 abstinentiae
3689 2818 4001 2891 relaxare,

2498 2917 2651 2978 dum
2696 2915 2969 2978 defectio
3018 2915 3301 2996 corporis
3344 2915 3407 2977 id
3454 2915 3741 2997 requirit,
3774 2924 3835 2977 et
3882 2915 4009 2976 im-

2425 3014 2469 3077 C
2500 3014 2813 3076 becillitas
2880 3014 3167 3095 deposcit
3228 3013 3461 3076 virium
3530 3013 4007 3096 reparationem

2500 3131 2613 3193 per
2644 3111 2771 3172 cibi
2814 3111 3310 3193 perceptionem,
3345 3129 3555 3174 nonne
3596 3111 3797 3192 magis
3834 3111 4010 3174 aesti-

2505 3210 2769 3271 mandus
2800 3217 2897 3271 est
2925 3209 3201 3272 crudelis
3231 3210 3554 3273 homicida
3582 3209 3865 3291 corporis
3900 3209 4010 3270 sui

2502 3326 2692 3389 quam
2754 3307 3043 3389 provisor
3101 3307 3323 3370 salutis
3380 3308 3610 3370 animae
3670 3310 3854 3370 suae?
3914 3308 4013 3369 lta

2502 3406 2694 3469 etiam
2738 3405 2789 3467 si
2837 3407 2981 3487 quis
3021 3407 3294 3468 voluerit
3332 3405 3861 3468 indissolubiliter
3906 3425 4012 3469 re-

2503 3505 2706 3565 tinere
2751 3503 3019 3584 rigidam
3064 3504 3535 3566 observantiam
3580 3503 4011 3584 jejuniorum,

2504 3603 2656 3665 dum
2694 3609 2945 3684 tempus
2986 3602 3288 3666 festivum
3323 3603 3615 3664 concedit
3646 3618 4012 3682 congruum

2506 3721 2692 3764 usum
2742 3719 3033 3762 escarum
3080 3709 3144 3762 et
3189 3701 3654 3764 absolutionem
3714 3700 4015 3761 consueti

2508 3799 2755 3880 rigoris,
2806 3817 3067 3861 necesse
3114 3807 3211 3860 est
3261 3807 3329 3860 ut
3376 3805 3709 3880 reputetur
3758 3797 4018 3859 irratio-

2508 3896 2739 3957 nabilis
2772 3903 2835 3956 et
2866 3895 3245 3957 indiscretus
3287 3895 3485 3975 magis
3526 3913 3717 3977 quam
3756 3893 4022 3976 religio·

2510 4013 2637 4054 suS.
2664 3993 2948 4074 Denique
2981 3993 3101 4054 ista
3128 3992 3544 4054 adversantur
3573 3992 3672 4054 his
3702 3993 3811 4073 qui
3842 4011 4023 4054 mer-

2510 4100 2734 4152 cantur
2765 4091 3015 4152 laudem
3056 4091 3398 4152 humanam
3439 4109 3554 4172 per
3585 4109 3699 4153 sua
3732 4089 4017 4171 jejunia,

903 4199 1040 4261 sine
1087 4214 1184 4270 e0‚
1230 4196 1382 4278 quia
1429 4212 1505 4255 ex
1555 4193 1696 4273 ejus
1745 4191 2092 4253 cessatione
2140 4209 2399 4251 necesse
2431 4194 2479 4254 D
2511 4198 2573 4252 et
2640 4189 2875 4252 samam
2944 4189 3294 4251 sanctitatis
3359 4189 3701 4269 acquirunt
3764 4189 4019 4271 pallore

903 4305 999 4358 est
1056 4294 1482 4375 negligentem
1549 4308 1841 4354 corruere
1911 4290 1972 4350 in
2043 4295 2395 4370 peceatum.

903 4391 1243 4474 Principali
1293 4407 1547 4472 quoque
1597 4388 1764 4450 malo
1816 4387 2063 4448 nullum
2112 4387 2403 4448 concedi-

907 4498 1010 4552 tur
1048 4498 1301 4569 tempus
1341 4505 1468 4568 quo
1511 4485 1718 4558 liceat,
1752 4484 1903 4565 quia
1940 4483 2109 4564 quod
2149 4501 2403 4564 semper

907 4586 1207 4651 nocivum
1245 4592 1343 4648 est
1381 4584 1514 4645 sive
1554 4581 1892 4664 culpabile,
1928 4600 2257 4662 nunquam
2293 4600 2402 4662 po-

909 4686 1054 4748 terit
1083 4702 1209 4747 non
1250 4700 1498 4754 nocere,
1533 4681 1586 4742 si
1625 4678 2012 4753 admittatur,
2047 4698 2166 4740 nec
2198 4688 2404 4761 potest

909 4784 976 4845 in
1027 4791 1268 4865 partem
1324 4777 1707 4841 laudabilem
1755 4777 2151 4839 commutari.
2198 4776 2403 4858 Atque

909 4901 1025 4964 per
1072 4881 1213 4955 hoc,
1266 4881 1386 4942 ista
1435 4876 1670 4959 quibus
1719 4875 2009 4937 videmus
2067 4875 2404 4956 qualitates

910 5001 1022 5044 seu
1069 4979 1285 5041 modos
1329 4984 1391 5039 et
1438 4985 1721 5056 tempora
1762 4992 1899 5035 csse
1945 4957 2230 5055 praefixa,
2266 4992 2406 5054 quae

909 5081 1064 5142 dum
1094 5077 1512 5140 observantur
1542 5073 1627 5135 ita
1658 5071 2082 5144 sanctificant,
2119 5079 2187 5132 ut
2216 5072 2406 5134 omis-

909 5197 978 5240 sa
1035 5193 1162 5238 non
1221 5173 1527 5256 polluant,
1583 5169 1994 5232 manifestum
2053 5177 2149 5231 est
2198 5170 2409 5232 media

909 5293 1070 5350 esse,
1105 5280 1257 5356 puta
1301 5270 1578 5342 divitiaS,
1617 5267 1895 5349 nuptiaS,
1928 5267 2405 5349 agriculturam,

2512 4288 2708 4359 inani,
2742 4305 2900 4368 quos
2942 4286 3344 4367 evangelicus
3386 4305 3595 4348 sermo
3637 4289 4019 4368 pronuntiat
4070 4305 4306 4372 mnan,

4054 4374 4121 4414 ¹6.
4305 4387 4306 4394 ¹

2512 4386 2831 4467 recepisse
2890 4385 2956 4445 in
3014 4385 3130 4446 hac
3178 4385 3307 4447 vita
3361 4385 3719 4448 mercedem
3776 4405 4019 4466 suam3

2514 4501 2787 4565 quorum
2832 4481 3079 4563 jejunia
3127 4483 3432 4544 Dominus
3480 4483 3845 4558 detestatur,
3898 4484 4020 4566 qui

2516 4601 2629 4664 per
2674 4581 2898 4650 Isaiam
2951 4580 3230 4662 loquitur
3285 4581 3348 4641 in
3400 4599 3621 4643 eorum
3673 4598 3955 4662 persona
4004 4600 4020 4645 ε

2515 4680 2714 4753 Quare
2744 4678 3199 4760 jejunavimuS,
3231 4687 3295 4742 et
3334 4696 3461 4741 non
3493 4679 3862 4760 adspexisti,
3902 4681 4029 4743 hu-
4068 4696 4306 4748 Imma

2518 4777 2910 4839 miliavimus
2966 4776 3209 4838 animas
3265 4786 3531 4851 nostras,
3584 4785 3647 4839 et
3702 4778 4025 4841 nescisti?

2516 4876 2756 4950 Quibus
2792 4874 3127 4936 confestim
3160 4874 3520 4956 respondet,
3544 4875 3835 4958 aperiens
3868 4895 4029 4938 cau-

2517 4993 2616 5034 sas
2683 4991 2797 5034 cur
2854 4972 3141 5034 exaudiri
3205 4980 3419 5034 essent
3482 4974 3723 5054 indigni
3776 4991 3791 5034 :
3848 4973 4027 5037 Eece
4072 4977 4306 5035 stimat

2519 5072 2584 5132 in
2643 5070 2746 5132 die
2802 5069 3033 5150 jejunii
3088 5070 3281 5132 vestri
3341 5071 3665 5133 invenitur
3720 5071 4029 5136 voluntas

2519 5175 2748 5242 vestra,
2796 5176 2860 5230 et
2906 5186 3129 5231 omnes
3180 5169 3496 5232 debitores
3546 5178 3789 5233 vestros
3836 5189 4029 5254 repe-

2520 5268 2689 5346 titis3
2732 5287 2881 5330 ecce
2919 5267 2996 5330 ad
3043 5268 3209 5342 lites,
3242 5275 3358 5330 etc.
3406 5269 3639 5332 Deinde
3682 5269 4029 5354 subjungit
