4359 6267
1719 430 1904 477 mnnx
1946 430 2281 481 amamus

535 596 935 657 fornicationis
980 600 1262 673 passione,
1295 604 1352 657 et
1399 600 1468 657 de
1516 599 1814 657 curatione

529 704 730 745 earum
771 730 1808 747 ............
1856 691 1957 746 187

455 776 786 849 Capitulum
809 780 873 835 V.
897 780 1200 845 Quomodo
1229 778 1489 835 Christus
1506 780 1664 836 solus
1689 780 1816 835 abs-

527 884 638 939 que
668 872 903 940 peccato
931 872 1186 926 tentatus
1215 869 1290 925 sit
1330 911 1806 925 ......
1853 870 1956 925 188

453 957 786 1029 Capitulum
817 958 905 1014 VI.
928 960 1044 1016 Cur
1071 958 1338 1015 diabolus
1366 957 1664 1015 Christum
1693 962 1814 1015 ten-

523 1047 729 1104 taverit
763 1090 1804 1105 ............
1848 1050 1952 1104 188

453 1135 786 1208 Capitulum
825 1138 940 1193 VII.
984 1138 1062 1193 De
1102 1137 1608 1194 consummatione
1644 1154 1811 1194 vanae

525 1224 726 1298 glorioe
785 1229 957 1299 atque
1013 1227 1302 1300 superbiae
1363 1227 1580 1300 absque
1635 1243 1806 1299 opere

524 1314 810 1387 corporali
863 1360 1804 1373 ...........
1848 1317 1954 1373 190

451 1404 784 1477 Capitulum
805 1405 946 1462 VIII.
970 1407 1046 1463 De
1077 1405 1335 1473 avaritia,
1359 1408 1514 1481 quod
1542 1406 1619 1463 sit
1645 1410 1809 1465 extra

523 1498 816 1561 naturam,
856 1498 913 1552 et
958 1495 1209 1568 qualiter
1251 1495 1478 1554 differat
1523 1514 1559 1553 a
1605 1496 1810 1555 ceteris

518 1584 676 1641 vitiis
769 1628 1801 1643 ............
1850 1587 1953 1644 190

449 1674 783 1747 Capitulum
833 1676 920 1731 IX.
966 1675 1045 1731 De
1093 1674 1294 1731 acedia
1337 1677 1510 1748 atque
1554 1673 1807 1743 tristitia,

519 1764 772 1838 qualiter
813 1763 1079 1820 oriantur
1136 1807 1802 1821 ........
1850 1767 1952 1823 190

448 1853 778 1926 Capit-ulum
811 1854 874 1909 X.
907 1855 985 1911 De
1023 1869 1124 1909 sex
1158 1852 1432 1910 vitiorum
1474 1854 1804 1920 concordia,

517 1948 577 2000 et
623 1942 966 2015 cognatione
1014 1944 1266 1999 duorum
1307 1944 1379 1999 ab
1423 1942 1506 2000 eis
1543 1944 1810 2001 differen-

518 2031 664 2088 tium
672 2075 1797 2089 .............
1842 2034 1944 2090 191

447 2120 778 2193 Capitulum
808 2122 898 2176 XI.
931 2122 1011 2178 De
1048 2120 1326 2193 qualitate
1355 2124 1413 2177 et
1449 2121 1672 2195 origine
1708 2138 1806 2179 cu-

507 2208 752 2282 juslibet
791 2208 914 2265 vitii
951 2253 1801 2268 ..........
1849 2212 1948 2269 191

446 2298 778 2371 Capitulum
835 2300 951 2355 XII.
1003 2301 1065 2355 ln
1125 2316 1240 2371 quo
1288 2316 1438 2355 vana
1492 2300 1676 2373 gloria
1731 2300 1809 2357 sit

516 2387 680 2444 utilis
758 2431 1798 2447 ............
1846 2391 1950 2446 192

446 2476 778 2549 Capitulum
829 2478 973 2533 XIII.
1023 2478 1102 2535 De
1148 2476 1308 2534 varia
1361 2477 1804 2551 impugnatione

516 2565 786 2623 omnium
816 2565 1092 2624 vitiorum
1135 2611 1799 2625 ........
1846 2568 1949 2624 193

445 2654 776 2727 Capitulum
807 2656 943 2712 XIV.
977 2657 1056 2713 De
1095 2656 1452 2714 instituendo
1487 2657 1804 2715 certamine

519 2746 722 2800 contra
776 2748 1011 2815 peccata
1065 2747 1390 2803 secundum
1454 2745 1806 2803 molestatio-

518 2846 652 2889 nem
693 2832 956 2906 ipsorum
1036 2878 1794 2892 .........
1840 2838 1944 2893 193

446 2919 774 2993 Capitulum
809 2924 920 2977 XV.
953 2926 1118 2990 Quod
1159 2924 1309 2981 nihil
1337 2926 1640 2983 valeamus
1666 2941 1804 2981 con·

518 3012 610 3065 tra
662 3014 897 3084 peccata
947 3012 1071 3069 sine
1121 3012 1342 3069 auxilio
1400 3012 1520 3079 Dei,
1567 3018 1802 3086 propter

518 3100 674 3171 quod
712 3116 831 3156 non
869 3100 1150 3158 debemus
1187 3101 1383 3159 extolli
1416 3104 1486 3159 de
1515 3102 1804 3174 expulsio-

517 3204 590 3245 ne
619 3205 823 3246 eorum
849 3234 1793 3249 ...........
1843 3194 1947 3251 194

447 3276 776 3348 Capitulum
817 3279 954 3335 XVI.
996 3279 1075 3336 De
1113 3278 1540 3352 significatione
1577 3284 1798 3353 septem

513 3367 774 3440 gentium
808 3385 1060 3440 quarum
1091 3372 1274 3425 terras
1300 3368 1522 3441 accepit
1551 3370 1800 3442 populus

511 3457 718 3523 Israel;
750 3460 808 3514 et
836 3474 1014 3530 quare
1046 3456 1343 3515 interdum
1380 3457 1652 3516 dicantur
1679 3475 1800 3531 sep-

508 3551 629 3605 tem
660 3550 878 3620 gentes,
908 3547 1225 3619 aliquando
1260 3547 1456 3620 plures
1497 3592 1508 3603 .
1591 3592 1602 3603 .
1687 3593 1698 3603 .
1783 3593 1792 3603 .

440 3636 772 3709 Capitulum
820 3636 982 3692 XVII.
1024 3636 1403 3709 Interrogatio
1451 3638 1522 3693 de
1568 3653 1801 3710 compa-

507 3726 733 3783 ratione
779 3728 1002 3797 septem
1050 3724 1314 3798 gentium
1361 3729 1419 3783 et
1467 3730 1594 3782 octo
1634 3726 1796 3782 vitio-

508 3832 642 3872 rum
650 3858 1787 3871 .............
1839 3816 1944 3872 196

440 3904 770 3978 Capitulum
799 3904 988 3959 XVIII.
1020 3904 1358 3976 Responsi0,
1389 3905 1683 3977 quomodo
1712 3921 1797 3961 se-

511 3995 772 4051 cundum
799 3995 928 4049 octo
955 3992 1113 4059 vitia,
1145 3996 1274 4049 octo
1305 3993 1569 4066 gentium
1599 4010 1802 4051 nume-

1840 3549 1946 3605 195

513 4100 616 4141 rus
645 4082 962 4155 impleatur
1035 4124 1794 4141 .........
1843 4086 1945 4141 196

445 4172 776 4245 Capitulum
807 4171 946 4227 XIX.
979 4172 1093 4228 Cur
1121 4187 1240 4229 una
1266 4189 1406 4245 gens
1441 4171 1647 4238 deseri,
1679 4190 1802 4245 sep-

515 4266 632 4319 tem
661 4277 799 4318 vero
826 4260 1148 4333 jubeantur
1182 4261 1366 4318 occidi
1409 4304 1796 4319 .....
1840 4264 1943 4319 196

447 4350 776 4424 Capitulum
806 4351 916 4406 XX.
949 4351 1028 4407 De
1066 4354 1278 4407 natura
1315 4351 1466 4423 gulae
1503 4368 1607 4425 per
1643 4368 1800 4407 com-

516 4439 880 4513 parationem
912 4441 986 4496 ad
1015 4440 1272 4512 aquilam
1318 4484 1793 4497 ......
1841 4442 1943 4498 197

445 4527 774 4600 Capitulum
797 4528 912 4583 XXI
921 4572 933 4583 .
955 4528 1031 4584 De
1053 4528 1478 4599 perseverantia
1499 4529 1649 4601 gulae
1671 4545 1801 4585 con·

514 4620 606 4672 tra
635 4615 1008 4688 philosophos
1039 4616 1332 4689 disputata
1409 4662 1794 4674 .....
1840 4619 1942 4676 197

443 4703 771 4777 Capitulum
795 4704 1088 4760 XX11.Cur
1105 4706 1256 4761 Deus
1277 4704 1607 4776 praedixerit
1625 4707 1801 4762 Abra·

515 4792 607 4849 hae
656 4795 856 4863 gentes
894 4792 1096 4848 decem
1139 4808 1261 4849 esse
1307 4794 1728 4866 expugnandas
1763 4811 1800 4850 a

513 4880 729 4954 populo
758 4880 935 4936 lsrael
942 4923 1794 4939 ..........
1841 4884 1943 4938 198

444 4970 774 5044 Capitulum
805 4968 993 5025 XXIII.
1027 4971 1331 5034 Quomodo
1361 4969 1528 5026 nobis
1557 4970 1631 5027 sit
1659 4970 1800 5027 utile

515 5064 700 5117 terras
725 5056 1003 5113 vitiorum
1046 5057 1339 5129 possidere
1416 5101 1797 5114 .....
1841 5060 1945 5115 198

448 5150 778 5220 Capitulum
824 5147 1007 5202 XXIV.
1045 5148 1208 5213 Quod
1255 5150 1425 5204 terrae
1471 5164 1541 5205 ex
1590 5147 1802 5219 quibus

521 5235 748 5309 expulsi
778 5238 916 5293 sunt
948 5235 1146 5308 populi
1175 5236 1654 5303 Chananaeorum‚
1687 5235 1806 5293 fue-

3434 420 3553 482 493

2134 604 2255 660 rint
2280 606 2568 677 deputatae
2596 605 2731 662 filiis
2768 606 2901 665 Sem
2936 651 3408 664 ......
3454 608 3557 664 198

2063 694 2392 766 Capitulum
2424 697 2580 753 XXV.
2615 696 2851 754 Diversa
2880 696 3217 754 testimonia
3246 698 3316 754 de
3345 695 3419 752 si-

2137 784 2507 855 gnificatione
2538 789 2665 842 octo
2692 785 2969 843 vitiorum
3030 831 3417 843 .....
3460 787 3566 843 199

2063 870 2393 944 Capitulum
2443 876 2627 931 XXVI.
2676 876 2841 941 Quod
2890 876 3115 933 devicta
3158 876 3423 949 passione

2136 962 2305 1033 gulae,
2337 961 2724 1020 laborandum
2764 964 2840 1020 sit
2867 981 2973 1036 pro
3011 965 3217 1022 ceteris
3242 965 3424 1023 virtu·

2107 1049 2289 1107 ‘tibus
2318 1051 2650 1109 obtinendis
2655 1097 3417 1114 .........
3463 1057 3567 1115 199

2059 1140 2391 1212 Capitulum
2430 1142 2639 1198 XXVII.
2675 1144 2839 1209 Quod
2879 1161 2995 1200 non
3026 1144 3101 1201 sit
3137 1146 3295 1204 idem
3335 1163 3425 1202 or-

2132 1230 2208 1285 do
2250 1229 2585 1301 praeliorum
2636 1232 2737 1304 qui
2785 1233 3023 1305 ponitur
3062 1233 3123 1290 in
3174 1251 3419 1293 numero

2127 1317 2405 1375 vitiorum
2472 1365 3413 1382 ...........
3461 1327 3563 1382 199

2063 1498 2362 1562 ΟοιιΑτιο
2394 1468 2592 1563 531(τρ
2618 1500 2911 1582 (Abbatis
2942 1502 3299 1585 Theodori).
3330 1506 3419 1567 De

2140 1606 2296 1651 nece
2326 1589 2699 1652 Sanctorum
2747 1644 3411 1660 ........
3452 1604 3555 1659 201

2058 1758 2386 1831 Capitulum
2423 1762 2459 1817 I.
2493 1761 2812 1833 DescrIptio
2850 1761 3051 1829 eremi,
3083 1767 3143 1820 et
3171 1763 3416 1836 inquisi-

2130 1847 2211 1903 tio
2240 1849 2311 1904 de
2343 1865 2480 1905 nece
2510 1851 2857 1907 Sanctorum
2936 1895 3412 1909 ......
3452 1854 3557 1910 201

2059 1936 2391 2009 Capitulum
2425 1939 2490 1995 II.
2523 1940 2842 2013 Responsio
2879 1942 3106 1999 abbatis
3130 1943 3415 2001 Theodori

2131 2028 2206 2082 ad
2237 2026 2620 2098 quaestionem
2662 2028 3017 2101 propositam
3028 2074 3413 2090 .....
3454 2034 3559 2089 201

2059 2114 2391 2187 Capitulum
2424 2117 2516 2173 111.
2548 2118 2627 2173 De
2665 2118 2853 2175 tribus
2882 2135 3014 2190 quae
3051 2123 3189 2178 sunt
3221 2120 3279 2176 in
3311 2121 3421 2178 hoc

2132 2206 2376 2272 mund0,
2421 2205 2689 2263 videlicet
2736 2208 2923 2275 bonis,
2960 2209 3151 2277 maiia,
3182 2228 3252 2267 ac
3300 2228 3421 2269 me-

2131 2294 2245 2350 diis
2278 2338 3415 2356 .............
3457 2302 3565 2358 202

2059 2383 2391 2456 CapItulum
2439 2386 2525 2441 IV.
2556 2386 2721 2451 Quod
2771 2386 2995 2444 malum
3044 2388 3191 2445 nulli
3239 2388 3420 2446 invito

2131 2474 2314 2545 possit
2342 2473 2544 2531 inferri
2573 2475 2645 2531 ab
2680 2475 2795 2531 alio
2837 2520 3410 2537 .......
3452 2480 3559 2536 203

2057 2561 2389 2634 Capitulum
2428 2563 2493 2619 V.
2535 2564 2810 2637 Objectio,
2854 2566 3103 2638 qualiter
3138 2569 3289 2626 Deus
3332 2568 3418 2624 di-

2129 2654 2297 2708 catur
2334 2668 2528 2709 creare
2570 2652 2793 2711 malum
2838 2699 3412 2714 .......
3452 2658 3561 2715 203

2057 2739 2390 2813 Capitulum
2430 2742 2519 2797 VI.
2553 2742 2867 2814 Responsio
2915 2744 2991 2799 ad
3028 2744 3413 2817 objectionem

2129 2829 2433 2901 praefatam
2467 2875 3409 2891 ...........
3450 2837 3558 2893 203

2057 2918 2390 2991 Capitulum
2429 2920 2543 2976 VII.
2575 2922 2663 2977 An
2700 2938 2838 2979 reus
2873 2922 2951 2978 sit
2985 2923 3086 2996 qui
3120 2924 3283 2997 justo
3322 2922 3413 2979 in-

2128 3007 2263 3063 tulit
2310 3012 2583 3075 mortem,
2616 3027 2799 3082 quum
2838 3012 3036 3085 justus
3087 3013 3295 3069 habeat
3342 3014 3413 3069 de

2128 3099 2315 3153 morte
2345 3099 2673 3155 mercedem
2744 3143 3407 3159 ........
3448 3103 3557 3159 204

2055 3184 2388 3258 Capitulum
2419 3188 2559 3243 VIII.
2592 3190 2908 3261 Responsio
2936 3191 3010 3247 ad
3042 3191 3169 3247 hoec
3209 3236 3221 3247 .
3302 3236 3314 3249 .
3395 3236 3406 3249 .
3448 3193 3557 3249 204

2057 3274 2389 3346 Capitulum
2436 3278 2523 3332 IX.
2554 3278 2904 3350 Exemplum
2946 3280 3050 3337 Job
3098 3298 3133 3337 a
3180 3280 3412 3338 diabolo

2123 3364 2349 3430 tentati,
2408 3369 2464 3423 et
2517 3365 2725 3423 Christi
2780 3384 2815 3424 a
2866 3369 3016 3426 Iuda
3069 3370 3267 3426 traditi
3293 3389 3307 3438 ;
3358 3375 3415 3429 et

2126 3455 2283 3526 quod
2322 3456 2483 3528 justo
2537 3456 2668 3527 plus
2706 3456 3010 3515 conferant
3044 3461 3118 3516 ad
3161 3460 3407 3518 salutem

2123 3544 2367 3600 adversa
2395 3561 2573 3617 quam
2614 3563 2889 3619 prospera
2930 3591 3404 3607 ......
3446 3552 3554 3609 204

2053 3633 2385 3705 Capitulum
2416 3636 2478 3690 X.
2512 3636 2591 3691 De
2626 3634 2839 3693 virtute
2871 3637 2981 3693 viri
3020 3638 3275 3710 perfecti,
3308 3639 3407 3712 qui

2124 3722 2493 3779 ambidexter
2526 3722 2847 3795 figuraliter
2884 3731 3260 3799 nuncupatur
3299 3772 3310 3783 .
3392 3773 3403 3784 .
3446 3728 3554 3784 207

2052 3810 2383 3883 Capitulum
2442 3812 2530 3867 XI.
2587 3812 2665 3867 De
2731 3813 2948 3884 duplici
3015 3830 3222 3886 genere
3277 3819 3406 3872 ten-

2122 3901 2433 3967 tationum,
2484 3917 2616 3973 quae
2660 3902 2834 3957 modo
2880 3901 3096 3975 triplici
3148 3904 3407 3961 inserun-

2123 3994 2223 4048 tur
2270 4034 3399 4050 .............
3442 3996 3549 4052 207

2051 4080 2384 4154 Capitulum
2438 4080 2552 4135 XII.
2605 4080 2909 4145 Quomodo
2954 4081 3153 4154 justus
3201 4084 3409 4140 debeat

2121 4186 2246 4227 esse
2298 4167 2509 4224 similis
2556 4184 2673 4223 non
2726 4184 2890 4234 cerae,
2938 4172 3037 4226 sed
3086 4169 3403 4243 signatorio

2121 4256 2503 4315 adamantino
2554 4300 3399 4317 ..........
3441 4262 3548 4319 209

2049 4346 2379 4420 Capitulum
2408 4346 2549 4402 XIII.
2570 4345 2965 4418 Interrogati0,
2985 4362 3059 4401 an
3092 4363 3257 4403 mens
3276 4366 3405 4421 pos-

2121 4436 2197 4491 sit
2230 4434 2453 4509 jugiter
2500 4434 2557 4490 in
2607 4450 2727 4492 una
2771 4439 2828 4491 et
2876 4435 3078 4491 eadem
3129 4436 3405 4508 qualitate

2122 4526 2335 4582 durare
2366 4568 3397 4583 ............
3440 4531 3547 4587 209

2050 4613 2381 4688 Capitulum
2412 4615 2547 4671 XIV.
2572 4614 2888 4687 Responsio
2917 4615 2990 4671 ad
3020 4614 3401 4687 quaestionem

2124 4703 2479 4776 propositam
2545 4748 3399 4765 ..........
3440 4710 3547 4767 209

2050 4792 2380 4866 Capitulum
2412 4795 2522 4850 XV.
2551 4795 2715 4860 Quod
2747 4794 3162 4852 detrimentum
3194 4796 3270 4852 sit
3296 4797 3407 4854 dis-

2123 4884 2380 4940 cedentis
2416 4900 2451 4940 a
2482 4883 2630 4941 cella
2650 4927 3399 4944 .........
3441 4890 3549 4947 210

2051 4971 2381 5044 Capitulum
2430 4973 2567 5028 XVI.
2618 4973 2696 5029 De
2750 4971 3072 5030 mobilitate
3127 4990 3404 5046 superna-

2123 5077 2256 5116 rum
2286 5059 2565 5116 virtutum
2648 5104 3401 5121 .........
3442 5066 3550 5123 210

2053 5148 2381 5219 Capitulum
2416 5150 2576 5204 XVII.
2602 5150 2765 5214 Quod
2795 5165 2967 5206 nemo
2997 5150 3228 5207 labatur
3254 5152 3406 5207 subi-

2124 5240 2295 5292 taneo
2334 5254 2472 5293 casu
2548 5280 3399 5295 ..........
3440 5243 3543 5299 211
