4359 6267
569 1873 652 1916 1οὸ
672 1886 769 1922 xxv,
791 1875 834 1914 5.

570 2067 762 2119 [bidan.
771 2072 785 2111 l
794 2071 834 2118 5.

565 2132 689 2186 iuxta
705 2130 820 2174 Lxx.

864 481 986 548 406

1522 499 1938 549 COLLA'rlont
1981 503 2066 548 SS.
2100 503 2344 548 PA'num
2386 503 2560 550 Lmen
2601 504 2663 549 11.
2710 520 2791 530 —·-
2830 502 3117 550 COLLATIO
3156 503 3309 549 xxm

864 688 1008 751 quai
1039 688 1166 734 non
1197 679 1294 734 est
1331 691 1410 734 ex
1439 672 1639 746 Patre,
1672 672 1784 734 sed
1825 691 1902 734 ex
1935 672 2175 734 mundo
2214 679 2311 734 est
2346 690 2360 736 ε
2391 672 2440 734 Α
2470 673 2548 736 ad
2580 673 2729 746 ima,
2766 673 3097 753 injicimus
3133 680 3403 735 mortem
3441 670 3923 753 nobismetipsis
3951 687 3969 748 ;

864 776 928 830 et
959 769 1236 832 mundus
1267 770 1514 844 transit,
1539 777 1602 833 et
1633 769 2153 852 concupiscentia
2184 769 2361 850 ejus3

865 867 975 948 qui
1017 873 1229 929 autern
1274 867 1426 930 facit
1455 869 1846 930 voluntatem
1879 867 2014 940 Dei,
2050 875 2267 928 manet
2297 867 2361 928 in

865 971 1194 1027 aeternum.
1239 965 1450 1028 Sancti
1496 984 1646 1047 ergo
1688 965 2024 1027 fastidiunt
2067 965 2365 1026 universa

867 1061 932 1122 in
981 1062 1218 1143 quibus
1258 1070 1545 1125 versatur
1593 1063 1698 1124 hic
1748 1063 2048 1137 munduS,
2092 1062 2203 1124 sed
2246 1063 2363 1124 im·

864 1158 1170 1241 possibile
1219 1169 1316 1223 est
1365 1169 1434 1222 ut
1484 1179 1612 1224 non
1659 1160 1989 1242 rapiantur
2039 1160 2359 1222 interdum

863 1257 1040 1320 brevi
1087 1259 1543 1339 cogitationum
1586 1278 1850 1322 excessu
1896 1259 1973 1321 ad
2023 1259 2358 1320 mundum.

860 1356 1086 1419 Nullus
1115 1375 1370 1440 quoque
1400 1358 1758 1432 hominum,
1793 1357 2042 1420 Christo
2072 1365 2361 1439 excepto,

865 1455 952 1516 ita
999 1455 1315 1517 continuit
1372 1456 1723 1518 naturalem
1785 1455 1993 1518 cordis
2053 1455 2364 1537 evagatio-

865 1571 1035 1627 nem,
1088 1553 1341 1616 defixus
1389 1573 1644 1635 semper
1703 1555 1768 1615 in
1828 1553 2365 1635 contemplatione

867 1653 1104 1727 divina,
1148 1660 1217 1714 ut
1260 1672 1591 1735 nunquam
1635 1661 1964 1735 raperetur
2003 1652 2084 1714 ab
2125 1671 2221 1726 ea,
2262 1671 2367 1714 ne-

869 1769 993 1832 que
1050 1759 1342 1834 peccaret
1408 1752 1825 1814 delectatione
1894 1752 2366 1832 cujuscumque

2474 771 2605 834 imo
2646 771 2987 835 declinatio
3032 791 3142 834 seu
3186 770 3435 834 aversio
3478 771 3615 853 ipsa
3656 787 3828 832 mors
3872 778 3974 831 est

2471 869 2838 942 declinanti,
2903 870 3443 952 quemadmodum
3506 868 3813 930 Dominus
3874 867 3971 930 lo-

2473 968 2693 1049 quitur
2734 986 2848 1050 per
2889 968 3263 1050 Prophetam
3300 984 3314 1029 :
3356 967 3460 1030 Vae
3503 967 3619 1038 eiS,
3662 965 3967 1047 quoniam
4004 985 4131 1028 0⁸20
4146 989 4297 1032 mu.

2472 1075 2872 1130 recesserunt
2923 1086 2961 1128 a
3014 1084 3161 1146 me3
3210 1075 3275 1128 et
3330 1066 3564 1128 iterum
3620 1085 3634 1128 :
3686 1065 3789 1128 Vae
3846 1065 3965 1140 eis,
4002 1084 4287 1132 mamis.

2475 1184 2674 1246 quum
2728 1183 3048 1228 recessero
3099 1164 3179 1227 ab
3232 1165 3343 1228 eis.
3397 1165 3632 1246 Arguet
3682 1163 3855 1226 enim
3908 1170 3969 1225 te
4016 1183 4281 1227 Jer.1¹.!9.

2476 1264 2719 1326 malitia
2756 1271 2884 1337 tua,
2926 1272 2988 1326 et
3027 1265 3276 1326 aversio
3312 1272 3423 1325 tua
3460 1262 3815 1345 increpabit
3852 1269 3915 1324 te
3950 1280 3967 1324 :

2475 1363 2634 1425 scito
2674 1370 2738 1425 et
2777 1362 2921 1425 vide
2967 1363 3269 1444 quoniam
3312 1362 3553 1424 malum
3584 1369 3649 1423 et
3676 1381 3970 1424 amarum

2475 1469 2570 1522 est
2592 1468 2655 1523 te
2680 1461 3016 1543 reliquisse
3043 1461 3383 1523 Dominum
3408 1462 3608 1524 Deum
3640 1469 3845 1522 tuum.
3862 1461 3977 1522 Fu·
4004 1482 4156 1526 pm.
4174 1486 4293 1532 vas.

2475 1559 2709 1622 niculis
2740 1579 3017 1641 namque
3049 1567 3452 1642 peccatorum
3485 1577 3743 1622 suorum
3779 1578 3977 1621 unus-

2478 1658 2749 1741 quisque
2789 1659 3265 1740 constringitur.
3300 1658 3393 1722 Ad
3434 1677 3592 1741 quos
3630 1658 3783 1720 satis
3824 1675 3974 1738 pro-

2475 1759 2615 1840 prie
2663 1757 2961 1839 dirigitur
3010 1757 3359 1839 increpatio
3408 1757 3519 1820 illa
3562 1777 3600 1819 a
3646 1757 3967 1820 Domino:

866 1849 958 1912 rei
990 1850 1348 1925 mundanae,
1384 1871 1583 1932 quum
1616 1850 1782 1913 dicat
1811 1851 2138 1932 Scriptura
2169 1869 2184 1912 ε
2216 1850 2367 1912 Stel·
2401 1857 2449 1921 B
2479 1857 2639 1920 Ecce
2688 1874 2799 1919 vos
2849 1874 3071 1919 omnes
3118 1856 3536 1919 accendentes
3588 1856 3823 1936 ignem,
3868 1874 3974 1916 ac·
4036 1871 4109 1914 1⁸.
4132 1885 4173 1922 ιἸ
4194 1877 4261 1915 ιι.

867 1948 942 2011 1ae
990 1966 1117 2011 non
1165 1956 1315 2011 sunt
1364 1949 1618 2012 mundae
1670 1948 1734 2010 in
1785 1956 2129 2030 conspectu
2177 1948 2362 2028 ejus3

865 2055 928 2108 et
977 2066 1197 2110 rursus
1242 2065 1255 2108 ε
1299 2048 1369 2110 In
1417 2048 1663 2110 Sanctis
1711 2047 1845 2109 suis
1895 2065 2023 2109 non
2071 2047 2361 2121 confidit,

865 2153 928 2207 et
967 2145 1033 2207 in
1070 2146 1312 2226 angelis
1363 2146 1495 2208 suis
1545 2146 1782 2228 reperit
1831 2146 2207 2228 pravitatem
2237 2163 2252 2223 ;
2285 2145 2365 2207 si·

865 2262 942 2306 ve
987 2251 1056 2306 ut
1097 2245 1493 2307 emendatior
1536 2244 1865 2307 translatio
1907 2243 2100 2306 habet
2142 2263 2156 2307 ε
2204 2244 2363 2306 Ecce

865 2341 1031 2404 inter
1078 2343 1336 2406 Sanctos
1384 2343 1525 2424 ejus
1575 2361 1765 2406 nemo
1815 2342 2261 2418 immutabiliS,
2301 2348 2362 2405 et

863 2442 1009 2505 coeli
1052 2460 1178 2505 non
1222 2451 1370 2505 sunt
1417 2444 1639 2506 mundi
1685 2445 1752 2505 in
1795 2451 2140 2525 conspectu
2195 2442 2355 2523 ejus.

1265 2697 1768 2762 CAPITULUM
1831 2699 1950 2762 IX.

1027 2846 1158 2914 Qua
1185 2847 1468 2904 cautione
1495 2847 1709 2903 debeat
1737 2848 2058 2904 monachus
2085 2848 2202 2904 Dei

1255 2938 1602 2993 memoriam
1628 2937 1951 2993 custodire.

989 3135 1285 3199 ANCTOS
1335 3137 1530 3217 igitur
1581 3136 1691 3218 qui
1744 3137 2019 3198 retinent
2075 3137 2185 3199 Dei
2237 3155 2364 3199 me-

1010 3235 1302 3308 moriam,
1348 3243 1538 3317 atque
1582 3253 1893 3317 suspenso
1937 3234 2232 3297 feruntur
2274 3235 2367 3297 in-

865 3353 1050 3396 cessu
1090 3334 1157 3395 in
1195 3333 1396 3395 altum
1439 3333 1620 3414 quasi
1667 3352 1781 3414 per
1820 3333 2020 3396 lineas
2061 3333 2126 3395 in
2165 3333 2365 3395 subli-

867 3451 970 3495 me
1018 3439 1324 3504 extentaS,
1369 3440 1535 3494 recte
1585 3431 1856 3494 dixerim
1907 3432 2365 3514 comparandos

867 3530 1315 3604 schoenobatis,
1352 3530 1461 3612 qui
1494 3530 1838 3610 vulgariter
1869 3528 2233 3593 funambuli
2262 3549 2367 3612 ap-

865 3629 1206 3712 pellantur,
1249 3636 1466 3711 utpote
1505 3637 1834 3691 currentes
1872 3648 1986 3691 seu
2032 3628 2367 3691 ambulan-

866 3736 962 3789 tes
1020 3746 1212 3808 super
1259 3725 1445 3789 funes
1481 3744 1495 3788 :
1531 3727 1640 3809 qui
1705 3727 2162 3789 constituentes
2222 3727 2367 3789 vitae

867 3845 998 3888 suae
1027 3826 1396 3908 sospitatem
1429 3825 1496 3886 in
1525 3823 1981 3905 angustissimo
2011 3825 2171 3886 calle
2203 3822 2369 3886 funi-

868 3925 1021 3998 culi,
1055 3924 1266 3986 sciunt
1296 3943 1364 3986 se
1395 3923 1686 4005 protinus
1719 3925 2085 3986 incursuros
2115 3923 2371 3985 atrocis-

866 4023 1096 4086 simam
1149 4030 1444 4097 mortem,
1479 4023 1532 4084 si
1583 4042 1696 4105 pes
1749 4042 1969 4086 eorum
2019 4020 2369 4084 deviaverit

868 4121 1266 4184 vacillatione
1308 4121 1557 4202 exigua,
1599 4129 1709 4183 aut
1759 4121 2020 4184 modum
2074 4119 2368 4182 directio-

2476 1955 2667 2017 cincti
2708 1954 3014 2027 flammiS,
3047 1953 3371 2017 ambulate
3412 1954 3478 2015 in
3518 1954 3763 2016 lumine
3802 1953 3972 2034 ignis

2475 2053 2667 2116 vestri
2717 2060 2780 2115 et
2828 2053 2893 2114 in
2943 2051 3225 2138 flammis
3276 2071 3434 2134 quas
3492 2051 3969 2126 succendistis3

2474 2158 2537 2212 et
2578 2152 2789 2214 denuo
2822 2168 2836 2212 :
2870 2150 2986 2223 Qui
3027 2150 3312 2212 incendit
3355 2150 3688 2223 malitiam,
3729 2147 3971 2230 peribit
4036 2166 4287 2212 Prot-‚xm

2473 2250 2553 2312 ab
2597 2269 2688 2312 ea.
4006 2233 4253 2334 {JK-'‘¹¹“

2892 2493 3396 2558 CAPITULUM
3454 2493 3539 2555 X.

2531 2651 2702 2718 Quod
2727 2651 3029 2706 tendentes
3057 2651 3142 2706 ad
3160 2650 3597 2722 perfectionem
3622 2649 3821 2706 sciant
3852 2665 3918 2704 ee

2747 2755 2977 2812 semper
3004 2740 3286 2811 indiqere
3313 2741 3525 2811 qratia
3554 2740 3687 2796 Dei.

2479 2937 2775 3138 QUUM
2825 2939 3037 3020 itaque
3087 2937 3299 3001 Sancti
3354 2937 3637 3019 quotidie
3688 2938 3975 3000 sentiant

2398 3043 2443 3106 C

2643 3056 2711 3100 se
2764 3043 3181 3119 praegravatos
3234 3037 3512 3118 pondere
3566 3036 3976 3118 cogitationis

2475 3145 2737 3199 terrenae
2773 3155 2809 3197 a
2846 3135 3401 3217 contemplationis
3439 3135 3829 3198 sublimitate
3867 3135 3983 3198 de-

2473 3236 2705 3308 cidere,
2740 3253 2934 3315 seque
2968 3234 3200 3296 invitos
3231 3254 3303 3297 ac
3334 3235 3691 3297 nescientes
3724 3233 3975 3296 traduci

2474 3333 2539 3394 in
2586 3333 2787 3414 legem
2831 3333 3071 3414 peccati
3125 3341 3184 3395 et
3232 3334 3478 3407 mortiS,
3522 3341 3713 3414 atque
3756 3340 3824 3393 ut
3868 3349 3979 3394 ce-

2474 3440 2607 3494 tera
2636 3432 3141 3513 praetermittam,
3164 3431 3443 3494 revocari
3476 3431 3556 3493 ab
3587 3430 3821 3492 intuitu
3854 3429 3976 3492 Dei

2474 3531 2695 3592 saltem
2737 3530 2865 3592 illis
2903 3530 3206 3612 operibus
3246 3530 3430 3592 bonis
3472 3529 3730 3611 quidem
3771 3535 3831 3590 et
3870 3528 3983 3609 ju·-

2474 3628 2610 3702 stiS,
2657 3629 2767 3690 sed
2812 3636 3021 3690 tamen
3068 3628 3335 3690 terrenis
3378 3647 3392 3691 :
3435 3627 3671 3689 habent
3712 3645 3827 3688 cur
3866 3626 3981 3707 ju-

2472 3727 2635 3808 giter
2694 3727 3114 3808 ingemiscant
3168 3727 3247 3788 ad
3307 3726 3675 3798 Dominum,
3735 3724 3982 3786 babent

2474 3826 2693 3908 culpas
2725 3833 2981 3907 propter
3008 3844 3164 3906 quas
3190 3843 3338 3887 vere
3363 3824 3685 3886 humiliati
3716 3831 3781 3885 et
3802 3841 3987 3886 com·

2478 3925 2721 4006 puncti,
2773 3923 3089 3985 fateantur
3137 3942 3204 3986 se
3255 3931 3620 4005 peccatores
3668 3940 3793 3985 non
3836 3940 3987 3984 ver-

2478 4023 2575 4086 bis
2624 4023 2971 4095 dumtaxat,
3024 4022 3135 4084 sed
3181 4022 3373 4084 etiam
3423 4041 3502 4084 ex
3550 4019 3811 4092 affectu,
3870 4039 3985 4082 ve-

2477 4139 2705 4202 rasque
2753 4120 3143 4202 poenitentiae
3192 4119 3486 4182 lacrimas
3538 4119 3987 4182 indesinenter

869 4221 970 4283 nis
1007 4220 1182 4282 illius
1217 4220 1577 4282 excesserit.
1609 4220 1724 4293 Qui
1760 4220 1914 4281 dum
1949 4228 2081 4281 arte
2117 4217 2372 4280 mirabi-
2399 4223 2448 4284 D
2475 4219 2831 4292 effundant,
2875 4219 3267 4301 postulantes
3310 4219 3560 4282 veniam
3606 4236 3722 4300 pro
3768 4217 3989 4280 omni-

871 4319 913 4381 li
956 4319 1309 4382 moliuntur
1343 4337 1602 4400 gressus
1640 4319 1866 4390 aeriOS,
1901 4318 1954 4380 si
1997 4336 2124 4380 non
2164 4336 2371 4379 serva-

869 4418 1079 4480 verint
1105 4419 1538 4498 angustiorem
1564 4417 1831 4498 vestigio
1861 4417 2154 4478 semitam
2191 4415 2365 4478 illam

871 4515 1304 4578 moderatione
1362 4524 1546 4579 cauta
1599 4523 1791 4597 atque
1848 4515 2139 4589 sollicita,
2206 4522 2370 4576 terra

874 4634 1015 4696 quae
1058 4614 1350 4676 omnium
1395 4613 1564 4676 basis
1607 4621 1701 4676 est
1744 4622 1806 4675 et
1851 4621 2061 4675 tutum
2105 4632 2177 4675 ac
2225 4612 2370 4675 soli-

871 4714 1027 4775 dum
1059 4712 1572 4784 fundamentum,
1597 4711 1674 4773 fit
1704 4711 1832 4774 illis
1865 4711 2205 4774 manifesta
2232 4729 2370 4793 per—

873 4811 1073 4874 nicies
1103 4829 1216 4873 seu
1247 4811 1727 4891 conquassatrix
1756 4827 1769 4872 :
1803 4829 1930 4873 non
1963 4810 2113 4892 quia
2144 4817 2371 4872 natura

872 4919 1056 4974 terrae
1087 4916 1393 4983 mutetur,
1426 4909 1535 4971 sed
1573 4909 1723 4990 quia
1757 4909 1849 4971 illi
1887 4928 2079 4991 super
2109 4928 2245 4971 eam
2289 4909 2371 4970 la-

874 5009 1114 5071 buntur
1155 5007 1465 5090 praecipiti
1513 5007 1757 5089 impetu
1803 5027 1950 5070 cum
1994 5007 2170 5088 gravi
2216 5024 2370 5089 pon-

873 5109 1023 5172 dere
1054 5107 1400 5170 carniS.1ta
1425 5114 1490 5168 et
1521 5105 1836 5168 indefessa
1865 5105 2112 5168 bonitas
2145 5105 2373 5168 immu-

874 5208 1216 5289 tabilisque
1261 5205 1618 5268 substantia
1653 5205 1762 5266 Dei
1805 5204 2130 5267 neminem
2177 5204 2367 5279 laedit,

872 5307 984 5370 sed
1018 5323 1132 5369 nos
1171 5303 1548 5367 declinando
1573 5323 1612 5366 a
1638 5303 1912 5366 summis
1949 5311 2012 5365 et
2050 5303 2369 5366 tendendo

2481 4318 2600 4381 bus
2650 4317 2859 4400 culpis
2915 4336 3072 4399 quas
3127 4317 3460 4379 incurrunt
3513 4316 3820 4399 quotidie,
3874 4335 3995 4378 su—

2478 4416 2677 4497 perati
2736 4415 2943 4478 carnis
3002 4415 3365 4497 fragilitate,
3417 4422 3481 4478 et
3535 4415 3801 4497 gratiam
3864 4415 3988 4476 Dei

2477 4522 2866 4596 poscentes3
2918 4514 3269 4596 praesertim
3330 4533 3530 4596 quum
3593 4514 3847 4576 videant
3912 4533 3991 4576 se-

2476 4612 2909 4674 indesinenter
2946 4631 3150 4695 usque
3186 4613 3266 4674 ad
3305 4612 3507 4674 finem
3540 4612 3681 4675 vitae
3712 4630 3841 4674 suae
3888 4611 3995 4673 in-

2478 4710 2646 4773 volvi
2694 4710 2935 4772 eisdem
2992 4710 3269 4792 peccatis
3323 4728 3439 4791 pro
3487 4709 3720 4792 quibus
3774 4709 3993 4771 conti-

2477 4827 2606 4872 nuo
2634 4809 2849 4871 dolore
2888 4829 2955 4872 se
2994 4808 3317 4890 affligunt,
3349 4829 3467 4872 nec
3508 4827 3575 4871 se
3618 4827 3801 4891 posse
3844 4809 3993 4872 Deo

2478 4907 2711 4970 offerre
2766 4908 3264 4989 supplicationes
3314 4927 3460 4969 suas
3508 4906 3749 4988 absque
3800 4909 3991 4988 cogi-

2479 5006 2790 5068 tationum
2831 5006 3147 5069 anxietate
3190 5013 3254 5067 et
3298 5006 3727 5068 distractione.

2559 5104 2815 5186 Experti
2845 5123 2995 5186 ergo
3024 5125 3091 5167 se
3124 5123 3249 5168 non
3283 5123 3469 5188 posse
3496 5105 3805 5186 attingere
3839 5124 3999 5186 pro-

2478 5203 2635 5286 priis
2685 5203 2931 5266 viribus
2979 5204 3408 5266 desideratum
3461 5203 3685 5278 finem,
3728 5203 3997 5266 sarcina
4036 5255 4047 5262 .

2478 5302 2687 5365 carnis
2717 5302 3260 5384 impediente,nec
3291 5321 3357 5364 se
3390 5319 3575 5385 posse
3608 5302 3774 5364 uniri
3806 5321 3991 5365 sum·-
