4359 6267
595 1833 658 1874 13.

880 479 1001 544 370
1571 498 1985 545 commortuis
2029 499 2114 543 ss
2150 498 2394 544 rammi
2435 497 2611 542 tumn
2652 498 2714 543 ιι.
2760 516 2841 524 -
2881 496 3167 554 contulo
3208 499 3293 542 xx

878 667 1147 730 lubriter
1177 668 1450 731 fundens
1481 668 1744 731 noxium
1781 668 2155 748 sanguinem
2190 667 2371 729 illum
2404 663 2455 726 A
2491 667 2675 748 fugit,
2727 667 2778 729 si
2832 668 3176 750 impetatur
3224 669 3290 731 in
3344 669 3601 751 publico
3648 667 3999 750 colloquiis

876 785 1006 849 quo
1033 768 1352 829 animatur
1386 768 1646 830 materia
1677 776 2108 849 peccatorum,
2133 773 2376 828 resecat

877 865 1190 948 quidquid
1245 867 1494 928 carnale
1552 874 1614 928 et
1669 875 1992 928 terrenum
2054 865 2377 927 invenitur

880 965 944 1026 in
989 964 1292 1026 membris
1333 984 1442 1026 seu
1475 964 1721 1026 viribus
1760 964 1988 1026 animae
2029 971 2281 1036 nostrae,
2314 971 2377 1024 et

882 1063 1294 1125 mortificatos
1339 1072 1598 1144 peccato
1639 1062 1793 1125 facit
1835 1082 1949 1125 nos
1989 1063 2204 1125 vivere
2249 1063 2376 1124 Deo

879 1180 952 1223 ac
993 1160 1432 1242 spiritualibus
1472 1161 1687 1242 vigere
1726 1161 2071 1223 virtutibus
2107 1179 2120 1223 :
2155 1161 2376 1243 sicque

879 1259 1037 1322 flere
1083 1260 1465 1340 incipiemus
1511 1276 1634 1321 non
1687 1259 2118 1322 recordatione
2163 1260 2379 1340 culpa-

881 1377 1046 1433 rum,
1080 1358 1188 1420 sed
1222 1358 1582 1420 futurorum
1617 1377 1729 1439 spe
1762 1358 2172 1438 gaudiorum3
2209 1358 2377 1440 cogi-

883 1464 1212 1539 tantesque
1244 1457 1454 1538 potius
1485 1457 1562 1518 de
1594 1456 1778 1519 bonis
1811 1457 2044 1519 futuris
2074 1476 2264 1538 quam
2299 1458 2376 1519 de

885 1555 1067 1616 malis
1097 1555 1454 1636 praeteritiS‚
1489 1556 1779 1617 lacrimas
1811 1555 2219 1617 effundemus
2250 1574 2376 1617 non

883 1673 959 1716 ex
1019 1661 1423 1735 peccatorum
1488 1671 1778 1726 moerore,
1841 1654 1948 1715 sed
2007 1672 2084 1715 ex
2143 1652 2377 1715 laetitiae

588 1767 853 1824 Philippum
884 1751 1232 1834 spiritualis
1269 1752 1629 1830 alacritate3
1668 1758 1730 1814 et
1773 1751 2223 1814 obliviscentes
2269 1769 2377 1832 po-

2486 774 2594 828 aut
2624 767 3027 849 amplexibus
3070 768 3411 850 impudicae
3452 768 3863 850 procacisque
3905 765 4001 827 l'e-

2490 867 2695 928 minae.
2740 867 2855 939 Qui
2904 867 3025 928 nisi
3076 866 3452 928 festinanter
3499 865 3877 929 abstraxerit
3925 884 3999 926 se

2485 984 2524 1027 a
2553 973 2845 1027 contactu
2891 965 3083 1040 itlius,
3117 974 3226 1028 aut
3256 965 3701 1028 brevissimam
3742 983 3999 1028 moram

2489 1064 2837 1127 inhonestae
2884 1064 3417 1127 confabulationis
3466 1064 3813 1135 admiserit,
3854 1082 3997 1126 non

2488 1163 2711 1224 evadet
2741 1170 2952 1224 notam
2987 1162 3623 1244 reprehensibilitatis
3653 1169 3842 1244 atque
3870 1161 4002 1224 dir-

2489 1261 2699 1324 famiae
2766 1261 3011 1343 judicio
3076 1261 3365 1324 omnium
3434 1262 3995 1343 praetereuntium,

2489 1360 2783 1442 quamvis
2814 1367 3069 1442 respuat
3098 1378 3475 1423 consensum
3508 1360 3845 1442 voluptatis
3878 1360 4001 1421 im·

2491 1459 2820 1540 pudendae.
2865 1459 2954 1520 Ita
3002 1475 3152 1539 ergo
3196 1467 3258 1520 et
3301 1476 3415 1521 nos
3466 1467 3713 1540 oportet
3754 1453 3997 1539 raptim

2490 1557 2813 1620 discedere
2839 1577 2875 1619 a
2898 1557 3403 1621 consideratione
3434 1557 3777 1639 culparum,
3791 1577 3997 1638 quum

2492 1655 2803 1718 fuerimus
2838 1656 3137 1738 pestifera
3172 1656 3605 1718 recordatione
3634 1656 3889 1718 deducti
3926 1657 3995 1718 in

2491 1747 2934 1834 hujuscemodi
2966 1754 3398 1835 cogitationeS,
3426 1761 3487 1816 et
3520 1754 3785 1835 implere
3815 1755 3995 1835 quod

883 1851 1165 1925 steriora,
1200 1851 1263 1911 id
1304 1858 1398 1912 est
1438 1850 1714 1912 carnalia
1751 1851 1927 1923 vitia,
1960 1850 2379 1912 extendemur
2413 1855 2461 1918 B
2490 1872 2527 1915 a
2552 1853 2883 1915 Salomone
2907 1853 3296 1934 praecipitur‚
3320 1852 3517 1914 Exsili
3546 1852 3832 1933 (inquit),
3852 1853 3993 1914 noli
4040 1874 4271 1915 emaus.

884 1949 950 2010 in
991 1949 1328 2022 anteriora,
1363 1949 1480 2010 hoc
1519 1956 1615 2010 est
1653 1950 1729 2011 ad
1773 1949 2038 2010 virtutes
2081 1967 2154 2010 ac
2196 1947 2378 2029 spiri-

880 2047 1076 2109 tuaHa
1120 2048 1302 2109 dona.

1281 2304 1784 2368 CAPITULUM
1848 2303 1966 2367 IX.

1051 2454 1222 2522 Quod
1241 2459 1627 2525 peccalorum
1655 2452 1882 2509 oblivio
1913 2451 2091 2508 utilia
2121 2453 2205 2506 sit

1477 2541 1785 2613 perfecti&

1007 2743 1207 2807 ORRO
1238 2742 1406 2824 quod
1438 2740 1627 2823 paulo
1656 2747 1802 2802 ante
1830 2738 2070 2812 dixisti,
2096 2747 2158 2801 te
2188 2739 2380 2801 etiam

1026 2843 1104 2905 de
1155 2841 1466 2904 industria
1524 2847 1861 2901 retractare
1905 2838 2378 2919 -praeteritorum

887 2941 1258 3004 memoriam
1291 2939 1615 3010 vitiorum,
1650 2938 1769 3000 hoc
1800 2937 1942 2999 fieri
1975 2955 2100 2998 non
2133 2943 2381 3017 oportet

885 3040 1140 3122 penitus
1184 3057 1198 3102 :

885 3138 1232 3230 irrepserit,
1301 3136 1590 3218 protinus
1657 3133 2046 3195 extrudatur.
2114 3132 2379 3194 Multum

885 3236 1056 3298 enim
1098 3235 1360 3298 retrahit
1397 3241 1698 3302 mentem,
1733 3231 2061 3312 potissime
2101 3230 2381 3292 eremitae

885 3354 959 3397 ac
999 3333 1288 3406 solitarii,
1320 3352 1357 3394 a
1388 3330 1921 3412 contemplatione
1964 3328 2233 3400 sincera,
2270 3328 2384 3389 im-

889 3433 1132 3515 plicans
1163 3451 1303 3494 eam
1335 3429 1628 3493 sordibus
1662 3428 1883 3490 'mundi
1915 3427 2107 3508 hujus
2137 3436 2202 3489 et
2233 3446 2384 3508 prae-

890 3532 1106 3594 locans
1136 3529 1439 3593 vitiorum
1479 3528 1720 3590 t'oetore.
1754 3528 1918 3588 Dum
1949 3525 2120 3587 enim
2154 3525 2382 3587 recolis

887 3649 962 3692 ea
1013 3649 1154 3710 quae
1214 3647 1327 3710 per
1385 3625 1804 3708 ignorantiam
1864 3625 1996 3686 sive
2056 3623 2383 3685 lasciviam

890 3727 1268 3790 commisisti
1333 3725 1684 3789 secundum
1745 3723 2102 3806 principem
2168 3721 2382 3783 saeculi

890 3829 1105 3910 hujuS‚
1150 3834 1218 3888 ut
1261 3825 1602 3888 concedam
1653 3823 1821 3905 quod
1871 3821 1988 3883 tibi
2037 3821 2102 3882 in
2155 3821 2387 3901 cogita-

893 3929 1062 3991 tione
1111 3926 1228 3987 hac
1276 3923 1483 4005 posito
1532 3939 1657 3984 non
1707 3919 2008 4001 subrepat
2051 3918 2389 3980 delectat-io

890 4027 1125 4108 aliqua,
1163 4040 1419 4085 necesse
1462 4028 1558 4083 est
1600 4027 1812 4080 tamen
1861 4026 1929 4079 ut
1966 4017 2067 4079 vel
2113 4016 2247 4079 sola
2291 4034 2389 4078 co-

889 4123 1112 4206 gitatio
1166 4121 1442 4202 antiquae
1503 4117 1859 4200 putredinis
1923 4125 2198 4177 mentem
2260 4133 2391 4176 cor-

2491 1951 2801 2013 demorari
2837 1951 2901 2012 in
2936 1951 3074 2013 loco
3103 1951 3264 2032 ejus,
3284 1969 3491 2033 neque
3526 1951 3815 2012 intendas
3844 1969 3999 2012 ocu·
4020 1937 4142 1990 '‘¹¹²“
4160 1933 4263 1976 [Π-

2491 2048 2623 2110 lum
2654 2057 2837 2110 tuum
2876 2048 2941 2111 in
2973 2068 3111 2110 eam
3140 2065 3155 2109 z
3185 2067 3264 2110 ne
3294 2047 3501 2129 angeli
3535 2048 3736 2110 sancti
3768 2048 3997 2110 viden-

2490 2154 2583 2208 tes
2628 2165 2743 2210 nos
2792 2147 3111 2209 involutos
3155 2146 3649 2227 cogitationibus
3690 2145 3996 2228 turpibus

2489 2255 2552 2308 et
2597 2246 2968 2320 immundiS,
3013 2263 3139 2308 non
3192 2245 3438 2328 possint
3479 2244 3691 2308 dicere
3740 2245 3931 2307 nobis
3977 2265 3993 2309 :

2492 2345 2857 2407 Benedictio
2915 2345 3168 2406 Domini
3226 2363 3419 2426 super
3478 2362 3611 2418 VOS,
3666 2343 3997 2407 benedixi-
4040 2364 4271 2408 amun.

2493 2464 2634 2506 mus
2666 2443 2848 2506 vobis
2890 2443 2953 2505 in
2988 2443 3247 2505 nomine
3280 2443 3552 2505 Domini.
3588 2444 3997 2526 Impossibile
4028 2430 4069 2470 ⁸·

2493 2542 2731 2624 quippe
2774 2549 2870 2605 est
2907 2550 3185 2604 ment-em
3232 2542 3557 2605 immorari
3602 2543 4001 2624 cogitationi-

2493 2642 2613 2703 bus
2652 2640 2860 2714 boniS‚
2895 2660 3095 2722 quum
3139 2641 3492 2724 principale
3527 2641 3760 2704 mentis
3798 2641 3999 2704 fuerit

2492 2740 2861 2803 devolutum
2904 2739 2980 2801 ad
3013 2748 3232 2821 turpes
3272 2757 3344 2801 ac
3376 2748 3660 2802 terrenos
3698 2739 3994 2803 intuitus,

2492 2841 2651 2902 Vera
2680 2848 2777 2901 est
2807 2858 3082 2920 namque
3114 2839 3222 2900 illa
3253 2838 3605 2901 Salomonis
3638 2840 3953 2902 sententia
3982 2858 3996 2902 :

2492 2939 2696 3012 Quum
2739 2937 2907 2999 oculi
2952 2937 3041 2999 tui
3085 2936 3359 2999 viderint
3400 2937 3697 3009 alienam,
3732 2945 3885 2999 tunc
3924 2956 3997 3000 os
4036 2962 4267 3005 mma.

1243 3039 1373 3101 imo
1421 3037 1473 3100 si
1525 3036 1874 3098 recordatio
1923 3034 2030 3096 illa
2072 3034 2383 3097 violenter
2418 3037 2461 3098 C
2496 3044 2675 3098 tuum
2719 3036 3014 3117 loquetur
3062 3055 3275 3118 prava,
3308 3045 3371 3096 et
3406 3034 3652 3115 jacebis
3687 3043 3995 3118 tanquam
4026 3029 4187 3067 ³³⁴⁵·

2495 3137 2560 3198 in
2621 3136 2809 3198 corde
2869 3136 3085 3210 maris,
3143 3143 3203 3197 et
3264 3135 3429 3197 sicut
3484 3134 3873 3215 gubernator
3930 3136 3995 3196 in
4018 3086 4254 3142 ³⁰¹⁸*ss

2498 3254 2725 3314 magna
2753 3241 3159 3315 tempestate3
3193 3233 3365 3295 dices
3396 3240 3632 3304 autem,
3666 3233 3999 3295 Ferierunt

2499 3354 2621 3407 me,
2654 3334 2764 3395 sed
2805 3351 2936 3394 non
2978 3332 3175 3406 dolui,
3208 3339 3272 3394 et
3310 3332 3682 3394 deluserunt
3720 3350 3847 3407 me,
3880 3350 3999 3413 ego

2495 3440 2709 3495 autem
2754 3431 3015 3493 nescivi.

2576 3531 2833 3594 Relictis
2884 3547 3034 3610 ergo
3080 3547 3207 3592 non
3254 3529 3463 3591 solum
3510 3527 3833 3610 turpibus,
3886 3529 3997 3590 sed

2497 3639 2559 3694 et
2588 3629 2859 3691 terrenis
2894 3625 3385 3709 cogitationibus
3421 3627 3761 3702 universiS,
3796 3627 4001 3689 inten-

2499 3730 2587 3791 tio
2631 3728 2838 3790 cordis
2881 3727 3078 3789 nost-ri
3124 3734 3215 3788 est
3257 3727 3559 3807 erigenda
3596 3726 3675 3787 ad
3716 3726 4002 3789 coelestia

2498 3847 2571 3890 ac
2621 3827 2859 3900 divina,
2911 3845 3109 3907 quum
3166 3824 3451 3887 Christus
3504 3831 3770 3887 testetur
3816 3841 3831 3886 ε
3880 3825 3994 3887 Ubi
4050 3849 4269 3894 :mamm

2498 3926 2671 3989 enim
2709 3944 2849 3987 sum
2882 3940 3019 4004 eg0‚
3055 3922 3186 3984 illic
3222 3931 3279 3984 et
3316 3922 3608 3985 minister
3638 3941 3820 3984 meus
3853 3923 3994 3985 erit.
4028 3914 4095 3954 ²⁶·

2501 4025 2669 4088 Solet
2719 4022 2893 4085 enim
2946 4021 3314 4101 frequenter
3362 4019 3672 4089 accidere,
3728 4027 3797 4081 ut
3844 4021 3999 4082 dum

2500 4123 2645 4205 quis
2696 4120 3139 4202 imperitorum
3192 4119 3494 4199 recogitat
3536 4119 3719 4199 quasi
3770 4119 4001 4181 condo-

894 4229 1148 4305 rumpat-
1195 4229 1355 4283 tetro
1399 4219 1646 4292 foetore,
1686 4224 1876 4298 atque
1923 4214 2218 4278 excludat
2268 4213 2392 4295 spi·
2420 4221 2471 4284 D
2503 4221 2673 4284 lendi
2704 4219 2939 4281 affectu
2976 4225 3235 4299 peccata
3265 4235 3378 4278 sua
3408 4225 3517 4277 aut
3545 4216 3842 4290 aliorum,
3866 4216 4001 4298 ipse

893 4321 1187 4384 ritualem
1219 4319 1525 4381 virtutum
1558 4313 1990 4396 fragrantiam,
2020 4313 2082 4374 id
2113 4319 2210 4373 est
2239 4311 2390 4374 boni

893 4419 1104 4484 odoris
1149 4417 1544 4480 suavitatem.

1312 4674 1815 4740 CAPITULUM
1877 4673 1965 4736 X.

1082 4825 1254 4894 Quod
1296 4823 1679 4898 flagitiorum
1725 4821 2068 4877 recordatio
2115 4819 2200 4874 sit

1507 4911 1784 4968 vitanda.

1045 5115 1204 5179 UUM
1243 5130 1392 5194 ergo
1430 5111 1894 5194 praeteritorum
1926 5108 2229 5171 vitiorum
2270 5124 2397 5167 me-

908 5114 1038 5312 Q
1067 5213 1270 5276 moria
1312 5209 1661 5274 occurrerit
1711 5207 1930 5282 menti,
1984 5207 2070 5268 ita
2116 5204 2401 5267 resilien-

905 5315 1060 5378 dum
1089 5319 1186 5374 est
1213 5309 1294 5373 ab
1323 5329 1418 5385 ea,
1443 5307 1608 5371 sicut
1637 5307 1736 5370 vir
1763 5307 2068 5370 honestus
2099 5311 2162 5367 et
2189 5302 2401 5385 gravis

2502 4336 2757 4401 quoque
2815 4315 3277 4397 perstringatur
3332 4313 3739 4395 voluptuario
3801 4314 4002 4376 subti-

2503 4415 2730 4479 lissimi
2775 4413 2883 4476 teli
2934 4432 3220 4486 assensu,
3264 4420 3327 4474 et
3368 4411 3647 4475 obsceno
3694 4430 3770 4474 ac
3814 4410 4005 4475 noxio

2503 4515 2635 4577 fine
2690 4512 3026 4576 concludat
3078 4511 3332 4572 initium
3387 4509 3508 4571 sub
3561 4509 3817 4591 pietatis
3862 4530 4005 4593 spe-

2504 4614 2599 4675 cie
2651 4611 3015 4674 inchoatum
3067 4627 3081 4670 ε
3128 4616 3274 4670 sunt
3325 4609 3497 4670 enim
3548 4608 3667 4670 viae
3721 4628 3863 4690 quae
3908 4610 4005 4671 vi·
4056 4636 4282 4686 proma„

2503 4712 2733 4773 dentur
2792 4706 3159 4770 hominibus
3218 4713 3425 4780 rectae,
3487 4705 3839 4769 novissima
3892 4725 4003 4768 au-
4038 4697 4267 4803 ljnfffi·

2504 4817 2632 4871 tem
2680 4826 2899 4870 earum
2939 4805 3199 4868 venient
3242 4804 3307 4866 in
3352 4804 3745 4886 profundum
3790 4777 4048 4867 inferi.J
4186 4791 4197 4797 ’
4281 4795 4282 4798 '

2507 4908 2900 4988 Quapropter
2941 4903 3327 4966 studendum
3376 4911 3473 4965 est
3514 4901 3699 4965 nobis
3750 4911 3821 4964 ut
3865 4921 4008 4984 pro-

2508 5023 2807 5068 vocemus
2876 5020 2990 5065 nos
3061 5001 3231 5084 ipsos
3296 5001 3376 5062 ad
3442 5001 4007 5083 compunctionem

2508 5102 2891 5166 laudabilem
2952 5099 3239 5182 appetitu
3294 5098 3602 5161 virtutum
3663 5099 4010 5162 desiderio·

2509 5219 2633 5284 que
2687 5199 2865 5281 regni
2920 5197 3248 5269 coelorum‚
3302 5195 3502 5277 magis
3555 5216 3747 5278 quam
3799 5197 4009 5260 noxiis

2514 5295 3055 5362 recordationibus
3086 5294 3411 5369 vitiorum,
3444 5293 3596 5376 quia
3623 5313 3883 5358 necesse
3910 5304 4010 5358 est
