<?xml version="1.0" encoding="UTF-8"?>
<!DOCTYPE html PUBLIC "-//W3C//DTD XHTML 1.0 Transitional//EN"
    "http://www.w3.org/TR/xhtml1/DTD/xhtml1-transitional.dtd">
<html xmlns="http://www.w3.org/1999/xhtml" xml:lang="en" lang="en">
 <head>
  <title>
</title>
<meta http-equiv="Content-Type" content="text/html;charset=utf-8" />
  <meta name='ocr-system' content='tesseract 3.04.00' />
  <meta name='ocr-capabilities' content='ocr_page ocr_carea ocr_par ocr_line ocrx_word'/>
</head>
<body>
  <div class='ocr_page' id='page_1' title='image "./doctorisecstati03denigoog_0356.png"; bbox 0 0 4359 6267; ppageno 0'>
   <div class='ocr_carea' id='block_1_1' title="bbox 68 0 94 1928">
    <p class='ocr_par' dir='ltr' id='par_1_1' title="bbox 68 0 94 1928">
     <span class='ocr_line' id='line_1_1' title="bbox 68 0 94 1928; baseline 0 0"><span class='ocrx_word' id='word_1_1' title='bbox 68 0 94 1928; x_wconf 95' lang='lat' dir='ltr'><strong> </strong></span> 
     </span>
    </p>
   </div>
   <div class='ocr_carea' id='block_1_2' title="bbox 915 485 1038 550">
    <p class='ocr_par' dir='ltr' id='par_1_2' title="bbox 915 485 1038 550">
     <span class='ocr_line' id='line_1_2' title="bbox 915 485 1038 550; baseline 0 0"><span class='ocrx_word' id='word_1_2' title='bbox 915 485 1038 550; x_wconf 81' lang='lat'><strong>348</strong></span> 
     </span>
    </p>
   </div>
   <div class='ocr_carea' id='block_1_3' title="bbox 1575 504 3361 552">
    <p class='ocr_par' dir='ltr' id='par_1_3' title="bbox 1575 504 3361 552">
     <span class='ocr_line' id='line_1_3' title="bbox 1575 504 3361 552; baseline -0.001 0"><span class='ocrx_word' id='word_1_3' title='bbox 1575 504 1992 552; x_wconf 72' lang='lat' dir='ltr'><strong>coLLA&#39;rloNUu</strong></span> <span class='ocrx_word' id='word_1_4' title='bbox 2033 505 2118 550; x_wconf 83' lang='lat' dir='ltr'><strong>SS.</strong></span> <span class='ocrx_word' id='word_1_5' title='bbox 2153 504 2398 551; x_wconf 66' lang='lat' dir='ltr'><strong>mmm(</strong></span> <span class='ocrx_word' id='word_1_6' title='bbox 2436 504 2611 550; x_wconf 79' lang='lat' dir='ltr'><strong>LIBER</strong></span> <span class='ocrx_word' id='word_1_7' title='bbox 2652 505 2715 550; x_wconf 87' lang='lat'><strong>11.</strong></span> <span class='ocrx_word' id='word_1_8' title='bbox 2760 522 2842 533; x_wconf 91' lang='lat'><strong>—·</strong></span> <span class='ocrx_word' id='word_1_9' title='bbox 2882 504 3167 552; x_wconf 83' lang='lat' dir='ltr'>COLLATIO</span> <span class='ocrx_word' id='word_1_10' title='bbox 3207 505 3361 550; x_wconf 82' lang='lat' dir='ltr'><strong>xvm</strong></span> 
     </span>
    </p>
   </div>
   <div class='ocr_carea' id='block_1_4' title="bbox 917 673 4013 759">
    <p class='ocr_par' dir='ltr' id='par_1_4' title="bbox 917 673 4013 759">
     <span class='ocr_line' id='line_1_4' title="bbox 917 673 4013 759; baseline -0.001 -22"><span class='ocrx_word' id='word_1_11' title='bbox 917 674 1071 737; x_wconf 89' lang='lat' dir='ltr'><strong>huic</strong></span> <span class='ocrx_word' id='word_1_12' title='bbox 1111 675 1351 737; x_wconf 90' lang='lat' dir='ltr'><strong>mundo</strong></span> <span class='ocrx_word' id='word_1_13' title='bbox 1393 675 1676 756; x_wconf 79' lang='lat' dir='ltr'>quotidie</span> <span class='ocrx_word' id='word_1_14' title='bbox 1720 675 2064 738; x_wconf 84' lang='lat' dir='ltr'><strong>crucifixos</strong></span> <span class='ocrx_word' id='word_1_15' title='bbox 2103 675 2410 757; x_wconf 82' lang='lat' dir='ltr'><strong>vivosque</strong></span> <span class='ocrx_word' id='word_1_16' title='bbox 2440 675 2491 736; x_wconf 90' lang='lat' dir='ltr'><strong>A</strong></span> <span class='ocrx_word' id='word_1_17' title='bbox 2521 674 2791 736; x_wconf 87' lang='lat' dir='ltr'><strong>rentiam</strong></span> <span class='ocrx_word' id='word_1_18' title='bbox 2850 674 3144 738; x_wconf 84' lang='lat' dir='ltr'><strong>solitariae</strong></span> <span class='ocrx_word' id='word_1_19' title='bbox 3202 673 3551 759; x_wconf 71' lang='lat' dir='ltr'><strong>mansionis</strong></span> <span class='ocrx_word' id='word_1_20' title='bbox 3608 673 3823 756; x_wconf 84' lang='lat' dir='ltr'><strong>nullus</strong></span> <span class='ocrx_word' id='word_1_21' title='bbox 3878 673 4013 752; x_wconf 83' lang='lat' dir='ltr'><strong>jam</strong></span> 
     </span>
    </p>
   </div>
   <div class='ocr_carea' id='block_1_5' title="bbox 913 772 2413 1840">
    <p class='ocr_par' dir='ltr' id='par_1_5' title="bbox 919 772 2409 953">
     <span class='ocr_line' id='line_1_5' title="bbox 921 772 2409 857; baseline -0.001 -21"><span class='ocrx_word' id='word_1_22' title='bbox 921 781 1271 856; x_wconf 78' lang='lat' dir='ltr'><strong>martyres3</strong></span> <span class='ocrx_word' id='word_1_23' title='bbox 1305 773 1418 836; x_wconf 91' lang='lat' dir='ltr'><strong>hos</strong></span> <span class='ocrx_word' id='word_1_24' title='bbox 1461 782 1640 857; x_wconf 91' lang='lat' dir='ltr'><strong>tepor</strong></span> <span class='ocrx_word' id='word_1_25' title='bbox 1669 775 1768 836; x_wconf 90' lang='lat' dir='ltr'><strong>sui</strong></span> <span class='ocrx_word' id='word_1_26' title='bbox 1807 772 2053 837; x_wconf 87' lang='lat' dir='ltr'><strong>arbitrii</strong></span> <span class='ocrx_word' id='word_1_27' title='bbox 2087 773 2266 836; x_wconf 84' lang='lat' dir='ltr'><strong>vivos</strong></span> <span class='ocrx_word' id='word_1_28' title='bbox 2307 774 2409 835; x_wconf 93' lang='lat' dir='ltr'><strong>de-</strong></span> 
     </span>
     <span class='ocr_line' id='line_1_6' title="bbox 919 871 1625 953; baseline 0 -20"><span class='ocrx_word' id='word_1_29' title='bbox 919 873 1148 953; x_wconf 79' lang='lat' dir='ltr'><strong>mergit</strong></span> <span class='ocrx_word' id='word_1_30' title='bbox 1191 871 1256 933; x_wconf 90' lang='lat' dir='ltr'><strong>in</strong></span> <span class='ocrx_word' id='word_1_31' title='bbox 1300 879 1625 933; x_wconf 86' lang='lat' dir='ltr'><strong>tartarum.</strong></span> 
     </span>
    </p>

    <p class='ocr_par' dir='ltr' id='par_1_6' title="bbox 913 971 2413 1840">
     <span class='ocr_line' id='line_1_7' title="bbox 994 971 2413 1052; baseline 0 -20"><span class='ocrx_word' id='word_1_32' title='bbox 994 971 1139 1034; x_wconf 84' lang='lat' dir='ltr'><strong>Haec</strong></span> <span class='ocrx_word' id='word_1_33' title='bbox 1172 988 1321 1052; x_wconf 91' lang='lat' dir='ltr'><strong>ergo</strong></span> <span class='ocrx_word' id='word_1_34' title='bbox 1355 971 1480 1034; x_wconf 91' lang='lat' dir='ltr'><strong>duo</strong></span> <span class='ocrx_word' id='word_1_35' title='bbox 1512 989 1744 1052; x_wconf 88' lang='lat' dir='ltr'><strong>genera</strong></span> <span class='ocrx_word' id='word_1_36' title='bbox 1775 971 2233 1033; x_wconf 88' lang='lat' dir='ltr'><strong>monachorum</strong></span> <span class='ocrx_word' id='word_1_37' title='bbox 2264 989 2413 1052; x_wconf 89' lang='lat' dir='ltr'><strong>qua-</strong></span> 
     </span>
     <span class='ocr_line' id='line_1_8' title="bbox 916 1069 2406 1151; baseline -0.001 -20"><span class='ocrx_word' id='word_1_38' title='bbox 916 1069 970 1131; x_wconf 90' lang='lat' dir='ltr'><strong>si</strong></span> <span class='ocrx_word' id='word_1_39' title='bbox 999 1069 1288 1151; x_wconf 89' lang='lat' dir='ltr'><strong>ejusdem</strong></span> <span class='ocrx_word' id='word_1_40' title='bbox 1331 1077 1478 1131; x_wconf 88' lang='lat' dir='ltr'><strong>sunt</strong></span> <span class='ocrx_word' id='word_1_41' title='bbox 1510 1070 1760 1132; x_wconf 88' lang='lat' dir='ltr'><strong>numeri</strong></span> <span class='ocrx_word' id='word_1_42' title='bbox 1795 1070 1860 1130; x_wconf 91' lang='lat' dir='ltr'><strong>in</strong></span> <span class='ocrx_word' id='word_1_43' title='bbox 1900 1069 2018 1131; x_wconf 90' lang='lat' dir='ltr'><strong>ista</strong></span> <span class='ocrx_word' id='word_1_44' title='bbox 2058 1069 2406 1150; x_wconf 87' lang='lat' dir='ltr'><strong>provincia.</strong></span> 
     </span>
     <span class='ocr_line' id='line_1_9' title="bbox 916 1165 2413 1250; baseline 0.001 -22"><span class='ocrx_word' id='word_1_45' title='bbox 916 1165 1209 1229; x_wconf 90' lang='lat' dir='ltr'><strong>Ceterum</strong></span> <span class='ocrx_word' id='word_1_46' title='bbox 1268 1185 1384 1249; x_wconf 88' lang='lat' dir='ltr'><strong>per</strong></span> <span class='ocrx_word' id='word_1_47' title='bbox 1438 1168 1594 1230; x_wconf 89' lang='lat' dir='ltr'><strong>alias</strong></span> <span class='ocrx_word' id='word_1_48' title='bbox 1652 1169 2013 1250; x_wconf 87' lang='lat' dir='ltr'><strong>provincias</strong></span> <span class='ocrx_word' id='word_1_49' title='bbox 2079 1187 2238 1250; x_wconf 91' lang='lat' dir='ltr'><strong>quas</strong></span> <span class='ocrx_word' id='word_1_50' title='bbox 2299 1185 2413 1248; x_wconf 87' lang='lat' dir='ltr'><strong>pro</strong></span> 
     </span>
     <span class='ocr_line' id='line_1_10' title="bbox 916 1265 2413 1348; baseline 0 -21"><span class='ocrx_word' id='word_1_51' title='bbox 916 1284 1106 1328; x_wconf 89' lang='lat' dir='ltr'><strong>causa</strong></span> <span class='ocrx_word' id='word_1_52' title='bbox 1143 1265 1469 1330; x_wconf 83' lang='lat' dir='ltr'><strong>catholicae</strong></span> <span class='ocrx_word' id='word_1_53' title='bbox 1507 1266 1662 1329; x_wconf 87' lang='lat' dir='ltr'><strong>fidei</strong></span> <span class='ocrx_word' id='word_1_54' title='bbox 1695 1267 2063 1348; x_wconf 91' lang='lat' dir='ltr'><strong>compulsus</strong></span> <span class='ocrx_word' id='word_1_55' title='bbox 2099 1286 2242 1327; x_wconf 88' lang='lat' dir='ltr'><strong>sum</strong></span> <span class='ocrx_word' id='word_1_56' title='bbox 2277 1284 2413 1347; x_wconf 91' lang='lat' dir='ltr'><strong>per-</strong></span> 
     </span>
     <span class='ocr_line' id='line_1_11' title="bbox 916 1364 2411 1447; baseline 0.001 -22"><span class='ocrx_word' id='word_1_57' title='bbox 916 1364 1206 1438; x_wconf 89' lang='lat' dir='ltr'><strong>transire,</strong></span> <span class='ocrx_word' id='word_1_58' title='bbox 1258 1365 1672 1447; x_wconf 85' lang='lat' dir='ltr'><strong>cognovimus</strong></span> <span class='ocrx_word' id='word_1_59' title='bbox 1733 1365 2056 1428; x_wconf 91' lang='lat' dir='ltr'><strong>abundare</strong></span> <span class='ocrx_word' id='word_1_60' title='bbox 2114 1372 2178 1427; x_wconf 91' lang='lat' dir='ltr'><strong>et</strong></span> <span class='ocrx_word' id='word_1_61' title='bbox 2229 1364 2411 1445; x_wconf 88' lang='lat' dir='ltr'><strong>quasi</strong></span> 
     </span>
     <span class='ocr_line' id='line_1_12' title="bbox 917 1462 2413 1544; baseline 0 -20"><span class='ocrx_word' id='word_1_62' title='bbox 917 1462 1123 1525; x_wconf 91' lang='lat' dir='ltr'><strong>solum</strong></span> <span class='ocrx_word' id='word_1_63' title='bbox 1156 1482 1293 1526; x_wconf 88' lang='lat' dir='ltr'><strong>esse</strong></span> <span class='ocrx_word' id='word_1_64' title='bbox 1324 1463 1491 1525; x_wconf 87' lang='lat' dir='ltr'><strong>istud</strong></span> <span class='ocrx_word' id='word_1_65' title='bbox 1529 1464 1787 1526; x_wconf 89' lang='lat' dir='ltr'><strong>tertium</strong></span> <span class='ocrx_word' id='word_1_66' title='bbox 1827 1483 2028 1544; x_wconf 87' lang='lat' dir='ltr'><strong>genus</strong></span> <span class='ocrx_word' id='word_1_67' title='bbox 2067 1462 2413 1526; x_wconf 88' lang='lat' dir='ltr'><strong>Sarabaita-</strong></span> 
     </span>
     <span class='ocr_line' id='line_1_13' title="bbox 919 1561 2413 1645; baseline 0 -23"><span class='ocrx_word' id='word_1_68' title='bbox 919 1580 1080 1622; x_wconf 89' lang='lat' dir='ltr'><strong>rum.</strong></span> <span class='ocrx_word' id='word_1_69' title='bbox 1125 1561 1545 1643; x_wconf 84' lang='lat' dir='ltr'><strong>Temporibus</strong></span> <span class='ocrx_word' id='word_1_70' title='bbox 1595 1561 1834 1645; x_wconf 89' lang='lat' dir='ltr'><strong>quippe</strong></span> <span class='ocrx_word' id='word_1_71' title='bbox 1882 1561 2086 1636; x_wconf 89' lang='lat' dir='ltr'><strong>Lucii,</strong></span> <span class='ocrx_word' id='word_1_72' title='bbox 2132 1561 2244 1643; x_wconf 91' lang='lat' dir='ltr'><strong>qui</strong></span> <span class='ocrx_word' id='word_1_73' title='bbox 2292 1561 2413 1623; x_wconf 91' lang='lat' dir='ltr'><strong>fuit</strong></span> 
     </span>
     <span class='ocr_line' id='line_1_14' title="bbox 913 1659 2413 1742; baseline 0.001 -22"><span class='ocrx_word' id='word_1_74' title='bbox 913 1659 1255 1741; x_wconf 84' lang='lat' dir='ltr'><strong>episcopus</strong></span> <span class='ocrx_word' id='word_1_75' title='bbox 1313 1661 1560 1723; x_wconf 86' lang='lat' dir='ltr'><strong>Arianae</strong></span> <span class='ocrx_word' id='word_1_76' title='bbox 1618 1660 1906 1742; x_wconf 77' lang='lat' dir='ltr'><strong>perfidiae</strong></span> <span class='ocrx_word' id='word_1_77' title='bbox 1964 1659 2083 1722; x_wconf 92' lang='lat' dir='ltr'><strong>sub</strong></span> <span class='ocrx_word' id='word_1_78' title='bbox 2131 1659 2413 1722; x_wconf 87' lang='lat' dir='ltr'><strong>Valentis</strong></span> 
     </span>
     <span class='ocr_line' id='line_1_15' title="bbox 915 1757 2412 1840; baseline 0 -22"><span class='ocrx_word' id='word_1_79' title='bbox 915 1757 1206 1839; x_wconf 90' lang='lat' dir='ltr'><strong>imperio,</strong></span> <span class='ocrx_word' id='word_1_80' title='bbox 1256 1758 1408 1820; x_wconf 93' lang='lat' dir='ltr'><strong>dum</strong></span> <span class='ocrx_word' id='word_1_81' title='bbox 1453 1765 1850 1840; x_wconf 83' lang='lat' dir='ltr'><strong>portaremus</strong></span> <span class='ocrx_word' id='word_1_82' title='bbox 1893 1757 2250 1820; x_wconf 81' lang='lat' dir='ltr'><strong>diaconiam</strong></span> <span class='ocrx_word' id='word_1_83' title='bbox 2299 1776 2412 1820; x_wconf 92' lang='lat' dir='ltr'><strong>seu</strong></span> 
     </span>
    </p>
   </div>
   <div class='ocr_carea' id='block_1_6' title="bbox 913 1856 2495 1940">
    <p class='ocr_par' dir='ltr' id='par_1_7' title="bbox 913 1856 2495 1940">
     <span class='ocr_line' id='line_1_16' title="bbox 913 1856 2495 1940; baseline 0.001 -22"><span class='ocrx_word' id='word_1_84' title='bbox 913 1856 1382 1940; x_wconf 81' lang='lat' dir='ltr'><strong>eleemosynam</strong></span> <span class='ocrx_word' id='word_1_85' title='bbox 1453 1857 1775 1919; x_wconf 82' lang='lat' dir='ltr'><strong>Fratribus</strong></span> <span class='ocrx_word' id='word_1_86' title='bbox 1848 1857 2080 1919; x_wconf 90' lang='lat' dir='ltr'><strong>nostris</strong></span> <span class='ocrx_word' id='word_1_87' title='bbox 2150 1857 2261 1937; x_wconf 90' lang='lat' dir='ltr'><strong>qui</strong></span> <span class='ocrx_word' id='word_1_88' title='bbox 2334 1857 2411 1918; x_wconf 90' lang='lat' dir='ltr'><strong>de</strong></span> <span class='ocrx_word' id='word_1_89' title='bbox 2448 1856 2495 1919; x_wconf 91' lang='lat' dir='ltr'>B</span> 
     </span>
    </p>
   </div>
   <div class='ocr_carea' id='block_1_7' title="bbox 911 1954 2413 2038">
    <p class='ocr_par' dir='ltr' id='par_1_8' title="bbox 911 1954 2413 2038">
     <span class='ocr_line' id='line_1_17' title="bbox 911 1954 2413 2038; baseline -0.002 -20"><span class='ocrx_word' id='word_1_90' title='bbox 911 1956 1178 2038; x_wconf 80' lang='lat' dir='ltr'><strong>AEgypto</strong></span> <span class='ocrx_word' id='word_1_91' title='bbox 1233 1963 1296 2018; x_wconf 89' lang='lat' dir='ltr'><strong>et</strong></span> <span class='ocrx_word' id='word_1_92' title='bbox 1345 1954 1662 2016; x_wconf 84' lang='lat' dir='ltr'><strong>Thebaide</strong></span> <span class='ocrx_word' id='word_1_93' title='bbox 1720 1955 1972 2016; x_wconf 90' lang='lat' dir='ltr'><strong>fuerant</strong></span> <span class='ocrx_word' id='word_1_94' title='bbox 2024 1954 2282 2034; x_wconf 88' lang='lat' dir='ltr'><strong>relegati</strong></span> <span class='ocrx_word' id='word_1_95' title='bbox 2333 1954 2413 2015; x_wconf 91' lang='lat' dir='ltr'><strong>ad</strong></span> 
     </span>
    </p>
   </div>
   <div class='ocr_carea' id='block_1_8' title="bbox 912 2052 2451 2232">
    <p class='ocr_par' dir='ltr' id='par_1_9' title="bbox 912 2052 2451 2232">
     <span class='ocr_line' id='line_1_18' title="bbox 912 2052 2418 2134; baseline 0.001 -20"><span class='ocrx_word' id='word_1_96' title='bbox 912 2070 1104 2134; x_wconf 88' lang='lat' dir='ltr'><strong>opera</strong></span> <span class='ocrx_word' id='word_1_97' title='bbox 1134 2053 1372 2115; x_wconf 90' lang='lat' dir='ltr'><strong>metalli</strong></span> <span class='ocrx_word' id='word_1_98' title='bbox 1407 2053 1472 2114; x_wconf 90' lang='lat' dir='ltr'><strong>in</strong></span> <span class='ocrx_word' id='word_1_99' title='bbox 1497 2053 1690 2115; x_wconf 88' lang='lat' dir='ltr'><strong>Ponto</strong></span> <span class='ocrx_word' id='word_1_100' title='bbox 1719 2060 1907 2133; x_wconf 90' lang='lat' dir='ltr'><strong>atque</strong></span> <span class='ocrx_word' id='word_1_101' title='bbox 1932 2052 2253 2126; x_wconf 89' lang='lat' dir='ltr'><strong>Armenia,</strong></span> <span class='ocrx_word' id='word_1_102' title='bbox 2278 2069 2418 2134; x_wconf 89' lang='lat' dir='ltr'><strong>pro—</strong></span> 
     </span>
     <span class='ocr_line' id='line_1_19' title="bbox 916 2149 2451 2232; baseline -0.001 -19"><span class='ocrx_word' id='word_1_103' title='bbox 916 2159 1057 2232; x_wconf 91' lang='lat' dir='ltr'><strong>pter</strong></span> <span class='ocrx_word' id='word_1_104' title='bbox 1098 2150 1422 2214; x_wconf 82' lang='lat' dir='ltr'><strong>catholicae</strong></span> <span class='ocrx_word' id='word_1_105' title='bbox 1463 2151 1616 2213; x_wconf 85' lang='lat' dir='ltr'><strong>fidei</strong></span> <span class='ocrx_word' id='word_1_106' title='bbox 1656 2150 2098 2225; x_wconf 78' lang='lat' dir='ltr'><strong>constantiam,</strong></span> <span class='ocrx_word' id='word_1_107' title='bbox 2131 2149 2451 2212; x_wconf 75' lang='lat' dir='ltr'><strong>vidimus·</strong></span> 
     </span>
    </p>
   </div>
   <div class='ocr_carea' id='block_1_9' title="bbox 914 2248 2412 2626">
    <p class='ocr_par' dir='ltr' id='par_1_10' title="bbox 914 2248 2412 2626">
     <span class='ocr_line' id='line_1_20' title="bbox 915 2248 2408 2312; baseline 0.001 -2"><span class='ocrx_word' id='word_1_108' title='bbox 915 2249 1304 2312; x_wconf 90' lang='lat' dir='ltr'><strong>rarissimam</strong></span> <span class='ocrx_word' id='word_1_109' title='bbox 1347 2249 1782 2312; x_wconf 88' lang='lat' dir='ltr'><strong>coenobiorum</strong></span> <span class='ocrx_word' id='word_1_110' title='bbox 1825 2248 2296 2311; x_wconf 86' lang='lat' dir='ltr'><strong>observantiam</strong></span> <span class='ocrx_word' id='word_1_111' title='bbox 2343 2249 2408 2311; x_wconf 92' lang='lat' dir='ltr'><strong>in</strong></span> 
     </span>
     <span class='ocr_line' id='line_1_21' title="bbox 914 2347 2409 2429; baseline 0.001 -20"><span class='ocrx_word' id='word_1_112' title='bbox 914 2347 1238 2429; x_wconf 82' lang='lat' dir='ltr'><strong>aliquibus</strong></span> <span class='ocrx_word' id='word_1_113' title='bbox 1276 2347 1569 2420; x_wconf 85' lang='lat' dir='ltr'><strong>urbibuS,</strong></span> <span class='ocrx_word' id='word_1_114' title='bbox 1601 2348 1850 2409; x_wconf 90' lang='lat' dir='ltr'><strong>nullum</strong></span> <span class='ocrx_word' id='word_1_115' title='bbox 1890 2355 2102 2409; x_wconf 86' lang='lat' dir='ltr'><strong>autem</strong></span> <span class='ocrx_word' id='word_1_116' title='bbox 2140 2347 2409 2410; x_wconf 88' lang='lat' dir='ltr'><strong>anacho-</strong></span> 
     </span>
     <span class='ocr_line' id='line_1_22' title="bbox 915 2445 2412 2519; baseline 0.001 -12"><span class='ocrx_word' id='word_1_117' title='bbox 915 2453 1115 2508; x_wconf 88' lang='lat' dir='ltr'><strong>retam</strong></span> <span class='ocrx_word' id='word_1_118' title='bbox 1153 2446 1432 2509; x_wconf 88' lang='lat' dir='ltr'><strong>vidimus</strong></span> <span class='ocrx_word' id='word_1_119' title='bbox 1478 2445 1590 2519; x_wconf 92' lang='lat' dir='ltr'><strong>ibi,</strong></span> <span class='ocrx_word' id='word_1_120' title='bbox 1634 2447 1764 2508; x_wconf 90' lang='lat' dir='ltr'><strong>imo</strong></span> <span class='ocrx_word' id='word_1_121' title='bbox 1815 2464 1932 2508; x_wconf 90' lang='lat' dir='ltr'><strong>nec</strong></span> <span class='ocrx_word' id='word_1_122' title='bbox 1982 2463 2218 2508; x_wconf 87' lang='lat' dir='ltr'><strong>nomen</strong></span> <span class='ocrx_word' id='word_1_123' title='bbox 2266 2464 2412 2508; x_wconf 91' lang='lat' dir='ltr'><strong>ana-</strong></span> 
     </span>
     <span class='ocr_line' id='line_1_23' title="bbox 915 2544 2230 2626; baseline -0.002 -20"><span class='ocrx_word' id='word_1_124' title='bbox 915 2544 1315 2607; x_wconf 86' lang='lat' dir='ltr'><strong>choretarum</strong></span> <span class='ocrx_word' id='word_1_125' title='bbox 1359 2544 1482 2607; x_wconf 90' lang='lat' dir='ltr'><strong>fuit</strong></span> <span class='ocrx_word' id='word_1_126' title='bbox 1523 2545 1692 2626; x_wconf 91' lang='lat' dir='ltr'><strong>apud</strong></span> <span class='ocrx_word' id='word_1_127' title='bbox 1737 2545 1878 2606; x_wconf 93' lang='lat' dir='ltr'><strong>illos</strong></span> <span class='ocrx_word' id='word_1_128' title='bbox 1921 2544 2230 2605; x_wconf 89' lang='lat' dir='ltr'><strong>auditum.</strong></span> 
     </span>
    </p>
   </div>
   <div class='ocr_carea' id='block_1_10' title="bbox 1277 2797 2036 2862">
    <p class='ocr_par' dir='ltr' id='par_1_11' title="bbox 1277 2797 2036 2862">
     <span class='ocr_line' id='line_1_24' title="bbox 1277 2797 2036 2862; baseline -0.003 0"><span class='ocrx_word' id='word_1_129' title='bbox 1277 2798 1785 2862; x_wconf 87' lang='lat' dir='ltr'><strong>CAPITULUM</strong></span> <span class='ocrx_word' id='word_1_130' title='bbox 1849 2797 2036 2862; x_wconf 90' lang='lat' dir='ltr'><strong>VIII.</strong></span> 
     </span>
    </p>
   </div>
   <div class='ocr_carea' id='block_1_11' title="bbox 1121 2937 2199 3011">
    <p class='ocr_par' dir='ltr' id='par_1_12' title="bbox 1121 2937 2199 3011">
     <span class='ocr_line' id='line_1_25' title="bbox 1121 2937 2199 3011; baseline -0.004 -17"><span class='ocrx_word' id='word_1_131' title='bbox 1121 2939 1206 2994; x_wconf 85' lang='lat' dir='ltr'><strong>De</strong></span> <span class='ocrx_word' id='word_1_132' title='bbox 1243 2944 1464 3011; x_wconf 82' lang='lat' dir='ltr'><strong>quarto</strong></span> <span class='ocrx_word' id='word_1_133' title='bbox 1504 2953 1718 3009; x_wconf 64' lang='lat' dir='ltr'><strong>genere</strong></span> <span class='ocrx_word' id='word_1_134' title='bbox 1755 2937 2199 2994; x_wconf 79' lang='lat' dir='ltr'><strong>monachorum.</strong></span> 
     </span>
    </p>
   </div>
   <div class='ocr_carea' id='block_1_12' title="bbox 909 3135 2412 4203">
    <p class='ocr_par' dir='ltr' id='par_1_13' title="bbox 1045 3135 2411 3216">
     <span class='ocr_line' id='line_1_26' title="bbox 1045 3135 2411 3216; baseline 0 -18"><span class='ocrx_word' id='word_1_135' title='bbox 1045 3136 1134 3198; x_wconf 89' lang='lat' dir='ltr'><strong>ST</strong></span> <span class='ocrx_word' id='word_1_136' title='bbox 1182 3135 1444 3216; x_wconf 92' lang='lat' dir='ltr'><strong>insuper</strong></span> <span class='ocrx_word' id='word_1_137' title='bbox 1483 3142 1780 3216; x_wconf 88' lang='lat' dir='ltr'><strong>quartum</strong></span> <span class='ocrx_word' id='word_1_138' title='bbox 1825 3153 2026 3216; x_wconf 91' lang='lat' dir='ltr'><strong>genus</strong></span> <span class='ocrx_word' id='word_1_139' title='bbox 2072 3136 2411 3198; x_wconf 87' lang='lat' dir='ltr'><strong>monacho-</strong></span> 
     </span>
    </p>

    <p class='ocr_par' dir='ltr' id='par_1_14' title="bbox 909 3233 2412 4203">
     <span class='ocr_line' id='line_1_27' title="bbox 1065 3233 2412 3316; baseline 0 -20"><span class='ocrx_word' id='word_1_140' title='bbox 1065 3253 1230 3310; x_wconf 91' lang='lat' dir='ltr'><strong>rum,</strong></span> <span class='ocrx_word' id='word_1_141' title='bbox 1258 3235 1426 3316; x_wconf 92' lang='lat' dir='ltr'><strong>quod</strong></span> <span class='ocrx_word' id='word_1_142' title='bbox 1457 3252 1664 3315; x_wconf 91' lang='lat' dir='ltr'><strong>nuper</strong></span> <span class='ocrx_word' id='word_1_143' title='bbox 1695 3233 1971 3295; x_wconf 89' lang='lat' dir='ltr'><strong>vidimus</strong></span> <span class='ocrx_word' id='word_1_144' title='bbox 2002 3241 2235 3309; x_wconf 87' lang='lat' dir='ltr'><strong>ortum,</strong></span> <span class='ocrx_word' id='word_1_145' title='bbox 2260 3242 2412 3315; x_wconf 89' lang='lat' dir='ltr'><strong>puta</strong></span> 
     </span>
     <span class='ocr_line' id='line_1_28' title="bbox 912 3331 2412 3414; baseline 0 -19"><span class='ocrx_word' id='word_1_146' title='bbox 912 3351 1134 3396; x_wconf 89' lang='lat' dir='ltr'><strong>eorum</strong></span> <span class='ocrx_word' id='word_1_147' title='bbox 1180 3333 1292 3414; x_wconf 91' lang='lat' dir='ltr'><strong>qui</strong></span> <span class='ocrx_word' id='word_1_148' title='bbox 1337 3331 1459 3394; x_wconf 89' lang='lat' dir='ltr'><strong>sibi</strong></span> <span class='ocrx_word' id='word_1_149' title='bbox 1503 3331 1920 3394; x_wconf 90' lang='lat' dir='ltr'><strong>blandiuntur</strong></span> <span class='ocrx_word' id='word_1_150' title='bbox 1955 3333 2032 3394; x_wconf 92' lang='lat' dir='ltr'><strong>de</strong></span> <span class='ocrx_word' id='word_1_151' title='bbox 2074 3333 2412 3395; x_wconf 90' lang='lat' dir='ltr'><strong>anachore-</strong></span> 
     </span>
     <span class='ocr_line' id='line_1_29' title="bbox 911 3429 2412 3512; baseline 0 -20"><span class='ocrx_word' id='word_1_152' title='bbox 911 3440 1122 3492; x_wconf 87' lang='lat' dir='ltr'><strong>tarum</strong></span> <span class='ocrx_word' id='word_1_153' title='bbox 1163 3430 1376 3512; x_wconf 90' lang='lat' dir='ltr'><strong>specie</strong></span> <span class='ocrx_word' id='word_1_154' title='bbox 1405 3437 1594 3511; x_wconf 89' lang='lat' dir='ltr'><strong>atque</strong></span> <span class='ocrx_word' id='word_1_155' title='bbox 1627 3429 1901 3510; x_wconf 84' lang='lat' dir='ltr'><strong>imagine</strong></span> <span class='ocrx_word' id='word_1_156' title='bbox 1937 3449 1950 3493; x_wconf 76' lang='grc' dir='ltr'>ε</span> <span class='ocrx_word' id='word_1_157' title='bbox 1986 3431 2094 3512; x_wconf 90' lang='lat' dir='ltr'><strong>qui</strong></span> <span class='ocrx_word' id='word_1_158' title='bbox 2136 3431 2205 3493; x_wconf 89' lang='lat' dir='ltr'><strong>in</strong></span> <span class='ocrx_word' id='word_1_159' title='bbox 2234 3448 2412 3493; x_wconf 87' lang='lat' dir='ltr'><strong>exor-</strong></span> 
     </span>
     <span class='ocr_line' id='line_1_30' title="bbox 911 3527 2412 3609; baseline -0.001 -18"><span class='ocrx_word' id='word_1_160' title='bbox 911 3529 1018 3592; x_wconf 93' lang='lat' dir='ltr'><strong>dio</strong></span> <span class='ocrx_word' id='word_1_161' title='bbox 1065 3549 1195 3592; x_wconf 83' lang='lat' dir='ltr'><strong>suae</strong></span> <span class='ocrx_word' id='word_1_162' title='bbox 1244 3527 1676 3590; x_wconf 87' lang='lat' dir='ltr'><strong>conversionis</strong></span> <span class='ocrx_word' id='word_1_163' title='bbox 1726 3528 2178 3609; x_wconf 88' lang='lat' dir='ltr'><strong>aggrediuntur</strong></span> <span class='ocrx_word' id='word_1_164' title='bbox 2226 3528 2412 3591; x_wconf 89' lang='lat' dir='ltr'><strong>disci-</strong></span> 
     </span>
     <span class='ocr_line' id='line_1_31' title="bbox 914 3625 2406 3709; baseline -0.001 -20"><span class='ocrx_word' id='word_1_165' title='bbox 914 3627 1156 3709; x_wconf 90' lang='lat' dir='ltr'><strong>plinam</strong></span> <span class='ocrx_word' id='word_1_166' title='bbox 1188 3625 1462 3689; x_wconf 87' lang='lat' dir='ltr'><strong>coenobii</strong></span> <span class='ocrx_word' id='word_1_167' title='bbox 1494 3625 1670 3688; x_wconf 88' lang='lat' dir='ltr'><strong>brevi</strong></span> <span class='ocrx_word' id='word_1_168' title='bbox 1704 3627 1979 3708; x_wconf 89' lang='lat' dir='ltr'><strong>quodam</strong></span> <span class='ocrx_word' id='word_1_169' title='bbox 2013 3626 2406 3700; x_wconf 88' lang='lat' dir='ltr'><strong>fervore,scd</strong></span> 
     </span>
     <span class='ocr_line' id='line_1_32' title="bbox 912 3723 2409 3805; baseline 0 -18"><span class='ocrx_word' id='word_1_170' title='bbox 912 3725 1214 3788; x_wconf 87' lang='lat' dir='ltr'><strong>continuo</strong></span> <span class='ocrx_word' id='word_1_171' title='bbox 1253 3723 1573 3805; x_wconf 84' lang='lat' dir='ltr'><strong>tepefacti,</strong></span> <span class='ocrx_word' id='word_1_172' title='bbox 1606 3725 1759 3786; x_wconf 91' lang='lat' dir='ltr'><strong>dum</strong></span> <span class='ocrx_word' id='word_1_173' title='bbox 1801 3743 2084 3787; x_wconf 86' lang='lat' dir='ltr'><strong>resecare</strong></span> <span class='ocrx_word' id='word_1_174' title='bbox 2129 3733 2409 3788; x_wconf 89' lang='lat' dir='ltr'><strong>contem·-</strong></span> 
     </span>
     <span class='ocr_line' id='line_1_33' title="bbox 912 3822 2410 3905; baseline 0 -19"><span class='ocrx_word' id='word_1_175' title='bbox 912 3830 1074 3886; x_wconf 89' lang='lat' dir='ltr'><strong>nunt</strong></span> <span class='ocrx_word' id='word_1_176' title='bbox 1120 3823 1422 3905; x_wconf 89' lang='lat' dir='ltr'><strong>pristinos</strong></span> <span class='ocrx_word' id='word_1_177' title='bbox 1471 3840 1678 3884; x_wconf 88' lang='lat' dir='ltr'><strong>mores</strong></span> <span class='ocrx_word' id='word_1_178' title='bbox 1727 3841 1800 3885; x_wconf 91' lang='lat' dir='ltr'><strong>ac</strong></span> <span class='ocrx_word' id='word_1_179' title='bbox 1844 3822 2020 3898; x_wconf 87' lang='lat' dir='ltr'><strong>vitia,</strong></span> <span class='ocrx_word' id='word_1_180' title='bbox 2063 3841 2271 3905; x_wconf 91' lang='lat' dir='ltr'><strong>neque</strong></span> <span class='ocrx_word' id='word_1_181' title='bbox 2319 3824 2410 3886; x_wconf 90' lang='lat' dir='ltr'><strong>di-</strong></span> 
     </span>
     <span class='ocr_line' id='line_1_34' title="bbox 909 3920 2410 4004; baseline 0 -19"><span class='ocrx_word' id='word_1_182' title='bbox 909 3928 1187 4004; x_wconf 87' lang='lat' dir='ltr'><strong>gnantur</strong></span> <span class='ocrx_word' id='word_1_183' title='bbox 1219 3921 1330 3983; x_wconf 91' lang='lat' dir='ltr'><strong>diu</strong></span> <span class='ocrx_word' id='word_1_184' title='bbox 1369 3920 1680 3983; x_wconf 89' lang='lat' dir='ltr'><strong>sustinere</strong></span> <span class='ocrx_word' id='word_1_185' title='bbox 1721 3921 2100 3983; x_wconf 89' lang='lat' dir='ltr'><strong>humilitatis</strong></span> <span class='ocrx_word' id='word_1_186' title='bbox 2138 3941 2213 3985; x_wconf 88' lang='lat' dir='ltr'><strong>ac</strong></span> <span class='ocrx_word' id='word_1_187' title='bbox 2253 3923 2410 4004; x_wconf 89' lang='lat' dir='ltr'><strong>pati-</strong></span> 
     </span>
     <span class='ocr_line' id='line_1_35' title="bbox 911 4019 2403 4102; baseline 0 -18"><span class='ocrx_word' id='word_1_188' title='bbox 911 4021 1100 4084; x_wconf 82' lang='lat' dir='ltr'><strong>entiae</strong></span> <span class='ocrx_word' id='word_1_189' title='bbox 1137 4019 1387 4102; x_wconf 87' lang='lat' dir='ltr'><strong>jugum,</strong></span> <span class='ocrx_word' id='word_1_190' title='bbox 1421 4027 1484 4082; x_wconf 90' lang='lat' dir='ltr'><strong>et</strong></span> <span class='ocrx_word' id='word_1_191' title='bbox 1514 4019 1838 4082; x_wconf 89' lang='lat' dir='ltr'><strong>seniorum</strong></span> <span class='ocrx_word' id='word_1_192' title='bbox 1881 4020 2152 4102; x_wconf 88' lang='lat' dir='ltr'><strong>imperio</strong></span> <span class='ocrx_word' id='word_1_193' title='bbox 2193 4022 2403 4096; x_wconf 91' lang='lat' dir='ltr'><strong>subdi,</strong></span> 
     </span>
     <span class='ocr_line' id='line_1_36' title="bbox 912 4118 2407 4203; baseline 0.001 -21"><span class='ocrx_word' id='word_1_194' title='bbox 912 4127 1184 4203; x_wconf 85' lang='lat' dir='ltr'><strong>pergunt</strong></span> <span class='ocrx_word' id='word_1_195' title='bbox 1226 4119 1306 4181; x_wconf 89' lang='lat' dir='ltr'><strong>ad</strong></span> <span class='ocrx_word' id='word_1_196' title='bbox 1351 4118 1611 4180; x_wconf 79' lang='lat' dir='ltr'><strong>cellulas</strong></span> <span class='ocrx_word' id='word_1_197' title='bbox 1661 4126 1979 4200; x_wconf 89' lang='lat' dir='ltr'><strong>separatas</strong></span> <span class='ocrx_word' id='word_1_198' title='bbox 2023 4127 2086 4180; x_wconf 92' lang='lat' dir='ltr'><strong>et</strong></span> <span class='ocrx_word' id='word_1_199' title='bbox 2129 4120 2407 4183; x_wconf 88' lang='lat' dir='ltr'><strong>solitarie</strong></span> 
     </span>
    </p>
   </div>
   <div class='ocr_carea' id='block_1_13' title="bbox 2522 771 4017 955">
    <p class='ocr_par' dir='ltr' id='par_1_15' title="bbox 2522 771 4017 955">
     <span class='ocr_line' id='line_1_37' title="bbox 2522 771 4017 854; baseline -0.001 -20"><span class='ocrx_word' id='word_1_200' title='bbox 2522 774 2713 836; x_wconf 85' lang='lat' dir='ltr'><strong>audet</strong></span> <span class='ocrx_word' id='word_1_201' title='bbox 2754 793 3017 854; x_wconf 82' lang='lat' dir='ltr'><strong>arguere</strong></span> <span class='ocrx_word' id='word_1_202' title='bbox 3060 774 3216 836; x_wconf 86' lang='lat' dir='ltr'><strong>vitia</strong></span> <span class='ocrx_word' id='word_1_203' title='bbox 3259 773 3525 837; x_wconf 89' lang='lat' dir='ltr'><strong>solitarii</strong></span> <span class='ocrx_word' id='word_1_204' title='bbox 3568 771 3733 847; x_wconf 83' lang='lat' dir='ltr'><strong>talis,</strong></span> <span class='ocrx_word' id='word_1_205' title='bbox 3767 791 3912 854; x_wconf 84' lang='lat' dir='ltr'><strong>quae</strong></span> <span class='ocrx_word' id='word_1_206' title='bbox 3954 778 4017 832; x_wconf 87' lang='lat' dir='ltr'><strong>et</strong></span> 
     </span>
     <span class='ocr_line' id='line_1_38' title="bbox 2525 871 3751 955; baseline -0.001 -21"><span class='ocrx_word' id='word_1_207' title='bbox 2525 873 2660 954; x_wconf 91' lang='lat' dir='ltr'><strong>ipse</strong></span> <span class='ocrx_word' id='word_1_208' title='bbox 2704 873 2931 934; x_wconf 90' lang='lat' dir='ltr'><strong>maluit</strong></span> <span class='ocrx_word' id='word_1_209' title='bbox 2972 873 3245 954; x_wconf 86' lang='lat' dir='ltr'><strong>ignorari</strong></span> <span class='ocrx_word' id='word_1_210' title='bbox 3288 891 3481 955; x_wconf 89' lang='lat' dir='ltr'><strong>quam</strong></span> <span class='ocrx_word' id='word_1_211' title='bbox 3525 871 3751 934; x_wconf 88' lang='lat' dir='ltr'><strong>curari.</strong></span> 
     </span>
    </p>
   </div>
   <div class='ocr_carea' id='block_1_14' title="bbox 2924 1135 3613 1199">
    <p class='ocr_par' dir='ltr' id='par_1_16' title="bbox 2924 1135 3613 1199">
     <span class='ocr_line' id='line_1_39' title="bbox 2924 1135 3613 1199; baseline -0.001 0"><span class='ocrx_word' id='word_1_212' title='bbox 2924 1135 3429 1199; x_wconf 82' lang='lat' dir='ltr'><strong>CAPITULUM</strong></span> <span class='ocrx_word' id='word_1_213' title='bbox 3494 1135 3613 1198; x_wconf 88' lang='lat' dir='ltr'><strong>IX.</strong></span> 
     </span>
    </p>
   </div>
   <div class='ocr_carea' id='block_1_15' title="bbox 2623 1282 3931 1430">
    <p class='ocr_par' dir='ltr' id='par_1_17' title="bbox 2623 1282 3931 1430">
     <span class='ocr_line' id='line_1_40' title="bbox 2623 1282 3931 1354; baseline -0.001 -15"><span class='ocrx_word' id='word_1_214' title='bbox 2623 1283 2887 1350; x_wconf 74' lang='lat' dir='ltr'><strong>Quoestr&#39;o</strong></span> <span class='ocrx_word' id='word_1_215' title='bbox 2917 1283 2990 1338; x_wconf 84' lang='lat' dir='ltr'><strong>de</strong></span> <span class='ocrx_word' id='word_1_216' title='bbox 3018 1282 3377 1354; x_wconf 82' lang='lat' dir='ltr'><strong>differentia</strong></span> <span class='ocrx_word' id='word_1_217' title='bbox 3404 1283 3569 1338; x_wconf 77' lang='lat' dir='ltr'><strong>inter</strong></span> <span class='ocrx_word' id='word_1_218' title='bbox 3594 1283 3931 1338; x_wconf 73' lang='lat' dir='ltr'><strong>coenobium</strong></span> 
     </span>
     <span class='ocr_line' id='line_1_41' title="bbox 3004 1373 3537 1430; baseline -0.004 -2"><span class='ocrx_word' id='word_1_219' title='bbox 3004 1378 3061 1428; x_wconf 86' lang='lat' dir='ltr'><strong>et</strong></span> <span class='ocrx_word' id='word_1_220' title='bbox 3088 1373 3537 1430; x_wconf 76' lang='lat' dir='ltr'><strong>monasterium.</strong></span> 
     </span>
    </p>
   </div>
   <div class='ocr_carea' id='block_1_16' title="bbox 2523 1558 4019 1838">
    <p class='ocr_par' dir='ltr' id='par_1_18' title="bbox 2523 1558 4019 1838">
     <span class='ocr_line' id='line_1_42' title="bbox 2667 1558 4019 1640; baseline -0.001 -19"><span class='ocrx_word' id='word_1_221' title='bbox 2667 1559 3027 1623; x_wconf 85' lang='lat' dir='ltr'>ERMANUS</span> <span class='ocrx_word' id='word_1_222' title='bbox 3077 1579 3091 1624; x_wconf 74' lang='grc' dir='ltr'><strong>ε</strong></span> <span class='ocrx_word' id='word_1_223' title='bbox 3146 1560 3338 1623; x_wconf 89' lang='lat' dir='ltr'><strong>Estne</strong></span> <span class='ocrx_word' id='word_1_224' title='bbox 3394 1559 3608 1640; x_wconf 89' lang='lat' dir='ltr'><strong>aliqua</strong></span> <span class='ocrx_word' id='word_1_225' title='bbox 3652 1558 4019 1620; x_wconf 76' lang='lat' dir='ltr'><strong>differentia</strong></span> 
     </span>
     <span class='ocr_line' id='line_1_43' title="bbox 2670 1657 4015 1730; baseline -0.001 -11"><span class='ocrx_word' id='word_1_226' title='bbox 2670 1657 2835 1721; x_wconf 86' lang='lat' dir='ltr'><strong>inter</strong></span> <span class='ocrx_word' id='word_1_227' title='bbox 2884 1658 3253 1721; x_wconf 89' lang='lat' dir='ltr'><strong>coenobium</strong></span> <span class='ocrx_word' id='word_1_228' title='bbox 3304 1666 3368 1720; x_wconf 93' lang='lat' dir='ltr'><strong>et</strong></span> <span class='ocrx_word' id='word_1_229' title='bbox 3410 1657 3891 1730; x_wconf 89' lang='lat' dir='ltr'><strong>monasterium,</strong></span> <span class='ocrx_word' id='word_1_230' title='bbox 3936 1677 4015 1718; x_wconf 88' lang='lat' dir='ltr'><strong>an</strong></span> 
     </span>
     <span class='ocr_line' id='line_1_44' title="bbox 2523 1756 3949 1838; baseline -0.001 -20"><span class='ocrx_word' id='word_1_231' title='bbox 2523 1757 2743 1818; x_wconf 89' lang='lat' dir='ltr'><strong>eadem</strong></span> <span class='ocrx_word' id='word_1_232' title='bbox 2784 1776 2883 1820; x_wconf 89' lang='lat' dir='ltr'><strong>res</strong></span> <span class='ocrx_word' id='word_1_233' title='bbox 2928 1765 3195 1838; x_wconf 90' lang='lat' dir='ltr'><strong>utroque</strong></span> <span class='ocrx_word' id='word_1_234' title='bbox 3240 1757 3496 1818; x_wconf 88' lang='lat' dir='ltr'><strong>nomine</strong></span> <span class='ocrx_word' id='word_1_235' title='bbox 3538 1756 3949 1837; x_wconf 71' lang='lat' dir='ltr'><strong>designatur?</strong></span> 
     </span>
    </p>
   </div>
   <div class='ocr_carea' id='block_1_17' title="bbox 2939 2010 3592 2075">
    <p class='ocr_par' dir='ltr' id='par_1_19' title="bbox 2939 2010 3592 2075">
     <span class='ocr_line' id='line_1_45' title="bbox 2939 2010 3592 2075; baseline -0.005 0"><span class='ocrx_word' id='word_1_236' title='bbox 2939 2010 3443 2075; x_wconf 80' lang='lat' dir='ltr'><strong>CAPITULUM</strong></span> <span class='ocrx_word' id='word_1_237' title='bbox 3506 2011 3592 2073; x_wconf 91' lang='lat' dir='ltr'><strong>X.</strong></span> 
     </span>
    </p>
   </div>
   <div class='ocr_carea' id='block_1_18' title="bbox 2736 2151 3802 2222">
    <p class='ocr_par' dir='ltr' id='par_1_20' title="bbox 2736 2151 3802 2222">
     <span class='ocr_line' id='line_1_46' title="bbox 2736 2151 3802 2222; baseline -0.001 -17"><span class='ocrx_word' id='word_1_238' title='bbox 2736 2151 3068 2222; x_wconf 77' lang='lat' dir='ltr'><strong>Responsio</strong></span> <span class='ocrx_word' id='word_1_239' title='bbox 3098 2151 3181 2206; x_wconf 87' lang='lat' dir='ltr'><strong>ad</strong></span> <span class='ocrx_word' id='word_1_240' title='bbox 3208 2151 3363 2206; x_wconf 78' lang='lat' dir='ltr'><strong>hanc</strong></span> <span class='ocrx_word' id='word_1_241' title='bbox 3390 2151 3802 2222; x_wconf 73' lang='lat' dir='ltr'><strong>qua-ationem.</strong></span> 
     </span>
    </p>
   </div>
   <div class='ocr_carea' id='block_1_19' title="bbox 2517 2347 4023 3021">
    <p class='ocr_par' dir='ltr' id='par_1_21' title="bbox 2649 2347 4023 2428">
     <span class='ocr_line' id='line_1_47' title="bbox 2649 2347 4023 2428; baseline 0 -20"><span class='ocrx_word' id='word_1_242' title='bbox 2649 2347 2948 2410; x_wconf 87' lang='grc' dir='ltr'>ΙΑΜΜΟΝ</span> <span class='ocrx_word' id='word_1_243' title='bbox 2968 2347 3174 2409; x_wconf 89' lang='lat' dir='ltr'><strong>:Licet</strong></span> <span class='ocrx_word' id='word_1_244' title='bbox 3208 2366 3408 2409; x_wconf 91' lang='lat' dir='ltr'><strong>unum</strong></span> <span class='ocrx_word' id='word_1_245' title='bbox 3440 2347 3699 2409; x_wconf 87' lang='lat' dir='ltr'><strong>istorum</strong></span> <span class='ocrx_word' id='word_1_246' title='bbox 3727 2347 4023 2428; x_wconf 84' lang='lat' dir='ltr'><strong>frequen-</strong></span> 
     </span>
    </p>

    <p class='ocr_par' dir='ltr' id='par_1_22' title="bbox 2517 2445 4023 3021">
     <span class='ocr_line' id='line_1_48' title="bbox 2667 2445 4018 2528; baseline 0 -21"><span class='ocrx_word' id='word_1_247' title='bbox 2667 2455 2762 2507; x_wconf 87' lang='lat' dir='ltr'><strong>ter</strong></span> <span class='ocrx_word' id='word_1_248' title='bbox 2798 2445 3148 2527; x_wconf 90' lang='lat' dir='ltr'><strong>accipiatur</strong></span> <span class='ocrx_word' id='word_1_249' title='bbox 3188 2464 3303 2528; x_wconf 89' lang='lat' dir='ltr'><strong>pro</strong></span> <span class='ocrx_word' id='word_1_250' title='bbox 3333 2446 3477 2519; x_wconf 91' lang='lat' dir='ltr'><strong>alio,</strong></span> <span class='ocrx_word' id='word_1_251' title='bbox 3512 2453 3726 2507; x_wconf 87' lang='lat' dir='ltr'><strong>tamen</strong></span> <span class='ocrx_word' id='word_1_252' title='bbox 3767 2446 3889 2508; x_wconf 92' lang='lat' dir='ltr'><strong>hoc</strong></span> <span class='ocrx_word' id='word_1_253' title='bbox 3923 2445 4018 2507; x_wconf 91' lang='lat' dir='ltr'><strong>in-</strong></span> 
     </span>
     <span class='ocr_line' id='line_1_49' title="bbox 2522 2543 4017 2627; baseline 0 -22"><span class='ocrx_word' id='word_1_254' title='bbox 2522 2551 2733 2618; x_wconf 88' lang='lat' dir='ltr'><strong>terest,</strong></span> <span class='ocrx_word' id='word_1_255' title='bbox 2776 2545 2946 2627; x_wconf 90' lang='lat' dir='ltr'><strong>quod</strong></span> <span class='ocrx_word' id='word_1_256' title='bbox 2994 2544 3449 2608; x_wconf 89' lang='lat' dir='ltr'><strong>monasterium</strong></span> <span class='ocrx_word' id='word_1_257' title='bbox 3500 2551 3595 2606; x_wconf 88' lang='lat' dir='ltr'><strong>est</strong></span> <span class='ocrx_word' id='word_1_258' title='bbox 3639 2562 3873 2606; x_wconf 88' lang='lat' dir='ltr'><strong>nomen</strong></span> <span class='ocrx_word' id='word_1_259' title='bbox 3922 2543 4017 2606; x_wconf 93' lang='lat' dir='ltr'><strong>di-</strong></span> 
     </span>
     <span class='ocr_line' id='line_1_50' title="bbox 2519 2641 4019 2725; baseline 0 -21"><span class='ocrx_word' id='word_1_260' title='bbox 2519 2642 2807 2717; x_wconf 88' lang='lat' dir='ltr'><strong>versorii,</strong></span> <span class='ocrx_word' id='word_1_261' title='bbox 2859 2643 3137 2725; x_wconf 90' lang='lat' dir='ltr'><strong>amplius</strong></span> <span class='ocrx_word' id='word_1_262' title='bbox 3186 2643 3347 2704; x_wconf 90' lang='lat' dir='ltr'><strong>nihil</strong></span> <span class='ocrx_word' id='word_1_263' title='bbox 3398 2641 3771 2725; x_wconf 87' lang='lat' dir='ltr'><strong>significans</strong></span> <span class='ocrx_word' id='word_1_264' title='bbox 3818 2661 4019 2724; x_wconf 88' lang='lat' dir='ltr'><strong>quam</strong></span> 
     </span>
     <span class='ocr_line' id='line_1_51' title="bbox 2520 2739 4023 2820; baseline 0.001 -19"><span class='ocrx_word' id='word_1_265' title='bbox 2520 2739 2730 2802; x_wconf 92' lang='lat' dir='ltr'><strong>locum</strong></span> <span class='ocrx_word' id='word_1_266' title='bbox 2764 2759 2877 2802; x_wconf 90' lang='lat' dir='ltr'><strong>seu</strong></span> <span class='ocrx_word' id='word_1_267' title='bbox 2907 2740 3342 2803; x_wconf 88' lang='lat' dir='ltr'><strong>habitaculum</strong></span> <span class='ocrx_word' id='word_1_268' title='bbox 3377 2739 3865 2820; x_wconf 83' lang='lat' dir='ltr'><strong>monachorum3</strong></span> <span class='ocrx_word' id='word_1_269' title='bbox 3898 2758 4023 2803; x_wconf 85' lang='lat' dir='ltr'><strong>coe-</strong></span> 
     </span>
     <span class='ocr_line' id='line_1_52' title="bbox 2517 2838 4021 2920; baseline -0.001 -18"><span class='ocrx_word' id='word_1_270' title='bbox 2517 2839 2783 2902; x_wconf 89' lang='lat' dir='ltr'><strong>nobium</strong></span> <span class='ocrx_word' id='word_1_271' title='bbox 2814 2857 2964 2902; x_wconf 87' lang='lat' dir='ltr'><strong>vero</strong></span> <span class='ocrx_word' id='word_1_272' title='bbox 3002 2838 3194 2901; x_wconf 89' lang='lat' dir='ltr'><strong>etiam</strong></span> <span class='ocrx_word' id='word_1_273' title='bbox 3234 2839 3522 2920; x_wconf 88' lang='lat' dir='ltr'><strong>designat</strong></span> <span class='ocrx_word' id='word_1_274' title='bbox 3550 2839 3925 2920; x_wconf 88' lang='lat' dir='ltr'><strong>qualitatem</strong></span> <span class='ocrx_word' id='word_1_275' title='bbox 3956 2847 4021 2901; x_wconf 86' lang='lat' dir='ltr'><strong>et</strong></span> 
     </span>
     <span class='ocr_line' id='line_1_53' title="bbox 2518 2938 4021 3021; baseline -0.001 -20"><span class='ocrx_word' id='word_1_276' title='bbox 2518 2939 2922 3021; x_wconf 90' lang='lat' dir='ltr'><strong>disciplinam</strong></span> <span class='ocrx_word' id='word_1_277' title='bbox 2971 2938 3386 3021; x_wconf 89' lang='lat' dir='ltr'><strong>professionis</strong></span> <span class='ocrx_word' id='word_1_278' title='bbox 3436 2938 3657 3021; x_wconf 91' lang='lat' dir='ltr'><strong>ipsius.</strong></span> <span class='ocrx_word' id='word_1_279' title='bbox 3710 2938 4021 3000; x_wconf 85' lang='lat' dir='ltr'><strong>Monaste-</strong></span> 
     </span>
    </p>
   </div>
   <div class='ocr_carea' id='block_1_20' title="bbox 2443 3036 4021 3119">
    <p class='ocr_par' dir='ltr' id='par_1_23' title="bbox 2443 3036 4021 3119">
     <span class='ocr_line' id='line_1_54' title="bbox 2443 3036 4021 3119; baseline -0.001 -17"><span class='ocrx_word' id='word_1_280' title='bbox 2443 3037 2486 3102; x_wconf 91' lang='lat' dir='ltr'>C</span> <span class='ocrx_word' id='word_1_281' title='bbox 2520 3038 2687 3099; x_wconf 90' lang='lat' dir='ltr'><strong>rium</strong></span> <span class='ocrx_word' id='word_1_282' title='bbox 2718 3055 2970 3119; x_wconf 89' lang='lat' dir='ltr'><strong>quoque</strong></span> <span class='ocrx_word' id='word_1_283' title='bbox 3003 3037 3130 3099; x_wconf 90' lang='lat' dir='ltr'><strong>dici</strong></span> <span class='ocrx_word' id='word_1_284' title='bbox 3172 3045 3377 3119; x_wconf 90' lang='lat' dir='ltr'><strong>potest</strong></span> <span class='ocrx_word' id='word_1_285' title='bbox 3405 3036 3839 3099; x_wconf 88' lang='lat' dir='ltr'><strong>habitaculum</strong></span> <span class='ocrx_word' id='word_1_286' title='bbox 3886 3056 4021 3100; x_wconf 90' lang='lat' dir='ltr'><strong>mo-</strong></span> 
     </span>
    </p>
   </div>
   <div class='ocr_carea' id='block_1_21' title="bbox 2520 3135 4022 3396">
    <p class='ocr_par' dir='ltr' id='par_1_24' title="bbox 2520 3135 4022 3396">
     <span class='ocr_line' id='line_1_55' title="bbox 2520 3135 4018 3216; baseline -0.001 -19"><span class='ocrx_word' id='word_1_287' title='bbox 2520 3135 2705 3197; x_wconf 87' lang='lat' dir='ltr'><strong>nachi</strong></span> <span class='ocrx_word' id='word_1_288' title='bbox 2758 3136 2985 3216; x_wconf 83' lang='lat' dir='ltr'><strong>unius3</strong></span> <span class='ocrx_word' id='word_1_289' title='bbox 3032 3135 3395 3198; x_wconf 89' lang='lat' dir='ltr'><strong>coenobium</strong></span> <span class='ocrx_word' id='word_1_290' title='bbox 3444 3142 3657 3197; x_wconf 89' lang='lat' dir='ltr'><strong>autem</strong></span> <span class='ocrx_word' id='word_1_291' title='bbox 3706 3135 3835 3196; x_wconf 88' lang='lat' dir='ltr'><strong>dici</strong></span> <span class='ocrx_word' id='word_1_292' title='bbox 3890 3153 4018 3198; x_wconf 91' lang='lat' dir='ltr'><strong>non</strong></span> 
     </span>
     <span class='ocr_line' id='line_1_56' title="bbox 2521 3232 4022 3316; baseline -0.001 -20"><span class='ocrx_word' id='word_1_293' title='bbox 2521 3242 2747 3316; x_wconf 89' lang='lat' dir='ltr'><strong>potest,</strong></span> <span class='ocrx_word' id='word_1_294' title='bbox 2788 3234 2913 3296; x_wconf 89' lang='lat' dir='ltr'><strong>nisi</strong></span> <span class='ocrx_word' id='word_1_295' title='bbox 2964 3233 3075 3296; x_wconf 91' lang='lat' dir='ltr'><strong>ubi</strong></span> <span class='ocrx_word' id='word_1_296' title='bbox 3122 3233 3339 3315; x_wconf 88' lang='lat' dir='ltr'><strong>plures</strong></span> <span class='ocrx_word' id='word_1_297' title='bbox 3389 3232 3754 3296; x_wconf 84' lang='lat' dir='ltr'><strong>cohabitant</strong></span> <span class='ocrx_word' id='word_1_298' title='bbox 3802 3251 4022 3296; x_wconf 90' lang='lat' dir='ltr'><strong>mona-</strong></span> 
     </span>
     <span class='ocr_line' id='line_1_57' title="bbox 2522 3333 3409 3396; baseline 0 -2"><span class='ocrx_word' id='word_1_299' title='bbox 2522 3333 2685 3395; x_wconf 89' lang='lat' dir='ltr'><strong>chali</strong></span> <span class='ocrx_word' id='word_1_300' title='bbox 2730 3333 3181 3396; x_wconf 87' lang='lat' dir='ltr'><strong>communione</strong></span> <span class='ocrx_word' id='word_1_301' title='bbox 3226 3333 3409 3394; x_wconf 91' lang='lat' dir='ltr'><strong>uniti.</strong></span> 
     </span>
    </p>
   </div>
   <div class='ocr_carea' id='block_1_22' title="bbox 2917 3587 3605 3652">
    <p class='ocr_par' dir='ltr' id='par_1_25' title="bbox 2917 3587 3605 3652">
     <span class='ocr_line' id='line_1_58' title="bbox 2917 3587 3605 3652; baseline 0 -2"><span class='ocrx_word' id='word_1_302' title='bbox 2917 3587 3422 3651; x_wconf 86' lang='lat' dir='ltr'><strong>CAPITULUM</strong></span> <span class='ocrx_word' id='word_1_303' title='bbox 3484 3587 3605 3652; x_wconf 90' lang='lat' dir='ltr'><strong>XI.</strong></span> 
     </span>
    </p>
   </div>
   <div class='ocr_carea' id='block_1_23' title="bbox 2517 3730 4023 3881">
    <p class='ocr_par' dir='ltr' id='par_1_26' title="bbox 2517 3730 4023 3881">
     <span class='ocr_line' id='line_1_59' title="bbox 2517 3730 4023 3808; baseline 0.003 -21"><span class='ocrx_word' id='word_1_304' title='bbox 2517 3731 2603 3787; x_wconf 86' lang='lat' dir='ltr'><strong>De</strong></span> <span class='ocrx_word' id='word_1_305' title='bbox 2627 3730 2795 3802; x_wconf 81' lang='lat' dir='ltr'><strong>falsa</strong></span> <span class='ocrx_word' id='word_1_306' title='bbox 2829 3733 3576 3806; x_wconf 69' lang='lat' dir='ltr'><strong>humilitate.cujttsdam,·</strong></span> <span class='ocrx_word' id='word_1_307' title='bbox 3613 3740 3669 3790; x_wconf 83' lang='lat' dir='ltr'><strong>et</strong></span> <span class='ocrx_word' id='word_1_308' title='bbox 3704 3736 3779 3792; x_wconf 87' lang='lat' dir='ltr'><strong>de</strong></span> <span class='ocrx_word' id='word_1_309' title='bbox 3814 3737 4023 3808; x_wconf 70' lang='lat' dir='ltr'><strong>siqnis</strong></span> 
     </span>
     <span class='ocr_line' id='line_1_60' title="bbox 2976 3824 3555 3881; baseline 0.005 -3"><span class='ocrx_word' id='word_1_310' title='bbox 2976 3839 3135 3880; x_wconf 85' lang='lat' dir='ltr'><strong>veroe</strong></span> <span class='ocrx_word' id='word_1_311' title='bbox 3165 3824 3555 3881; x_wconf 74' lang='lat' dir='ltr'><strong>humilitatis.</strong></span> 
     </span>
    </p>
   </div>
   <div class='ocr_carea' id='block_1_24' title="bbox 2523 4015 4027 4219">
    <p class='ocr_par' dir='ltr' id='par_1_27' title="bbox 2523 4015 4027 4219">
     <span class='ocr_line' id='line_1_61' title="bbox 2662 4019 4024 4104; baseline 0.001 -20"><span class='ocrx_word' id='word_1_312' title='bbox 2662 4019 2953 4084; x_wconf 87' lang='lat' dir='ltr'><strong>UONIAM</strong></span> <span class='ocrx_word' id='word_1_313' title='bbox 3011 4021 3223 4102; x_wconf 88' lang='lat' dir='ltr'><strong>itaque</strong></span> <span class='ocrx_word' id='word_1_314' title='bbox 3273 4021 3459 4084; x_wconf 88' lang='lat' dir='ltr'><strong>video</strong></span> <span class='ocrx_word' id='word_1_315' title='bbox 3507 4040 3618 4085; x_wconf 88' lang='lat' dir='ltr'><strong>vos</strong></span> <span class='ocrx_word' id='word_1_316' title='bbox 3666 4021 4024 4104; x_wconf 88' lang='lat' dir='ltr'><strong>arripuisse</strong></span> 
     </span>
     <span class='ocr_line' id='line_1_62' title="bbox 2523 4015 4027 4219; baseline 0.003 -39"><span class='ocrx_word' id='word_1_317' title='bbox 2523 4015 2653 4219; x_wconf 79' lang='lat' dir='ltr'><strong>Q</strong></span> <span class='ocrx_word' id='word_1_318' title='bbox 2679 4119 2997 4202; x_wconf 90' lang='lat' dir='ltr'><strong>principia</strong></span> <span class='ocrx_word' id='word_1_319' title='bbox 3040 4119 3455 4201; x_wconf 89' lang='lat' dir='ltr'><strong>professionis</strong></span> <span class='ocrx_word' id='word_1_320' title='bbox 3497 4119 3691 4200; x_wconf 87' lang='lat' dir='ltr'><strong>hujus</strong></span> <span class='ocrx_word' id='word_1_321' title='bbox 3733 4139 3883 4201; x_wconf 81' lang='lat' dir='ltr'><strong>quae</strong></span> <span class='ocrx_word' id='word_1_322' title='bbox 3928 4130 4027 4184; x_wconf 87' lang='lat' dir='ltr'><strong>est</strong></span> 
     </span>
    </p>
   </div>
   <div class='ocr_carea' id='block_1_25' title="bbox 911 4216 4027 4299">
    <p class='ocr_par' dir='ltr' id='par_1_28' title="bbox 911 4216 4027 4299">
     <span class='ocr_line' id='line_1_63' title="bbox 911 4216 4027 4299; baseline 0 -19"><span class='ocrx_word' id='word_1_323' title='bbox 911 4219 1130 4280; x_wconf 91' lang='lat' dir='ltr'><strong>sedere</strong></span> <span class='ocrx_word' id='word_1_324' title='bbox 1160 4216 1542 4289; x_wconf 88' lang='lat' dir='ltr'><strong>desiderant,</strong></span> <span class='ocrx_word' id='word_1_325' title='bbox 1577 4224 1890 4297; x_wconf 87' lang='lat' dir='ltr'><strong>quatenus</strong></span> <span class='ocrx_word' id='word_1_326' title='bbox 1922 4237 1959 4278; x_wconf 90' lang='lat' dir='ltr'><strong>a</strong></span> <span class='ocrx_word' id='word_1_327' title='bbox 1987 4218 2244 4281; x_wconf 89' lang='lat' dir='ltr'><strong>nemine</strong></span> <span class='ocrx_word' id='word_1_328' title='bbox 2282 4237 2409 4282; x_wconf 91' lang='lat' dir='ltr'><strong>mo·</strong></span> <span class='ocrx_word' id='word_1_329' title='bbox 2438 4225 2489 4286; x_wconf 90' lang='lat' dir='ltr'>D</span> <span class='ocrx_word' id='word_1_330' title='bbox 2518 4217 2744 4299; x_wconf 90' lang='lat' dir='ltr'><strong>optimi</strong></span> <span class='ocrx_word' id='word_1_331' title='bbox 2794 4217 3045 4298; x_wconf 89' lang='lat' dir='ltr'><strong>generis</strong></span> <span class='ocrx_word' id='word_1_332' title='bbox 3106 4218 3586 4292; x_wconf 88' lang='lat' dir='ltr'><strong>monachorum,</strong></span> <span class='ocrx_word' id='word_1_333' title='bbox 3647 4218 3708 4280; x_wconf 90' lang='lat' dir='ltr'><strong>id</strong></span> <span class='ocrx_word' id='word_1_334' title='bbox 3766 4225 3893 4292; x_wconf 86' lang='lat' dir='ltr'><strong>est,</strong></span> <span class='ocrx_word' id='word_1_335' title='bbox 3948 4220 4027 4281; x_wconf 90' lang='lat' dir='ltr'><strong>de</strong></span> 
     </span>
    </p>
   </div>
   <div class='ocr_carea' id='block_1_26' title="bbox 902 4314 2411 5382">
    <p class='ocr_par' dir='ltr' id='par_1_29' title="bbox 902 4314 2411 5382">
     <span class='ocr_line' id='line_1_64' title="bbox 912 4314 2408 4390; baseline 0.001 -12"><span class='ocrx_word' id='word_1_336' title='bbox 912 4316 1143 4390; x_wconf 85' lang='lat' dir='ltr'><strong>lestati,</strong></span> <span class='ocrx_word' id='word_1_337' title='bbox 1203 4315 1455 4378; x_wconf 86' lang='lat' dir='ltr'><strong>valeant</strong></span> <span class='ocrx_word' id='word_1_338' title='bbox 1518 4314 1600 4375; x_wconf 91' lang='lat' dir='ltr'><strong>ab</strong></span> <span class='ocrx_word' id='word_1_339' title='bbox 1668 4315 2038 4377; x_wconf 91' lang='lat' dir='ltr'><strong>hominibus</strong></span> <span class='ocrx_word' id='word_1_340' title='bbox 2107 4317 2408 4379; x_wconf 81' lang='lat' dir='ltr'><strong>aestimari</strong></span> 
     </span>
     <span class='ocr_line' id='line_1_65' title="bbox 913 4412 2411 4494; baseline 0.001 -17"><span class='ocrx_word' id='word_1_341' title='bbox 913 4413 1250 4487; x_wconf 80' lang='lat' dir='ltr'><strong>mansueti,</strong></span> <span class='ocrx_word' id='word_1_342' title='bbox 1298 4413 1609 4494; x_wconf 89' lang='lat' dir='ltr'><strong>patientes</strong></span> <span class='ocrx_word' id='word_1_343' title='bbox 1657 4432 1730 4474; x_wconf 89' lang='lat' dir='ltr'><strong>ac</strong></span> <span class='ocrx_word' id='word_1_344' title='bbox 1780 4412 2074 4475; x_wconf 90' lang='lat' dir='ltr'><strong>humiles.</strong></span> <span class='ocrx_word' id='word_1_345' title='bbox 2123 4414 2270 4487; x_wconf 84' lang='lat' dir='ltr'><strong>Quae</strong></span> <span class='ocrx_word' id='word_1_346' title='bbox 2319 4416 2411 4478; x_wconf 90' lang='lat' dir='ltr'><strong>in-</strong></span> 
     </span>
     <span class='ocr_line' id='line_1_66' title="bbox 913 4510 2411 4593; baseline 0.001 -18"><span class='ocrx_word' id='word_1_347' title='bbox 913 4512 1178 4584; x_wconf 87' lang='lat' dir='ltr'><strong>stitutio,</strong></span> <span class='ocrx_word' id='word_1_348' title='bbox 1222 4511 1352 4573; x_wconf 91' lang='lat' dir='ltr'><strong>imo</strong></span> <span class='ocrx_word' id='word_1_349' title='bbox 1402 4510 1652 4590; x_wconf 87' lang='lat' dir='ltr'><strong>ignavia</strong></span> <span class='ocrx_word' id='word_1_350' title='bbox 1700 4511 1834 4572; x_wconf 88' lang='lat' dir='ltr'><strong>sive</strong></span> <span class='ocrx_word' id='word_1_351' title='bbox 1880 4511 2201 4593; x_wconf 84' lang='lat' dir='ltr'><strong>tepiditaS,</strong></span> <span class='ocrx_word' id='word_1_352' title='bbox 2253 4533 2411 4576; x_wconf 89' lang='lat' dir='ltr'><strong>nun-</strong></span> 
     </span>
     <span class='ocr_line' id='line_1_67' title="bbox 912 4608 2409 4692; baseline 0.001 -19"><span class='ocrx_word' id='word_1_353' title='bbox 912 4631 1104 4692; x_wconf 90' lang='lat' dir='ltr'><strong>quam</strong></span> <span class='ocrx_word' id='word_1_354' title='bbox 1166 4608 1480 4691; x_wconf 88' lang='lat' dir='ltr'><strong>permittit</strong></span> <span class='ocrx_word' id='word_1_355' title='bbox 1536 4609 1614 4670; x_wconf 92' lang='lat' dir='ltr'><strong>ad</strong></span> <span class='ocrx_word' id='word_1_356' title='bbox 1673 4608 2131 4691; x_wconf 89' lang='lat' dir='ltr'><strong>perfectionem</strong></span> <span class='ocrx_word' id='word_1_357' title='bbox 2190 4612 2409 4674; x_wconf 89' lang='lat' dir='ltr'><strong>venire</strong></span> 
     </span>
     <span class='ocr_line' id='line_1_68' title="bbox 909 4704 2411 4789; baseline 0.001 -19"><span class='ocrx_word' id='word_1_358' title='bbox 909 4726 1018 4771; x_wconf 92' lang='lat' dir='ltr'><strong>eos</strong></span> <span class='ocrx_word' id='word_1_359' title='bbox 1056 4725 1216 4789; x_wconf 90' lang='lat' dir='ltr'><strong>quos</strong></span> <span class='ocrx_word' id='word_1_360' title='bbox 1259 4705 1454 4768; x_wconf 90' lang='lat' dir='ltr'><strong>semel</strong></span> <span class='ocrx_word' id='word_1_361' title='bbox 1497 4704 1809 4769; x_wconf 88' lang='lat' dir='ltr'><strong>infecerit.</strong></span> <span class='ocrx_word' id='word_1_362' title='bbox 1845 4708 2086 4789; x_wconf 89' lang='lat' dir='ltr'><strong>Nempe</strong></span> <span class='ocrx_word' id='word_1_363' title='bbox 2118 4708 2238 4771; x_wconf 90' lang='lat' dir='ltr'><strong>hoc</strong></span> <span class='ocrx_word' id='word_1_364' title='bbox 2281 4728 2411 4773; x_wconf 88' lang='lat' dir='ltr'><strong>mo-</strong></span> 
     </span>
     <span class='ocr_line' id='line_1_69' title="bbox 907 4805 2411 4870; baseline 0 0"><span class='ocrx_word' id='word_1_365' title='bbox 907 4808 988 4870; x_wconf 91' lang='lat' dir='ltr'><strong>do</strong></span> <span class='ocrx_word' id='word_1_366' title='bbox 1017 4805 1174 4869; x_wconf 88' lang='lat' dir='ltr'><strong>vitia</strong></span> <span class='ocrx_word' id='word_1_367' title='bbox 1200 4823 1421 4868; x_wconf 90' lang='lat' dir='ltr'><strong>eorum</strong></span> <span class='ocrx_word' id='word_1_368' title='bbox 1454 4822 1581 4867; x_wconf 90' lang='lat' dir='ltr'><strong>non</strong></span> <span class='ocrx_word' id='word_1_369' title='bbox 1611 4805 1820 4867; x_wconf 88' lang='lat' dir='ltr'><strong>solum</strong></span> <span class='ocrx_word' id='word_1_370' title='bbox 1858 4824 1984 4868; x_wconf 91' lang='lat' dir='ltr'><strong>non</strong></span> <span class='ocrx_word' id='word_1_371' title='bbox 2023 4807 2411 4870; x_wconf 89' lang='lat' dir='ltr'><strong>abscindun-</strong></span> 
     </span>
     <span class='ocr_line' id='line_1_70' title="bbox 904 4903 2409 4982; baseline 0 -14"><span class='ocrx_word' id='word_1_372' title='bbox 904 4915 1030 4982; x_wconf 85' lang='lat' dir='ltr'><strong>tur,</strong></span> <span class='ocrx_word' id='word_1_373' title='bbox 1064 4906 1192 4968; x_wconf 91' lang='lat' dir='ltr'><strong>imo</strong></span> <span class='ocrx_word' id='word_1_374' title='bbox 1235 4905 1301 4966; x_wconf 92' lang='lat' dir='ltr'><strong>in</strong></span> <span class='ocrx_word' id='word_1_375' title='bbox 1347 4903 1626 4966; x_wconf 89' lang='lat' dir='ltr'><strong>deterius</strong></span> <span class='ocrx_word' id='word_1_376' title='bbox 1669 4905 2140 4979; x_wconf 89' lang='lat' dir='ltr'><strong>convalescunt,</strong></span> <span class='ocrx_word' id='word_1_377' title='bbox 2174 4906 2329 4968; x_wconf 87' lang='lat' dir='ltr'><strong>dum</strong></span> <span class='ocrx_word' id='word_1_378' title='bbox 2371 4926 2409 4968; x_wconf 87' lang='lat' dir='ltr'><strong>a</strong></span> 
     </span>
     <span class='ocr_line' id='line_1_71' title="bbox 902 5002 2407 5086; baseline -0.001 -17"><span class='ocrx_word' id='word_1_379' title='bbox 902 5005 1162 5069; x_wconf 89' lang='lat' dir='ltr'><strong>nemine</strong></span> <span class='ocrx_word' id='word_1_380' title='bbox 1197 5002 1542 5086; x_wconf 88' lang='lat' dir='ltr'><strong>provocati,</strong></span> <span class='ocrx_word' id='word_1_381' title='bbox 1581 5002 1764 5065; x_wconf 87' lang='lat' dir='ltr'><strong>letale</strong></span> <span class='ocrx_word' id='word_1_382' title='bbox 1795 5003 1972 5065; x_wconf 89' lang='lat' dir='ltr'><strong>virus</strong></span> <span class='ocrx_word' id='word_1_383' title='bbox 2005 5003 2170 5066; x_wconf 88' lang='lat' dir='ltr'><strong>intra</strong></span> <span class='ocrx_word' id='word_1_384' title='bbox 2207 5024 2274 5068; x_wconf 90' lang='lat' dir='ltr'><strong>se</strong></span> <span class='ocrx_word' id='word_1_385' title='bbox 2302 5025 2407 5086; x_wconf 87' lang='lat' dir='ltr'><strong>ge-</strong></span> 
     </span>
     <span class='ocr_line' id='line_1_72' title="bbox 902 5102 2408 5185; baseline -0.001 -17"><span class='ocrx_word' id='word_1_386' title='bbox 902 5113 1072 5180; x_wconf 87' lang='lat' dir='ltr'><strong>runt,</strong></span> <span class='ocrx_word' id='word_1_387' title='bbox 1116 5103 1285 5185; x_wconf 91' lang='lat' dir='ltr'><strong>quod</strong></span> <span class='ocrx_word' id='word_1_388' title='bbox 1332 5110 1569 5185; x_wconf 89' lang='lat' dir='ltr'><strong>quanto</strong></span> <span class='ocrx_word' id='word_1_389' title='bbox 1615 5102 1760 5183; x_wconf 91' lang='lat' dir='ltr'><strong>plus</strong></span> <span class='ocrx_word' id='word_1_390' title='bbox 1811 5103 2189 5176; x_wconf 87' lang='lat' dir='ltr'><strong>occultatur,</strong></span> <span class='ocrx_word' id='word_1_391' title='bbox 2233 5112 2408 5168; x_wconf 89' lang='lat' dir='ltr'><strong>tanto</strong></span> 
     </span>
     <span class='ocr_line' id='line_1_73' title="bbox 905 5200 2410 5287; baseline -0.001 -21"><span class='ocrx_word' id='word_1_392' title='bbox 905 5202 1286 5287; x_wconf 88' lang='lat' dir='ltr'><strong>profundius</strong></span> <span class='ocrx_word' id='word_1_393' title='bbox 1319 5201 1538 5283; x_wconf 88' lang='lat' dir='ltr'><strong>serpit,</strong></span> <span class='ocrx_word' id='word_1_394' title='bbox 1573 5200 2121 5283; x_wconf 88' lang='lat' dir='ltr'><strong>insanabilemque</strong></span> <span class='ocrx_word' id='word_1_395' title='bbox 2154 5201 2410 5284; x_wconf 85' lang='lat' dir='ltr'><strong>languo-</strong></span> 
     </span>
     <span class='ocr_line' id='line_1_74' title="bbox 909 5298 2410 5382; baseline 0 -18"><span class='ocrx_word' id='word_1_396' title='bbox 909 5322 1044 5365; x_wconf 88' lang='lat' dir='ltr'><strong>rem</strong></span> <span class='ocrx_word' id='word_1_397' title='bbox 1083 5309 1342 5382; x_wconf 85' lang='lat' dir='ltr'><strong>generat</strong></span> <span class='ocrx_word' id='word_1_398' title='bbox 1371 5298 1719 5381; x_wconf 81' lang='lat' dir='ltr'><strong>aegrotanti.</strong></span> <span class='ocrx_word' id='word_1_399' title='bbox 1753 5299 1908 5362; x_wconf 89' lang='lat' dir='ltr'><strong>Nam</strong></span> <span class='ocrx_word' id='word_1_400' title='bbox 1951 5308 2211 5382; x_wconf 88' lang='lat' dir='ltr'><strong>propter</strong></span> <span class='ocrx_word' id='word_1_401' title='bbox 2240 5320 2410 5364; x_wconf 85' lang='lat' dir='ltr'><strong>reve·</strong></span> 
     </span>
    </p>
   </div>
   <div class='ocr_carea' id='block_1_27' title="bbox 2515 4316 4032 5382">
    <p class='ocr_par' dir='ltr' id='par_1_30' title="bbox 2515 4316 4032 5382">
     <span class='ocr_line' id='line_1_75' title="bbox 2520 4316 4031 4399; baseline 0.001 -21"><span class='ocrx_word' id='word_1_402' title='bbox 2520 4316 2823 4378; x_wconf 90' lang='lat' dir='ltr'><strong>laudabili</strong></span> <span class='ocrx_word' id='word_1_403' title='bbox 2864 4316 3313 4379; x_wconf 88' lang='lat' dir='ltr'><strong>exercitatione</strong></span> <span class='ocrx_word' id='word_1_404' title='bbox 3351 4324 3414 4379; x_wconf 89' lang='lat' dir='ltr'><strong>et</strong></span> <span class='ocrx_word' id='word_1_405' title='bbox 3452 4335 3665 4399; x_wconf 85' lang='lat' dir='ltr'><strong>pugna</strong></span> <span class='ocrx_word' id='word_1_406' title='bbox 3701 4317 4031 4380; x_wconf 87' lang='lat' dir='ltr'><strong>coenobio-</strong></span> 
     </span>
     <span class='ocr_line' id='line_1_76' title="bbox 2520 4415 4031 4497; baseline 0.003 -22"><span class='ocrx_word' id='word_1_407' title='bbox 2520 4434 2661 4476; x_wconf 89' lang='lat' dir='ltr'><strong>rum</strong></span> <span class='ocrx_word' id='word_1_408' title='bbox 2701 4415 2959 4478; x_wconf 89' lang='lat' dir='ltr'><strong>tendere</strong></span> <span class='ocrx_word' id='word_1_409' title='bbox 3000 4415 3077 4476; x_wconf 91' lang='lat' dir='ltr'><strong>ad</strong></span> <span class='ocrx_word' id='word_1_410' title='bbox 3120 4417 3423 4497; x_wconf 82' lang='lat' dir='ltr'><strong>praeclara</strong></span> <span class='ocrx_word' id='word_1_411' title='bbox 3458 4415 3711 4496; x_wconf 88' lang='lat' dir='ltr'><strong>fastigia</strong></span> <span class='ocrx_word' id='word_1_412' title='bbox 3744 4417 4031 4479; x_wconf 78' lang='lat' dir='ltr'><strong>anacho-</strong></span> 
     </span>
     <span class='ocr_line' id='line_1_77' title="bbox 2521 4513 4032 4596; baseline 0.003 -22"><span class='ocrx_word' id='word_1_413' title='bbox 2521 4513 2731 4576; x_wconf 79' lang='lat' dir='ltr'><strong>reticae</strong></span> <span class='ocrx_word' id='word_1_414' title='bbox 2792 4513 3171 4596; x_wconf 82' lang='lat' dir='ltr'><strong>disciplinae,</strong></span> <span class='ocrx_word' id='word_1_415' title='bbox 3234 4513 3567 4575; x_wconf 91' lang='lat' dir='ltr'><strong>sectamini</strong></span> <span class='ocrx_word' id='word_1_416' title='bbox 3630 4531 3797 4575; x_wconf 90' lang='lat' dir='ltr'><strong>nunc</strong></span> <span class='ocrx_word' id='word_1_417' title='bbox 3874 4533 4032 4578; x_wconf 79' lang='lat' dir='ltr'><strong>vero</strong></span> 
     </span>
     <span class='ocr_line' id='line_1_78' title="bbox 2518 4611 4026 4695; baseline 0.001 -21"><span class='ocrx_word' id='word_1_418' title='bbox 2518 4613 2726 4674; x_wconf 88' lang='lat' dir='ltr'><strong>cordis</strong></span> <span class='ocrx_word' id='word_1_419' title='bbox 2765 4612 3003 4674; x_wconf 88' lang='lat' dir='ltr'><strong>affectu</strong></span> <span class='ocrx_word' id='word_1_420' title='bbox 3047 4612 3475 4675; x_wconf 87' lang='lat' dir='ltr'><strong>humilitatem</strong></span> <span class='ocrx_word' id='word_1_421' title='bbox 3514 4621 3576 4674; x_wconf 91' lang='lat' dir='ltr'><strong>et</strong></span> <span class='ocrx_word' id='word_1_422' title='bbox 3618 4611 4026 4695; x_wconf 88' lang='lat' dir='ltr'><strong>patientiam,</strong></span> 
     </span>
     <span class='ocr_line' id='line_1_79' title="bbox 2518 4711 4026 4793; baseline 0.003 -21"><span class='ocrx_word' id='word_1_423' title='bbox 2518 4731 2674 4793; x_wconf 89' lang='lat' dir='ltr'><strong>quas</strong></span> <span class='ocrx_word' id='word_1_424' title='bbox 2706 4729 2832 4774; x_wconf 91' lang='lat' dir='ltr'><strong>non</strong></span> <span class='ocrx_word' id='word_1_425' title='bbox 2862 4711 3085 4774; x_wconf 90' lang='lat' dir='ltr'><strong>dubito</strong></span> <span class='ocrx_word' id='word_1_426' title='bbox 3112 4729 3224 4774; x_wconf 88' lang='lat' dir='ltr'><strong>vos</strong></span> <span class='ocrx_word' id='word_1_427' title='bbox 3256 4711 3323 4773; x_wconf 90' lang='lat' dir='ltr'><strong>in</strong></span> <span class='ocrx_word' id='word_1_428' title='bbox 3354 4711 3648 4775; x_wconf 89' lang='lat' dir='ltr'><strong>coenobio</strong></span> <span class='ocrx_word' id='word_1_429' title='bbox 3675 4711 4026 4777; x_wconf 84' lang='lat' dir='ltr'><strong>didicisse:</strong></span> 
     </span>
     <span class='ocr_line' id='line_1_80' title="bbox 2518 4809 4028 4891; baseline 0.002 -20"><span class='ocrx_word' id='word_1_430' title='bbox 2518 4827 2643 4871; x_wconf 90' lang='lat' dir='ltr'><strong>non</strong></span> <span class='ocrx_word' id='word_1_431' title='bbox 2685 4809 3001 4890; x_wconf 87' lang='lat' dir='ltr'><strong>fingentes</strong></span> <span class='ocrx_word' id='word_1_432' title='bbox 3034 4829 3139 4872; x_wconf 88' lang='lat' dir='ltr'><strong>eas</strong></span> <span class='ocrx_word' id='word_1_433' title='bbox 3178 4809 3339 4873; x_wconf 87' lang='lat' dir='ltr'><strong>falsa</strong></span> <span class='ocrx_word' id='word_1_434' title='bbox 3374 4809 3851 4891; x_wconf 83' lang='lat' dir='ltr'><strong>significatione</strong></span> <span class='ocrx_word' id='word_1_435' title='bbox 3882 4831 4028 4874; x_wconf 80' lang='lat' dir='ltr'><strong>ver-</strong></span> 
     </span>
     <span class='ocr_line' id='line_1_81' title="bbox 2518 4906 4025 4991; baseline 0.003 -23"><span class='ocrx_word' id='word_1_436' title='bbox 2518 4907 2768 4980; x_wconf 89' lang='lat' dir='ltr'><strong>borum,</strong></span> <span class='ocrx_word' id='word_1_437' title='bbox 2811 4926 2929 4969; x_wconf 89' lang='lat' dir='ltr'><strong>nec</strong></span> <span class='ocrx_word' id='word_1_438' title='bbox 2972 4907 3269 4970; x_wconf 86' lang='lat' dir='ltr'><strong>affectata</strong></span> <span class='ocrx_word' id='word_1_439' title='bbox 3311 4915 3501 4991; x_wconf 89' lang='lat' dir='ltr'><strong>atque</strong></span> <span class='ocrx_word' id='word_1_440' title='bbox 3546 4906 3883 4990; x_wconf 88' lang='lat' dir='ltr'><strong>superflua</strong></span> <span class='ocrx_word' id='word_1_441' title='bbox 3927 4909 4025 4973; x_wconf 90' lang='lat' dir='ltr'><strong>in-</strong></span> 
     </span>
     <span class='ocr_line' id='line_1_82' title="bbox 2517 5005 4020 5089; baseline 0.003 -23"><span class='ocrx_word' id='word_1_442' title='bbox 2517 5005 2857 5067; x_wconf 88' lang='lat' dir='ltr'><strong>clinatione</strong></span> <span class='ocrx_word' id='word_1_443' title='bbox 2897 5005 2965 5066; x_wconf 90' lang='lat' dir='ltr'><strong>in</strong></span> <span class='ocrx_word' id='word_1_444' title='bbox 3000 5005 3384 5086; x_wconf 79' lang='lat' dir='ltr'><strong>quibusdam</strong></span> <span class='ocrx_word' id='word_1_445' title='bbox 3423 5005 3663 5068; x_wconf 86' lang='lat' dir='ltr'><strong>officiis</strong></span> <span class='ocrx_word' id='word_1_446' title='bbox 3702 5009 4020 5089; x_wconf 69' lang='lat' dir='ltr'><strong>corporis</strong></span> 
     </span>
     <span class='ocr_line' id='line_1_83' title="bbox 2516 5103 4027 5186; baseline 0.004 -22"><span class='ocrx_word' id='word_1_447' title='bbox 2516 5103 2691 5176; x_wconf 87' lang='lat' dir='ltr'><strong>Quod</strong></span> <span class='ocrx_word' id='word_1_448' title='bbox 2740 5104 3119 5166; x_wconf 87' lang='lat' dir='ltr'><strong>humilitatis</strong></span> <span class='ocrx_word' id='word_1_449' title='bbox 3169 5103 3550 5186; x_wconf 84' lang='lat' dir='ltr'><strong>figmentum</strong></span> <span class='ocrx_word' id='word_1_450' title='bbox 3598 5104 3791 5167; x_wconf 84' lang='lat' dir='ltr'><strong>abbas</strong></span> <span class='ocrx_word' id='word_1_451' title='bbox 3842 5107 4027 5170; x_wconf 88' lang='lat' dir='ltr'><strong>Sera-</strong></span> 
     </span>
     <span class='ocr_line' id='line_1_84' title="bbox 2518 5202 4025 5285; baseline 0.003 -21"><span class='ocrx_word' id='word_1_452' title='bbox 2518 5202 2667 5284; x_wconf 91' lang='lat' dir='ltr'><strong>pion</strong></span> <span class='ocrx_word' id='word_1_453' title='bbox 2694 5204 3011 5284; x_wconf 90' lang='lat' dir='ltr'><strong>quondam</strong></span> <span class='ocrx_word' id='word_1_454' title='bbox 3042 5204 3362 5285; x_wconf 86' lang='lat' dir='ltr'><strong>eleganter</strong></span> <span class='ocrx_word' id='word_1_455' title='bbox 3390 5204 3601 5266; x_wconf 86' lang='lat' dir='ltr'><strong>irrisit.</strong></span> <span class='ocrx_word' id='word_1_456' title='bbox 3614 5204 3819 5278; x_wconf 90' lang='lat' dir='ltr'><strong>Quum</strong></span> <span class='ocrx_word' id='word_1_457' title='bbox 3844 5207 4025 5268; x_wconf 86' lang='lat' dir='ltr'><strong>enim</strong></span> 
     </span>
     <span class='ocr_line' id='line_1_85' title="bbox 2515 5301 4027 5382; baseline 0.005 -20"><span class='ocrx_word' id='word_1_458' title='bbox 2515 5301 2775 5382; x_wconf 91' lang='lat' dir='ltr'><strong>quidam</strong></span> <span class='ocrx_word' id='word_1_459' title='bbox 2808 5302 3088 5365; x_wconf 88' lang='lat' dir='ltr'><strong>venisset</strong></span> <span class='ocrx_word' id='word_1_460' title='bbox 3114 5302 3192 5364; x_wconf 93' lang='lat' dir='ltr'><strong>ad</strong></span> <span class='ocrx_word' id='word_1_461' title='bbox 3224 5321 3395 5376; x_wconf 89' lang='lat' dir='ltr'><strong>eum,</strong></span> <span class='ocrx_word' id='word_1_462' title='bbox 3427 5303 3768 5366; x_wconf 88' lang='lat' dir='ltr'><strong>ostendens</strong></span> <span class='ocrx_word' id='word_1_463' title='bbox 3798 5306 4027 5370; x_wconf 86' lang='lat' dir='ltr'><strong>verbis</strong></span> 
     </span>
    </p>
   </div>
   <div class='ocr_carea' id='block_1_28' title="bbox 4289 4795 4294 6224">
    <p class='ocr_par' dir='ltr' id='par_1_31' title="bbox 4289 4795 4294 6224">
     <span class='ocr_line' id='line_1_86' title="bbox 4289 4795 4294 6224; baseline 0 0"><span class='ocrx_word' id='word_1_464' title='bbox 4289 4795 4294 6224; x_wconf 95' lang='lat' dir='ltr'><strong> </strong></span> 
     </span>
    </p>
   </div>
  </div>
 </body>
</html>
