4359 6267
843 472 964 537 488

917 659 1098 733 possit
1125 660 1238 716 nisi
1279 658 1542 717 nuditate
1621 702 2195 716 .......

844 750 1176 823 Capitulum
1205 750 1365 805 XXV.
1400 751 1478 807 De
1514 750 1675 807 exitu
1705 749 1964 815 Ananioe,
1997 748 2199 821 Saphi-

917 856 1015 905 rae,
1040 856 1110 896 ac
1147 840 1311 895 Judae
1343 882 2195 895 ..........

845 928 1176 1000 Capitulum
1220 929 1404 985 XXVI.
1434 929 1789 985 Testimonia
1825 930 1896 985 de
1943 928 2201 999 Scriptu-

915 1018 1015 1081 ris,
1035 1017 1248 1090 quibus
1270 1016 1682 1089 perfectionem
1705 1017 2046 1074 desiderans
2071 1017 2203 1073 edo·

921 1110 1083 1163 cetur
1113 1122 1228 1162 non
1260 1123 1554 1164 resumere
1585 1107 1740 1179 quod
1782 1106 2018 1178 reliquit

847 1196 1176 1268 Capitulum
1235 1196 1443 1251 XXVII.
1495 1196 1659 1261 Quod
1713 1194 1958 1251 victoria
2002 1197 2206 1250 contra

920 1284 1224 1341 avaritiam
1273 1284 1521 1341 obtineri
1561 1300 1679 1340 non
1721 1283 1918 1356 possit,
1951 1282 2060 1339 nisi
2101 1298 2207 1355 per

920 1373 1246 1431 nuditatem
1252 1416 2200 1429 ...........

847 1550 1037 1613 Lmen
1066 1568 1353 1615 oca-Avus.
1391 1552 1476 1613 De
1507 1552 1738 1633 spiritu
1771 1550 1878 1614 irae
1910 1604 1921 1615 .

849 1730 1180 1803 Capitulum
1213 1732 1254 1786 1.
1287 1732 1451 1796 Quod
1492 1733 1767 1802 quartum
1809 1732 2104 1787 certamen
2133 1728 2209 1785 sit

921 1820 1090 1877 nobis
1129 1824 1331 1876 contra
1368 1819 1537 1885 iram,
1567 1823 1624 1877 et
1653 1821 1872 1893 quanta
1911 1818 2068 1875 mala
2108 1835 2203 1891 ge-

925 1913 1086 1967 neret
1109 1901 1310 1983 'passio
1347 1908 1458 1965 ista
1535 1952 2203 1965 ........

851 1999 1180 2071 Capitulum
1213 2000 1278 2055 11.
1313 1999 1391 2055 De
1421 1998 1491 2054 iis
1522 1998 1620 2071 qui
1661 1998 1866 2055 dicunt
1901 1997 2052 2054 iram
2091 2013 2208 2053 non

921 2105 1045 2146 esse
1089 2088 1354 2145 nocivam
1395 2104 1497 2145 seu
1534 2088 1904 2160 culpabilem,
1937 2086 1987 2143 si
2024 2086 2211 2143 delin-

925 2178 1238 2253 quentibus
1277 2177 1620 2242 irascamur,
1661 2192 1728 2233 eo
1770 2177 1925 2249 quod
1965 2179 2022 2233 et
2061 2176 2212 2232 Deus

923 2270 1154 2326 dicatur
1199 2266 1372 2323 irasci
1451 2308 2208 2322 .........

853 2357 1184 2430 Capitulum
1219 2355 1308 2410 III.
1343 2354 1420 2412 De
1450 2353 1540 2409 his
1570 2370 1700 2425 quae
1731 2355 1844 2409 Deo
1882 2352 2213 2409 attribuun-

923 2450 1022 2503 tur
1043 2461 1112 2502 ex
1145 2442 1564 2500 consuetudine
1595 2444 1808 2499 nostrae
1846 2445 2071 2498 naturoe
2101 2485 2112 2497 .
2195 2486 2207 2497 .

855 2536 1187 2610 Capitulum
1219 2534 1306 2589 IV.
1341 2532 1598 2598 Qualiter
1626 2532 1997 2589 sentiendum
2037 2530 2112 2586 sit
2139 2533 2212 2588 de

926 2624 1210 2683 membris
1269 2622 1684 2693 affectibusque
1745 2619 2022 2677 humanis
2081 2637 2213 2693 quae

928 2712 1287 2771 immutabili
1342 2714 1400 2768 et
1445 2711 1785 2783 incorporeo
1834 2710 1949 2766 Deo
1995 2709 2214 2765 adscri-

930 2808 1150 2863 buntur
1171 2843 2209 2859 ............

857 2894 1188 2967 Capitulum
1209 2892 1273 2947 V.
1297 2892 1482 2957 Quam
1511 2889 1808 2962 placidum
1837 2905 1907 2945 ac
1933 2887 2215 2960 tranquil-

929 2984 1054 3040 lum
1087 2980 1393 3038 conveniat
1419 2996 1543 3037 esse
1573 2978 1929 3035 monachum
2009 3022 2019 3033 .
2103 3022 2114 3033 .
2198 3022 2210 3033 .

858 3071 1190 3146 Capitulum
1229 3070 1319 3125 VI.
1361 3070 1439 3125 De
1469 3068 1632 3141 justa
1668 3067 1778 3149 vel·
1801 3067 2018 3141 injusta
2057 3081 2217 3122 com-

934 3161 1191 3217 motione
1218 3156 1538 3215 iracundioe
1544 3199 2211 3212 ........

861 3249 1192 3322 Capitulum
1234 3246 1346 3301 VII.
1391 3248 1454 3301 In
1493 3262 1609 3317 quo
1647 3245 1736 3301 ira
1773 3245 1847 3300 sit
1885 3244 2052 3300 nobis
2094 3246 2220 3299 tan-

931 3337 1240 3394 tummodo
1275 3334 1603 3392 necessaria
1643 3377 2214 3391 .......

861 3427 1192 3501 Capitulum
1222 3425 1363 3480 VIII.
1392 3424 1614 3490 Quibus
1642 3425 1793 3481 beati
1824 3424 2001 3481 David
2030 3440 2223 3482 exem-

936 3516 1046 3590 plis
1076 3516 1164 3571 ira
1191 3513 1501 3570 salubriter
1527 3516 1863 3570 assumatur
1920 3558 1930 3569 .
2014 3558 2024 3569 .
2108 3558 2118 3569 .
2202 3556 2213 3568 .

865 3606 1197 3681 Capitulum
1231 3605 1317 3660 IX.
1351 3604 1430 3659 De
1459 3602 1548 3658 ira
1575 3606 1777 3659 contra
1806 3620 1912 3659 nos
1940 3602 2096 3675 ipsos
2124 3619 2219 3658 as-

940 3696 1231 3756 sumenda
1276 3736 2216 3750 ...........

867 3786 1198 3861 Capitulum
1236 3786 1298 3840 X.
1331 3785 1410 3841 De
1448 3799 1563 3856 quo
1600 3782 1719 3840 sole
1757 3781 2001 3849 dicatur,
2033 3785 2099 3840 ut
2135 3780 2221 3837 sol

942 3893 1059 3933 non
1089 3872 1315 3931 occidat
1343 3888 1518 3945 super
1546 3872 1908 3928 iracundiam
1945 3874 2215 3927 nostram.

868 3965 1198 4040 Capitulum
1239 3964 1326 4018 XI.
1359 3963 1438 4018 De
1484 3962 1555 4017 iis
1602 3976 1851 4034 quorum
1902 3960 2223 4017 iracundiae

943 4072 1049 4113 nec
1079 4053 1216 4110 solis
1245 4067 1484 4108 occasus
1511 4051 1755 4106 modum
1786 4049 2038 4121 imponit
2113 4094 2123 4105 .

866 4145 1198 4220 Capitulum
1237 4141 1352 4197 XII.
1386 4140 1494 4206 Qui
1536 4139 1684 4195 Iram
1733 4155 1900 4195 suam
1945 4138 2221 4195 dissimu-

938 4236 1080 4301 lant,
1113 4249 1230 4289 non
1275 4247 1444 4288 secus
1489 4231 1730 4302 peccant
1777 4244 1955 4299 quam
1999 4227 2046 4283 si
2091 4244 2221 4285 eam

939 4325 1249 4399 proderent
1272 4360 2219 4378 ...........

869 4414 1198 4487 Capitulum
1238 4412 1380 4468 XIII.
1414 4410 1578 4476 Quod
1619 4424 1735 4464 non
1776 4406 1947 4463 liceat
1984 4409 2058 4463 ad
2099 4424 2224 4462 mo-

945 4506 1210 4562 mentum
1241 4501 1392 4558 iram
1419 4503 1616 4557 tenere
1649 4540 2220 4554 .......

869 4593 1202 4667 Capitulum
1255 4592 1390 4646 XIV.
1449 4590 1527 4646 De
1584 4585 2056 4655 reconciliatione
2111 4586 2225 4643 fra-

871 4688 1202 4841 Catsiltffilum
1251 4765 1360 4820 XV.
1413 4763 1579 4829 Quod
1626 4765 1683 4818 et
1727 4765 1890 4818 vetus
1936 4761 2028 4818 Iex
2074 4760 2225 4817 iram

942 4854 1310 4931 prohibuerit
1357 4868 1474 4908 non
1523 4851 1714 4906 solum
1761 4851 1832 4906 ab
1886 4866 2075 4922 opere,
2125 4851 2227 4907 sed

943 4947 1122 5004 etiam
1151 4962 1186 5001 a
1224 4941 1572 5015 cogitatione
1649 4982 2220 4997 .......

871 5036 1202 5111 Capitulum
1251 5032 1388 5088 XVI.
1434 5031 1512 5087 De
1559 5028 1858 5102 superflua
1903 5028 2227 5087 recessione

943 5125 1111 5183 locali
1143 5136 1346 5181 eorum
1376 5119 1476 5192 qui
1519 5136 1555 5175 a
1592 5117 1786 5191 pravis
1816 5118 2080 5174 moribus
2107 5133 2228 5173 non

943 5216 1226 5275 recedunt
1281 5249 2227 5268 ...........

873 5306 1206 5384 Capitulum
1234 5300 1399 5359 xvn.
1421 5300 1588 5367 Quod
1615 5296 2009 5372 tranquillitas
2037 5297 2231 5353 cordis

2273 838 2345 892 86

2094 1106 2349 1161 ..87

2277 1374 2349 1428 87

2191 1603 2203 1615 .
2280 1560 2350 1614 88

2292 3692 2359 3747 91

2292 3870 2359 3925 91

2206 4050 2361 4106 ‚91

2295 4676 2367 4731 92

2300 4939 2371 4995 93

2302 5207 2373 5263 93

2115 490 2301 537 INDEX
2343 490 2679 538 omnus

2526 659 2709 716 nostri
2738 659 3053 718 consistere
3082 662 3291 719 debeat
3318 677 3436 718 non
3461 660 3522 717 iu
3551 660 3803 717 aliorum

2523 750 2783 815 arbitrio,
2816 750 3009 808 sedin
3041 754 3241 809 nostra
3270 754 3547 824 potestate
3606 794 3621 807 .
3700 795 3713 806 .

2452 839 2781 911 Capitulum
2829 840 3019 897 XVIII.
3072 843 3197 907 Quo
3248 841 3442 898 studio
3494 841 3810 897 debeamus

2522 944 2787 986 cremum
2836 929 3098 994 introire,
3130 934 3187 988 et
3224 930 3415 1003 qualis
3452 930 3527 985 sit
3565 929 3643 985 ibi
3685 944 3815 1001 pro-

2524 1016 2705 1074 sectus

2456 1106 2787 1179 Capitulum
2836 1110 2973 1166 XIX.
3024 1108 3234 1175 Quales
3288 1109 3405 1164 sint
3462 1107 3811 1173 aestimandi,

2530 1196 2628 1267 qui
2658 1199 2800 1253 tunc
2827 1201 3057 1255 tantum
3098 1201 3235 1255 sunt
3264 1198 3546 1270 patientes
3575 1197 3810 1270 quando

2529 1300 2564 1339 a
2598 1286 2832 1343 nemine
2870 1290 3257 1358 provocantur

2458 1373 2791 1445 Capitulum
2830 1376 2941 1431 XX.
2985 1377 3063 1432 De
3108 1377 3473 1449 amputanda
3516 1376 3605 1432 ira
3640 1376 3813 1449 juxta

2528 1464 2905 1536 Evangelium
2958 1506 3807 1522 ..........

2459 1552 2789 1624 Capitulum
2822 1554 2960 1610 XXI.
2996 1556 3071 1611 De
3110 1572 3176 1612 eo
3210 1556 3368 1627 quod
3406 1555 3467 1611 in
3506 1553 3815 1627 Evangelio

2492 1658 2503 1667 ·
2530 1642 2812 1713 scriptum
2834 1646 2945 1700 est:
2961 1644 3070 1709 Qui
3090 1643 3363 1700 irascitur
3381 1644 3545 1701 fratri
3566 1660 3690 1709 suo,
3704 1645 3812 1700 etc.

2459 1731 2791 1803 Capitulum
2830 1734 2995 1788 XXII.
3037 1734 3242 1790 Utrum
3292 1733 3692 1806 recipiendum
3741 1731 3817 1788 sit

2532 1821 2687 1892 quod
2717 1822 3012 1895 adJectum
3044 1826 3131 1879 est
3161 1840 3173 1878 :
3206 1822 3341 1879 Sine
3372 1839 3547 1879 causa
3614 1866 3625 1877 .
3704 1866 3716 1878 .

2460 1909 2791 1981 Capitulum
2840 1910 3029 1967 XXIII.
3080 1911 3358 1968 Remedia
3406 1911 3619 1983 quibus
3665 1910 3813 1967 iram

2531 1998 2827 2055 eradicare
2857 2000 2928 2057 de
2957 2000 3229 2056 cordibus
3260 2000 3473 2057 nostris
3502 2000 3813 2073 possimus.

2460 2181 2649 2244 Lissa
2676 2198 2893 2245 nortus.
2929 2182 3014 2244 De
3046 2181 3271 2263 spiritu
3304 2181 3576 2243 tristitia*
3616 2231 3629 2243 .
3708 2232 3721 2243 .
3801 2231 3814 2243 .

2463 2360 2793 2432 Capitulum
2824 2361 2866 2415 I.
2899 2361 3063 2426 Quod
3102 2359 3376 2432 quintum
3416 2362 3708 2415 certamen
3746 2358 3822 2413 sit

2536 2452 2737 2507 contra
2784 2449 3056 2522 spiritum
3094 2448 3363 2514 tristitiae,
3396 2452 3454 2505 et
3490 2462 3621 2519 quoe
3667 2447 3820 2502 bona

2535 2556 2638 2612 per
2664 2555 2793 2596 eam
2825 2537 3166 2595 auferantur
3194 2539 3265 2594 ab
3294 2537 3497 2594 anima
3522 2579 3533 2592 .
3613 2581 3625 2592 .
3706 2580 3718 2591 .
3798 2582 3811 2592 .

2464 2627 2794 2700 Capitulum
2836 2627 2901 2682 11.
2931 2629 3057 2693 Qua
3102 2626 3327 2683 cautela
3366 2626 3607 2682 morbus
3647 2625 3824 2681 tristi-

2536 2711 2635 2767 tioe
2664 2710 2739 2766 sit
2768 2712 3075 2767 curandus.

2466 2800 2797 2872 Capitulum
2835 2799 2925 2855 III.
2958 2801 3146 2865 Quam
3186 2798 3685 2871 comparationem
3725 2799 3825 2856 ha-

2542 2891 2673 2947 beat
2708 2888 2911 2946 anima
2949 2905 3079 2960 quae
3117 2887 3368 2944 tristitiae
3408 2888 3700 2947 morsibus
3728 2894 3826 2948 de-

2537 2982 2775 3035 voratur
2779 3021 3815 3038 ............

2468 3066 2799 3139 Capitulum
2832 3069 2919 3123 IV.
2952 3068 3115 3125 Unde
3153 3070 3211 3124 et
3246 3066 3459 3140 quibus
3498 3068 3691 3125 modis
3722 3070 3829 3126 tri-

2540 3157 2697 3214 stitia
2729 3160 3037 3230 generetur
3060 3200 3819 3217 .........

2468 3245 2799 3318 Capitulum
2837 3246 2902 3300 V.
2945 3246 3109 3312 Quod
3150 3246 3573 3304 commotiones
3610 3251 3667 3305 et
3704 3266 3828 3320 pas-

2540 3334 2731 3391 siones
2768 3335 3096 3392 excitentur
3132 3334 3191 3390 in
3232 3334 3400 3390 nobis
3436 3335 3574 3392 vitio
3608 3340 3823 3404 nostro,

2542 3440 2658 3479 non
2688 3423 2973 3489 aliorum;
3004 3427 3061 3480 et
3089 3424 3245 3495 quod
3284 3424 3482 3480 nullus
3522 3426 3824 3497 repentino

2542 3515 2775 3569 corruat
2830 3512 3015 3584 lapsu,
3065 3513 3164 3568 sed
3214 3512 3498 3584 paulatim
3556 3530 3659 3585 per
3703 3513 3829 3570 lon-

2543 3618 2678 3674 gam
2710 3600 2997 3658 incuriam
3035 3604 3231 3673 pereat
3253 3643 3824 3661 .......

2472 3690 2802 3763 Capitulum
2842 3691 2930 3745 Vl.
2972 3692 3139 3756 Quod
3177 3707 3293 3746 non
3344 3690 3462 3747 sint
3507 3693 3829 3751 deserenda

2544 3778 2791 3836 fratrum
2823 3777 3129 3845 consortia,
3164 3781 3227 3836 ut
3266 3778 3539 3851 perfectio
3568 3782 3831 3854 acquira—

2544 3873 2656 3934 tur,
2690 3869 2789 3925 sed
2820 3867 3099 3941 patientia
3119 3868 3342 3941 jugiter
3368 3870 3685 3928 excolenda
3718 3916 3731 3927 .
3812 3916 3825 3929 .

2472 3957 2804 4031 Capitulum
2852 3958 2968 4011 VII.
3018 3958 3097 4014 De
3143 3956 3258 4013 alio
3306 3974 3515 4029 genere
3560 3960 3829 4027 tristitias,

2545 4047 2699 4119 quod
2739 4044 3203 4118 desperationem
3242 4046 3447 4103 salutis
3488 4047 3733 4105 inducit.

2474 4135 2805 4209 Capitulum
2849 4134 2991 4189 VIII.
3034 4133 3292 4199 Qualiter
3336 4134 3573 4191 tristitia
3618 4136 3834 4195 discer-

2548 4228 2737 4289 natur,
2771 4227 2828 4280 et
2865 4239 2997 4295 quae
3034 4221 3108 4277 sit
3144 4222 3381 4279 tristitia
3419 4223 3706 4282 diabolica
3748 4229 3833 4283 at-

2546 4331 2657 4386 que
2688 4311 2989 4369 mortifera
3066 4354 3823 4373 .........

2474 4403 2805 4476 Capitulum
2836 4403 2923 4457 IX.
2957 4402 3123 4467 Quod
3162 4401 3355 4458 omnis
3389 4402 3625 4460 tristitia
3653 4406 3835 4477 repel-

2546 4493 2722 4551 lenda
2770 4490 2846 4547 sit
2889 4494 3171 4563 tanquam
3224 4491 3419 4558 noxia,
3468 4495 3686 4566 absque
3732 4494 3833 4551 illa

2548 4581 2787 4639 salutari
2828 4579 3085 4647 tristitia,
3128 4597 3257 4653 quae
3290 4581 3480 4639 tribus
3518 4584 3711 4640 modis
3738 4602 3835 4658 ge-

2550 4674 2807 4729 neratur.
2846 4672 2861 4677 ’
2888 4714 3832 4731 ...........

2478 4761 2809 4834 Capitulum
2839 4761 2903 4816 X.
2936 4760 3215 4818 Remedia
3244 4764 3446 4818 contra
3477 4762 3777 4820 tristitiam
3820 4807 3835 4821 .

2479 4939 2669 5003 Lmen
2697 4954 2976 5003 bacmos.
3002 4940 3087 5002 De
3116 4938 3347 5021 spiritu
3378 4940 3645 5006 acediae.
3728 4994 3739 5007 .
3822 4995 3835 5008 .

2480 5116 2811 5191 Capitulum
2852 5117 2893 5171 1.
2936 5117 3101 5182 Quod
3138 5120 3368 5174 sextum
3419 5120 3713 5175 certamen
3766 5120 3841 5177 sit

2551 5210 2753 5262 contra
2790 5204 3063 5278 spiritum
3100 5205 3347 5272 acedioe;
3380 5210 3438 5264 et
3475 5208 3546 5264 de
3582 5208 3709 5281 ejus
3738 5226 3843 5268 na-

2552 5298 2687 5353 tura
2699 5338 3829 5357 .............

3880 748 3953 805 93

3883 1018 3956 1072 93

3884 1286 3957 1341 93

3884 1463 3961 1519 94

3887 1642 3962 1697 94

3800 1865 3811 1877 .
3888 1822 3964 1877 95

3889 2001 3965 2055 95

3902 3607 3977 3663 97

3812 4094 3825 4107 .
3900 4052 3979 4107 97

3906 4677 3988 4823 88

3902 5302 3985 5359 99
