4359 6267
646 1272 728 1316 1³0.
744 1286 826 1324 cm,
845 1274 910 1316 15.

943 473 1064 540 310

1626 491 2048 540 COLLATIONUM
2089 493 2175 538 SS.
2212 491 2456 537 PATRUM
2498 491 2673 537 LIBER
2716 493 2777 538 11.
2822 511 2905 521 -
2944 491 3231 541 contulo
3270 495 3376 542 xlv

940 663 1171 727 animae
1214 671 1426 728 autem
1471 663 1680 746 egenti
1729 664 1922 726 etiam
1969 681 2184 726 amara
2232 661 2444 724 dulcia
2475 659 2525 723 A
2556 661 2677 722 erit
2713 661 2979 726 idoneus
3017 664 3094 726 ad
3134 665 3539 726 docendum?
3570 665 3657 727 De
3695 664 3940 747 quibus
3972 672 4054 726 ta-

939 762 1257 826 videntur.

1022 862 1087 923 Si
1138 862 1351 944 itaque
1395 862 1732 944 diligenter
1775 863 1910 925 haec
1959 861 2350 944 exsequariS,
2382 869 2445 923 et

942 979 1120 1022 sacra
1177 959 1430 1042 eloquia
1479 958 1719 1022 fuerint
1779 960 1843 1022 in
1894 960 2155 1022 secretis
2214 959 2443 1022 animae

943 1065 1065 1121 tuae
1113 1059 1439 1121 recondita
1488 1077 1561 1120 ac
1611 1059 1824 1121 debita
1879 1058 2309 1120 taciturnitate
2359 1059 2441 1120 si-

941 1163 1148 1236 gnata,
1184 1163 1401 1238 postea
1441 1164 1742 1237 tanquam
1784 1157 1930 1218 vina
1973 1157 2253 1219 suaviter
2293 1157 2442 1219 odo-

940 1255 1144 1317 rantia
1173 1262 1362 1337 atque
1392 1272 1502 1317 cor
1531 1254 1808 1317 hominis
1837 1255 2277 1329 exhilarantia,
2304 1273 2443 1336 pro-

940 1352 1227 1416 ferentur
1265 1354 1342 1415 de
1387 1373 1535 1416 vase
1580 1355 1854 1436 pectoris
1895 1354 1986 1415 tui
2031 1373 2178 1415 curn
2218 1353 2439 1435 grandi

939 1450 1282 1534 fragrantia
1332 1453 1455 1527 sui,
1490 1471 1688 1534 quum
1734 1453 1992 1515 decocta
2035 1451 2275 1514 fuerint
2317 1453 2439 1515 vir-

940 1558 1074 1612 tute
1105 1550 1427 1633 patientiae
1459 1570 1892 1632 sensuumque
1923 1552 2187 1631 canitie3
2220 1559 2284 1613 et
2313 1560 2443 1613 tan-

847 1669 860 1684 ·
939 1668 1132 1732 quam
1173 1649 1314 1712 fons
1356 1650 1653 1732 perennis
1693 1650 2139 1712 redundabunt
2181 1651 2441 1732 irriguis

647 2213 712 2260 15,
759 2180 834 2260 16..

639 2273 765 2328 iuxta
779 2271 898 2316 Lxx.

940 1748 1252 1809 virtutum
1298 1748 1614 1810 meatibus
1656 1749 1733 1810 de
1781 1748 2190 1830 experientiae
2233 1749 2436 1822 veniS,

2558 778 2703 822 men
2749 761 2803 823 si
2847 761 3079 844 aliquis
3122 763 3349 826 docere
3394 763 3901 845 praesumpserit,
3932 781 4053 824 ser·

2556 877 2661 920 mo
2700 860 2841 940 ejus
2890 861 3111 942 procul
3153 861 3351 924 dubio
3392 861 3695 925 inefficax
3734 871 3929 944 atque
3965 863 4051 924 in-

2555 957 2729 1020 utilis
2760 958 2902 1031 erit,
2936 967 2997 1021 et
3028 960 3104 1021 ad
3146 960 3543 1023 audientium
3584 979 3773 1022 aures
3810 968 4049 1022 tantum

2552 1057 2903 1137 perveniet,
2929 1077 3038 1120 cor
3066 1066 3279 1121 autem
3310 1077 3531 1122 eorum
3562 1066 3899 1141 penetrare
3928 1077 4045 1120 non

2553 1154 2805 1234 poterit,
2842 1163 3059 1238 utpote
3100 1157 3387 1238 proditus
3428 1157 3656 1219 inertia
3692 1176 3963 1238 operum
3990 1166 4047 1218 et

2552 1253 3063 1316 infructuositate
3096 1257 3369 1338 propriae
3400 1256 3698 1318 vanitatis
3725 1273 3739 1317 :
3771 1256 3923 1337 quia
3949 1256 4051 1318 do-

2554 1351 2758 1413 ctrina
2786 1371 2900 1414 sua
2930 1370 3055 1415 non
3086 1352 3353 1435 profluit
3381 1355 3459 1416 de
3490 1355 3789 1416 thesauro
3820 1354 4051 1416 consci-

2552 1449 2740 1512 entiae
2784 1449 2987 1522 bonae,
3022 1452 3131 1513 sed
3177 1453 3253 1514 de
3299 1453 3799 1534 praesumptione
3843 1453 4045 1515 inanis

2548 1546 2885 1627 jactantiae.
2912 1549 3312 1630 Impossibile
3344 1568 3618 1630 namque
3650 1558 3747 1612 est
3778 1551 4048 1613 immun·

2551 1646 2697 1707 dam
2746 1646 3026 1708 animam
3084 1648 3353 1730 adipisci
3402 1648 3803 1730 spiritualem
3850 1650 4047 1711 scien-

2554 1745 2728 1819 tiam,
2770 1753 3360 1828 quantumcumque
3406 1766 3634 1828 magna
3676 1747 3918 1810 laboret
3962 1747 4045 1809 le-

941 1845 1370 1928 continuaque
1429 1844 1765 1908 effundent
1819 1845 2062 1908 fluenta
2119 1847 2301 1928 quasi
2361 1848 2437 1910 de
2475 1843 2783 1909 Bet-ionis
2853 1845 3171 1906 instantia.
3246 1845 3445 1908 Nemo
3514 1846 3689 1908 enim
3768 1845 4042 1908 infundit

941 1943 1212 2025 quadam
1245 1942 1472 2026 abysso
1504 1943 1742 2025 ingenii
1777 1945 1886 2006 tui.
1924 1945 2000 2006 Et
2030 1945 2117 2007 ita
2149 1945 2441 2028 implebi-

943 2049 1046 2103 tur
1079 2043 1142 2104 in
1175 2050 1234 2104 te
1276 2043 1445 2124 quod
1480 2043 1546 2105 in
1586 2043 1942 2106 Proverbiis
1973 2044 2209 2106 dicitur
2238 2045 2295 2107 ei
2327 2045 2439 2127 qui

741 2161 818 2190 rot·
865 2162 906 2200 v.
941 2140 1075 2203 haec
1125 2158 1316 2223 opere
1365 2142 1832 2203 consummavit
1867 2159 1881 2203 :
1916 2141 2068 2204 Bibe
2115 2162 2311 2223 aquas
2361 2143 2438 2205 de

939 2239 1107 2301 vasis
1151 2239 1278 2302 tuis
1321 2247 1385 2301 et
1426 2240 1503 2302 de
1546 2239 1722 2302 fonte
1764 2247 2102 2322 puteorum
2142 2249 2437 2322 tuorum;

940 2337 1406 2420 supereffluant
1456 2338 1571 2401 tibi
1621 2358 1801 2421 aquae
1848 2340 1927 2402 de
1977 2348 2086 2402 tuo
2136 2340 2333 2414 fonte,
2375 2348 2439 2403 et

942 2437 1006 2499 in
1057 2436 1296 2519 plateas
1344 2445 1666 2499 transeant
1711 2458 1890 2521 aquae
1941 2447 2084 2501 tuae.
2135 2439 2211 2500 Et
2256 2439 2438 2520 juxta

727 2555 834 2594 mu.
895 2574 907 2593 .
937 2535 1161 2598 Isaiam
1195 2535 1569 2618 prophetam
1605 2553 1619 2597 ε
1655 2536 1792 2599 Eris
1826 2537 2004 2618 quasi
2042 2537 2262 2600 hortus
2303 2539 2439 2599 irri-

935 2652 1120 2715 guuS,
1155 2642 1218 2696 et
1248 2635 1410 2696 sicut
1445 2635 1586 2696 fons
1615 2654 1924 2717 aquarum
1956 2637 2140 2717 cujus
2171 2654 2299 2699 non
2329 2639 2435 2700 de-

2552 1941 2834 2004 nobilem
2865 1943 3310 2026 optimumque
3342 1944 3657 2026 liquorem
3698 1945 3766 2007 in
3798 1964 3904 2008 vas
3936 1945 4045 2008 foe-

2550 2039 2753 2102 tidum
2788 2049 2852 2102 et
2882 2050 3272 2124 corruptum.
3309 2043 3492 2105 Testa
3532 2062 3809 2125 namque
3846 2044 4041 2105 semel

2550 2137 2785 2202 infecta
2827 2140 3160 2203 horrendis
3206 2141 3563 2214 foetoribus‚
3600 2141 3853 2204 facilius
3896 2161 4041 2204 con-

2546 2238 2813 2300 taminat
2862 2258 3111 2321 myrum
3157 2241 3449 2321 quamvis
3496 2240 4035 2310 odoratissimum,

2546 2355 2737 2418 quam
2787 2338 3028 2420 aliquid
3079 2339 3407 2402 suavitatis
3444 2359 3521 2402 ex
3566 2339 3676 2402 illo
3718 2340 4037 2421 acquirat3

2547 2437 2783 2498 munda
2825 2436 2997 2498 enim
3044 2437 3245 2499 multo
3288 2438 3476 2500 citius
3520 2446 4034 2520 corrumpuntur,

2544 2552 2736 2615 quam
2789 2542 3085 2617 corrupta
3136 2537 3542 2599 mundantur.
3596 2537 3687 2598 Ita
3734 2555 3881 2618 ergo
3928 2557 4037 2598 vas

2544 2635 2819 2714 pectoris
2851 2635 3050 2696 nostri
3089 2635 3211 2697 nisi
3246 2637 3424 2717 prius
3465 2643 3772 2718 purgetur
3799 2635 3879 2698 ab
3908 2654 4038 2698 om·

935 2733 1158 2795 sicient
1200 2751 1420 2816 aquae3
1463 2741 1527 2795 et
1568 2733 2059 2797 aedificabuntur
2107 2735 2172 2797 in
2224 2743 2283 2798 te
2332 2738 2435 2799 de-
2540 2731 2607 2792 ni
2654 2733 2946 2814 passione
2990 2751 3062 2795 ac
3103 2733 3281 2808 vitio,
3316 2751 3441 2796 non
3489 2733 3839 2797 merebitur
3880 2733 4033 2796 illud

934 2840 1101 2894 serta
1147 2851 1185 2896 a
1232 2832 1505 2906 saeculiS‚
1549 2832 1963 2895 fundamenta
2007 2836 2432 2914 generationis
2539 2828 3003 2893 benedictionis
3036 2840 3429 2913 unguentum
3456 2833 3784 2914 suscipere
3809 2834 3887 2895 de
3912 2849 4035 2914 quo

933 2938 997 2992 et
1053 2931 1477 3012 generationis
1538 2930 1922 3010 suscitabis;
1981 2939 2044 2994 et
2102 2932 2430 2997 vocaberis
2538 2929 2774 2991 dicitur
2814 2949 2926 3012 per
2964 2930 3339 3012 Prophetam
3375 2949 3389 2993 :
3424 2931 3601 2994 Sicut
3641 2940 4033 3014 unguentum
4082 2958 4282 3003 ruma,

933 3028 1282 3092 aedificator
1344 3030 1618 3112 sepium,
1679 3039 1969 3092 avertens
2037 3032 2295 3094 semitas
2364 3034 2427 3095 in
2464 3036 2507 3098 C
2540 3029 2605 3090 in
2638 3031 2865 3111 capite,
2899 3031 3068 3112 quod
3109 3031 3437 3093 descendit
3470 3032 3535 3093 in
3576 3030 3865 3107 barbam,
3898 3033 4030 3095 bar·
4060 3025 4094 3063 ²·

934 3127 1236 3209 quietem.
1273 3127 1504 3210 Sicque
1535 3128 1870 3191 conveniet
1904 3128 2021 3190 tibi
2054 3136 2116 3191 et
2146 3130 2254 3192 illa
2286 3130 2427 3194 bea·
2539 3127 2687 3190 bam
2730 3131 2959 3204 Aaron,
3004 3130 3171 3211 quod
3221 3131 3549 3192 descendit
3596 3131 3661 3192 in
3710 3149 3887 3194 oram
3933 3151 4029 3194 ve-

933 3225 1139 3287 titudo
1186 3226 1264 3288 de
1313 3245 1439 3308 qua
1481 3227 1650 3288 idem
1696 3226 1976 3308 loquitur
2019 3227 2208 3290 Isaias
2244 3246 2257 3290 :
2292 3229 2425 3292 Non
2538 3228 2822 3290 stimenti
2869 3228 3046 3309 ejus3
3088 3247 3205 3292 nec
3252 3248 3431 3291 mens
3475 3228 3719 3311 polluta
3760 3231 4031 3293 servabit

935 3321 1126 3385 faciet
1174 3324 1341 3386 Deus
1394 3325 1643 3387 avolare
1691 3344 1728 3386 a
1776 3333 1837 3387 te
1889 3325 2052 3386 ultra
2105 3325 2427 3389 doctorem
2538 3327 2935 3408 spiritualem
2977 3327 3151 3389 illam
3193 3328 3527 3390 scientiam
3564 3337 3755 3411 atque
3786 3330 4030 3412 eloquia

935 3428 1140 3496 tuum,
1191 3429 1255 3484 et
1313 3430 1499 3484 erunt
1557 3423 1726 3485 oculi
1785 3422 1872 3484 tui
1929 3423 2217 3487 videntes
2271 3445 2427 3508 prae-
2538 3424 3031 3507 Scripturarum,
3092 3446 3233 3509 quae
3291 3427 3577 3490 dulciora
3634 3436 3784 3490 sunt
3843 3447 4029 3510 super
4051 3452 4282 3498 ιοωιιωι.Ἰ

934 3527 1257 3601 ceptorem
1316 3527 1496 3582 tuum
1533 3538 1550 3600 3
1608 3528 1670 3582 et
1728 3539 1912 3583 aures
1980 3529 2103 3584 tuae
2167 3524 2424 3587 audient
2540 3523 2664 3585 mel
2708 3531 2769 3585 et
2812 3523 3051 3586 favum.
3086 3525 3235 3598 Quae
3276 3527 3449 3588 enim
3494 3527 3895 3610 participatio
3932 3529 4026 3608 ju·
4076 3551 4107 3594 ιι
4126 3553 4211 3596 cor.
4228 3567 4271 3602 n.

932 3617 1200 3681 verbum
1239 3626 1378 3699 post
1420 3627 1666 3700 tergum
1708 3620 2073 3684 monentis:
2109 3622 2254 3685 Haec
2299 3623 2423 3696 via,
2538 3621 2726 3684 stitiae
2776 3641 2921 3685 cum
2974 3623 3354 3706 iniquitate?
3402 3627 3527 3687 Aut
3574 3644 3715 3707 quae
3764 3627 4025 3690 societas
4054 3619 4112 3665 “¹
4136 3619 4187 3658 ¹⁵·

929 3716 1252 3780 ambulate
1282 3718 1350 3778 in
1379 3736 1474 3792 ea,
1509 3724 1569 3778 et
1609 3735 1815 3800 neque
1849 3718 1927 3780 ad
1967 3719 2291 3782 dexteram
2320 3739 2425 3784 ne·
2539 3720 2664 3782 luci
2706 3739 2852 3783 cum
2894 3721 3217 3784 tenebris?
3258 3723 3405 3797 Quae
3441 3732 3655 3786 autem
3694 3725 4027 3787 conventio

930 3835 1055 3898 que
1101 3817 1179 3878 ad
1230 3816 1574 3878 sinistram.
1620 3818 1826 3899 Atque
1876 3817 1968 3879 sic
2018 3817 2133 3880 fiet
2184 3828 2253 3881 ut
2298 3838 2425 3883 non
2539 3819 2769 3883 Christi
2814 3821 2891 3882 ad
2935 3820 3175 3884 Belial?

667 3227 784 3272 Ibid.
807 3241 905 3279 xxx,

640 3292 709 3340 20.
730 3295 798 3334 21.

929 3915 1136 3977 solum
1175 3915 1382 3978 omnis
1427 3916 1693 3978 directio
1733 3935 1805 3978 ac
1849 3917 2174 3980 meditatio
2219 3919 2426 3981 cordis

930 4015 1045 4089 tui,
1081 4014 1209 4078 imo
1246 4023 1306 4077 et
1347 4023 1592 4077 cunctae
1629 4015 2034 4096 evagationes
2075 4036 2148 4078 ac
2182 4018 2427 4080 discur-

929 4133 1036 4177 sus
1076 4113 1532 4195 cogitationum
1573 4121 1847 4188 tuarum,
1881 4115 2010 4176 sint
2041 4114 2158 4176 tibi
2192 4116 2426 4180 divinae

930 4212 1086 4294 legis
1129 4219 1345 4275 sancta
1387 4212 1914 4293 incessabilisque
1958 4213 2321 4276 ruminatiO.

1291 4467 1797 4532 CAPITULUM
1863 4469 2047 4533 XIV.

1007 4615 1180 4683 Quod
1207 4614 1518 4670 immunda
1547 4616 1756 4672 anima
1787 4632 1893 4672 nec
1913 4617 2114 4687 possit
2141 4617 2354 4674 docere

1105 4720 1210 4760 nec
1237 4704 1470 4760 discere
1496 4704 1816 4760 scientiam
1842 4705 2250 4777 spiritualem.

1074 4902 1610 4966 UEMADMODUM
1640 4909 1854 4965 autem
1895 4902 2138 4985 praefati
2175 4923 2419 4978 sumuS,

933 4900 1064 5106 Q
1102 5000 1498 5084 impossibile
1555 5008 1650 5062 est
1702 5020 2090 5083 quemquam
2150 5001 2424 5064 immun-

925 5103 1079 5165 dum
1137 5109 1200 5164 et
1252 5101 1652 5182 inexpertum
1715 5100 1834 5162 ista
1891 5117 2269 5181 cognoscere
2319 5101 2420 5163 vel

923 5201 1170 5264 docere.
1216 5199 1332 5273 Qui
1377 5199 1553 5261 enim
1598 5217 1796 5280 capax
1843 5215 1970 5260 non
2019 5204 2116 5260 est
2157 5199 2235 5260 ad
2286 5217 2424 5280 per-

923 5299 1292 5390 cipiendum
1351 5317 1464 5360 seu
1522 5298 1600 5361 ad
1649 5296 2047 5370 discendum,
2098 5299 2419 5380 quomodo

2922 4076 3425 4141 CAPITULUM
3492 4078 3641 4142 XV.

2456 4219 2506 4282 D
2536 4224 2824 4291 Quoestio,
2846 4225 3137 4297 quomodo
3166 4224 3345 4280 multi
3377 4225 3675 4282 immundi
3710 4227 4027 4282 scientiam

2758 4313 3043 4378 habeant,
3072 4320 3129 4368 et
3156 4317 3356 4371 sancti
3382 4331 3505 4370 non
3532 4314 3814 4370 habeant.

2677 4509 3036 4572 ERMANUS
3070 4528 3084 4574 :
3117 4509 3260 4573 Haec
3304 4517 3412 4572 tua
3457 4511 3722 4574 assertio
3769 4529 3897 4573 non
3940 4511 4029 4573 vi·

2692 4609 2877 4670 detur
2905 4608 3169 4671 veritate
3200 4608 3414 4671 fulciri
3445 4618 3555 4671 aut
3586 4609 3903 4692 probabili
3936 4629 4025 4672 ra-

2531 4706 2689 4770 tioni
2733 4706 2941 4768 inniti.
2976 4707 3216 4789 Nempe
3255 4726 3455 4789 quum
3497 4715 3743 4771 certum
3784 4709 3867 4770 sit
3900 4727 4027 4771 om·

2533 4825 2645 4869 nes
2676 4806 2818 4868 illos
2848 4825 2987 4868 esse
3018 4806 3382 4870 immundos
3412 4808 3522 4889 qui
3566 4807 3763 4871 fidem
3796 4808 4025 4872 Christi

2532 4904 3038 4986 despiciunt,aut
3066 4924 3207 4967 eam
3238 4905 3533 4968 haeretica
3562 4907 3871 4988 pravitate
3902 4925 4029 4970 cor-

2532 5011 2861 5085 rumpunt,
2895 5004 3215 5084 quomodo
3251 5003 3433 5067 multi
3464 5005 3685 5078 Judaei,
3719 5006 4021 5080 haeretici,

2530 5121 2603 5165 ac
2663 5101 2873 5164 vitiosi
2936 5102 3230 5165 catholici
3290 5102 3682 5185 Scripturam
3742 5113 4021 5167 sanctam

2532 5200 2812 5283 perfecte
2846 5201 3229 5282 intelligunt,
3246 5209 3308 5264 et
3332 5202 3410 5264 de
3430 5201 3873 5284 ⁴magnitudine
3904 5204 4023 5285 spi-

2530 5298 2778 5361 ritualis
2808 5299 3090 5363 scientiae
3119 5308 3228 5362 aut
3251 5300 3555 5364 doctrinae
3578 5301 3934 5381 exsultant3
3958 5309 4019 5363 et
