4359 6267
1324 518 1404 563 ΒΕ
1443 517 1774 563 ῙΝΒΤῙἸἫΤῙΒ
1818 516 1902 561 SS.
1939 515 2201 561 PATRUM.
2247 533 2327 543 —
2365 515 2541 562 mmm
2580 515 2619 559 V
3440 493 3519 556 67

425 686 579 747 dum
624 705 638 750 :
681 686 794 759 Ite,
850 685 1167 766 inquienS,
1221 684 1630 765 cogitationes
1680 683 1919 766 patriae,
1952 683 2003 745 A
2033 681 2305 763 caligine
2335 690 2398 744 et
2428 682 2706 745 caecitate
2742 682 3079 745 immunes.
3106 683 3251 745 Ideo
3281 682 3521 764 quippe

423 785 661 865 pariter
718 784 1238 858 concremamini,
1290 801 1410 845 nec
1469 800 1569 843 me
1629 800 1922 844 revocare

421 883 680 945 tentetis
722 882 800 945 ad
843 901 918 945 ea
959 902 1102 964 quae
1143 882 1299 962 fugi.

731 1109 1234 1172 CAPITULUM
1296 1108 1620 1171 XXXIII.

517 1231 604 1285 De
626 1230 1017 1286 absolutione
1047 1229 1405 1301 quaestionis
1433 1244 1615 1301 quam
1643 1227 1832 1283 abbas

689 1320 1028 1375 Theodorus
1056 1319 1287 1374 orando
1309 1318 1670 1389 promeruit.

559 1472 848 1534 IDlMUS
889 1488 1142 1553 quoque
1185 1470 1480 1533 abbatem
1524 1468 1920 1532 Theodorum

579 1588 832 1631 summa
870 1568 1202 1631 sanctitate
1231 1575 1421 1648 atque
1451 1567 1716 1629 scientia
1745 1567 1924 1628 deco-

422 1676 658 1742 ratum,
697 1686 826 1731 non
875 1667 1082 1730 solum
1124 1666 1190 1727 in
1228 1665 1461 1728 actuali
1499 1665 1650 1738 vita,
1694 1664 1804 1727 sed
1856 1664 1919 1725 in

421 1767 896 1848 Scripturarum
941 1765 1188 1839 notitia,
1231 1783 1422 1845 quam
1467 1764 1526 1825 ei
1571 1762 1921 1825 contulerat

419 1865 554 1927 sola
592 1866 836 1947 puritas
877 1865 1108 1937 cordis,
1143 1864 1341 1945 magis
1381 1882 1572 1945 quam
1613 1862 1918 1924 litteratu-
1955 1864 2002 1926 B

419 1982 493 2023 ra
539 1963 762 2024 mundi
811 1970 922 2025 aut
973 1963 1257 2024 studium
1314 1961 1602 2023 lectionis
1655 1977 1669 2021 :
1723 1959 1918 2040 siqui-

420 2062 564 2123 dem
606 2080 925 2143 perpauca
955 2060 1148 2123 verba
1179 2060 1406 2123 Graecae
1442 2060 1674 2139 linguae
1713 2058 1922 2140 potuit

420 2159 620 2240 loqui,
664 2168 774 2221 aut
823 2158 1194 2239 intelligere.
1237 2159 1354 2221 Hic
1401 2176 1600 2239 quum
1645 2157 1920 2219 elucida-

419 2258 664 2320 tionem
715 2258 1050 2338 cujusdam
1107 2256 1579 2319 obscurissimae
1634 2255 1924 2337 quaestio-

421 2357 524 2418 nis
566 2356 941 2438 inquireret,
975 2362 1218 2437 septem
1259 2354 1484 2416 diebus
1523 2372 1596 2416 ac
1628 2353 1922 2416 noctibus

423 2456 492 2517 in
524 2455 809 2517 oratione
850 2452 1263 2534 infatigabilis
1304 2452 1556 2526 mansit,
1591 2470 1922 2534 quousque

423 2552 564 2632 ejus
609 2552 1016 2625 solutionem,
1061 2552 1189 2613 Deo
1234 2551 1572 2623 revelante,
1608 2550 1920 2631 cognovit.

735 2778 1238 2841 CAPITULUM
1303 2778 1619 2840 XXXIV.

427 2901 726 2957 Doctrina
766 2898 1035 2970 ejusdem
1075 2899 1258 2961 senia,
1301 2897 1570 2970 qualiter
1607 2898 1926 2954 monachus

465 2990 665 3061 possit
695 2990 1013 3061 acquirere
1049 2988 1365 3044 scientiam
1387 2988 1868 3058 Scripturarum.

543 3141 622 3204 lc
665 3159 859 3202 senex
903 3139 1063 3201 dixit
1094 3138 1419 3201 Fratribus
1457 3138 1921 3201 admirantibus

561 3246 692 3300 tam
743 3237 1116 3319 praeclarum
1166 3237 1383 3298 lumen
1432 3236 1713 3299 scientia)
1754 3237 1917 3317 ejuS,

420 3344 487 3400 et
516 3336 988 3419 inquirentibus
1025 3335 1106 3397 ab
1144 3336 1367 3398 eodem
1409 3354 1631 3397 sensus
1672 3335 1918 3416 aliquos

2034 781 2198 843 inter
2252 790 2638 863 exponentes
2698 789 2870 844 tanta
2932 781 3402 863 expositionum
3461 786 3523 842 et

2031 897 2319 942 errorum
2360 880 2692 942 diversitas
2732 886 2828 941 est
2861 888 3095 953 exorta,
3129 879 3298 962 quod
3336 878 3524 960 pleri-

2032 995 2156 1059 que
2200 978 2599 1059 prosilientes
2638 979 2716 1039 ad
2749 978 3197 1059 exponendum
3236 996 3363 1050 eaS,
3397 994 3522 1039 non

2032 1075 2317 1138 adhibita
2348 1076 2679 1157 diligentia
2710 1076 2879 1138 circa
2913 1076 3357 1157 purgationem
3388 1093 3527 1157 pro—

2032 1174 2188 1255 priae
2233 1174 2485 1249 mentis,
2524 1175 2737 1237 lumen
2785 1174 3067 1237 veritatis
3112 1173 3524 1255 comprehen-

2031 1272 2179 1333 dere
2212 1271 2658 1352 nequiverunt,
2686 1272 3030 1334 sentientes
3061 1271 3309 1333 diversa
3335 1278 3525 1353 atque

2033 1370 2346 1431 contraria
2392 1368 2545 1432 fidei
2595 1377 2705 1432 aut
2748 1369 3166 1452 sibimetipsis
3211 1370 3393 1448 juxta
3431 1368 3525 1452 pi-

2031 1467 2287 1547 gritiam
2329 1475 2437 1529 aut
2482 1467 2957 1530 immunditiam
3000 1468 3099 1529 sui
3144 1467 3372 1530 cordis.

2357 1696 2859 1758 CAPITULUM
2921 1696 3203 1759 XXXV.

2111 1815 2460 1888 Increpatio
2489 1814 2759 1887 ejusdem
2786 1818 2949 1871 senis
2978 1833 3160 1889 quum
3188 1817 3261 1871 de
3287 1823 3456 1872 nocte

2348 1906 2609 1961 venisset
2638 1906 2721 1960 ad
2746 1905 2959 1961 cellam
2994 1922 3199 1963 meam.

2175 2058 2351 2120 UUM
2389 2058 2557 2119 idem
2600 2076 2792 2119 senex
2831 2057 2909 2119 ad
2952 2076 3156 2119 meam
3193 2058 3417 2119 cellam
3448 2058 3526 2120 de

2035 2053 2166 2255 Q
2193 2163 2377 2217 nocte
2418 2156 2741 2238 inopinate
2785 2157 3085 2229 venisset,
3119 2164 3381 2237 paterna
3422 2175 3527 2217 cu—

2033 2254 2313 2317 riositate
2352 2254 2601 2317 occulte
2635 2255 2970 2336 explorans
3010 2255 3313 2335 quidnam
3353 2256 3525 2317 solus

2033 2372 2287 2433 agerem
2347 2353 2523 2414 rudis
2580 2352 2785 2415 adhuc
2844 2352 3244 2426 anachoreta,
3298 2372 3525 2434 meque

2033 2451 2209 2513 illico
2257 2450 2595 2533 reperisset
2637 2451 2912 2534 psiathio
2957 2451 3366 2514 incubantem
3415 2470 3527 2513 seu

2037 2548 2412 2611 reclinatum
2461 2549 2539 2610 ad
2588 2548 3055 2622 dormiendum,
3108 2556 3169 2611 et
3217 2549 3527 2630 incipien-

2037 2655 2166 2709 tem
2213 2646 2447 2708 lassum
2488 2665 2717 2729 corpus
2762 2665 2986 2710 somno
3025 2648 3310 2721 reficere,
3342 2646 3530 2709 finita

2037 2746 2401 2825 vespertina
2456 2745 2869 2824 solennitate3
2919 2765 2994 2808 ex
3044 2746 3271 2807 intimo
3320 2745 3527 2808 cordis

2036 2842 2385 2924 suspirans,
2419 2850 2481 2904 et
2510 2843 2767 2906 nomine
2799 2862 2941 2906 meo
2971 2863 3073 2905 me
3103 2862 3356 2918 vocanS,
3388 2843 3478 2905 ait
3510 2861 3523 2905 :

2034 2941 2232 3013 Quam
2280 2941 2486 3014 multi,
2520 2959 2557 3003 o
2594 2943 2883 3014 JoanneS,
2917 2942 2984 3003 in
3028 2941 3146 3003 hac
3186 2941 3341 3004 hora
3378 2961 3526 3003 cum

1959 3047 2002 3109 C
2033 3039 2162 3101 Deo
2204 3040 2569 3120 loquuntur,
2604 3047 2842 3101 etcum
2882 3039 2950 3100 in
2988 3039 3121 3101 suis
3161 3039 3527 3122 praecordiis

2032 3144 2251 3199 tenent
2279 3156 2352 3199 ac
2383 3138 2913 3220 contemplantur,
2938 3146 3001 3199 et
3031 3144 3096 3198 tu
3131 3137 3371 3200 lumine
3401 3145 3529 3200 tan-

2031 3244 2095 3298 to
2139 3236 2431 3319 privaris,
2473 3236 2661 3298 inerti
2705 3237 3021 3299 resolutus
3064 3240 3343 3317 sopore?

2110 3333 2434 3408 Praeterea,
2468 3334 2768 3415 quoniam
2801 3334 3003 3415 gratia
3030 3342 3093 3396 et
3120 3335 3387 3397 virtutes
3419 3336 3525 3397 Pa-

421 3436 895 3517 Scripturarum
924 3450 937 3494 :
971 3433 1312 3495 Monachus
1340 3433 1417 3494 ad
1449 3433 1916 3513 Scripturarum
2031 3439 2200 3494 trum
2250 3439 2753 3514 provocaverunt
2797 3450 2910 3495 nos
2954 3432 3032 3494 ad
3080 3433 3268 3493 talem
3318 3452 3525 3494 narra-

421 3534 716 3597 notitiam
777 3532 1138 3614 pertingere
1196 3531 1484 3613 cupienS,
1546 3548 1675 3592 non
1731 3530 1914 3592 debet
2029 3530 2269 3591 tionem
2318 3530 2723 3604 descendere,
2776 3530 3204 3592 necessarium
3264 3548 3407 3592 reor
3454 3530 3519 3592 in

422 3632 671 3695 labores
723 3648 868 3693 suos
927 3629 1296 3712 impendere
1346 3629 1515 3691 circa
1572 3628 1768 3691 libros
1817 3647 1918 3691 ex·
2025 3627 2353 3690 volumine
2379 3627 2499 3689 isto
2528 3626 2887 3689 describere
2918 3627 3330 3690 memorabile
3358 3645 3519 3709 opus

422 3731 798 3812 positorum,
845 3727 954 3790 sed
1000 3728 1214 3809 potius
1261 3734 1453 3789 totam
1507 3726 1738 3789 mentis
1788 3746 1917 3789 suae

419 3829 842 3891 intentionem
882 3834 1069 3908 atque
1100 3825 1477 3888 industriam
1509 3826 1678 3887 circa
1706 3844 1918 3887 emen-

417 3928 742 3989 dationem
786 3942 1105 4007 apponere
1150 3923 1452 3985 vitiorum
1488 3941 1501 3986 ε
1537 3923 1771 4003 quibus
1814 3942 1916 3984 ex-

420 4025 648 4108 pulsiS,
684 4042 830 4086 mox
862 4023 1030 4085 oculi
1060 4022 1290 4093 cordiS,
1325 4020 1567 4083 sublato
1598 4021 1915 4083 velamine
2026 4019 2495 4101 resplendescat
2554 4019 2822 4101 pulchra
2879 4020 2997 4081 hac
3045 4020 3347 4082 varietate
3396 4021 3517 4083 dis-

418 4122 815 4205 passionum‚
880 4118 1252 4181 naturaliter
1315 4118 1917 4201 contemplabuntur
2025 4118 2240 4179 tincta.
2276 4118 2451 4179 Tunc
2491 4118 2663 4179 enim
2705 4116 3027 4198 Jejunium
3065 4117 3349 4180 efficitur
3389 4120 3517 4181 Deo

417 4220 636 4283 abdita
683 4218 1173 4299 Scripturarum.
1225 4216 1380 4279 Nam
1445 4216 1914 4297 Scripturarum
1946 4227 1995 4287 D
2024 4222 2295 4295 gratum,
2352 4234 2551 4296 quum
2612 4215 2805 4277 fuerit
2863 4215 3143 4277 caritatis
3201 4215 3517 4279 fructibus

418 4318 657 4391 abdita,
711 4316 897 4379 nobis
955 4323 1102 4378 sunt
1151 4333 1264 4396 per
1313 4316 1580 4396 gratiam
1641 4315 1915 4398 Spiritus
2027 4322 2558 4375 consummatum.

421 4416 637 4479 Sancti
691 4413 1107 4496 promulgata,
1160 4421 1230 4474 ut
1276 4430 1402 4475 non
1451 4419 1699 4475 exstent
1748 4412 1916 4475 inco-

418 4516 618 4597 gnita,
652 4512 764 4575 sed
805 4519 1018 4574 nostro
1047 4511 1204 4573 vitio
1244 4511 1595 4573 redduntur
1620 4511 1913 4586 obscura,

418 4619 830 4695 peccatorum
862 4609 1178 4672 velamine
1217 4608 1434 4671 oculos
1473 4609 1671 4671 nostri
1708 4610 1915 4672 cordis

416 4709 897 4774 obtenebrante.
932 4706 1172 4779 Quibus
1212 4705 1415 4768 oculis
1459 4725 1574 4787 per
1612 4706 1916 4769 vitiorum

415 4807 864 4891 expulsionem
894 4804 1151 4878 sanatiS,
1171 4804 1303 4867 sola
1333 4811 1695 4866 sanctarum
1729 4805 1915 4867 lectio

417 4906 895 4987 Scripturarum
938 4903 1334 4965 abundanter
1373 4901 1658 4965 sufficiet
1696 4904 1774 4965 ad
1814 4922 1917 4965 ve·
2103 4902 2356 4975 TAQUE
2391 4922 2591 4984 quum
2626 4903 2703 4964 de
2746 4902 3145 4964 monasteriis
3178 4903 3518 4965 Palaestinae

417 5024 508 5067 rae
546 5002 830 5065 scientiae
873 5000 1290 5072 intellectum,
1325 5018 1442 5062 nec
1480 5002 1912 5083 expositorum
2119 4999 2518 5062 venissemus
2548 5000 2627 5062 ad
2660 4999 2882 5062 urbem
2909 4999 3158 5083 AEgypti
3190 5019 3331 5081 quae
3362 5000 3521 5063 Diol-

421 5099 982 5165 informationibus
1015 5097 1338 5179 indigent:
1376 5098 1913 5179 quemadmodum
2026 5116 2134 5161 cos
2173 5098 2550 5181 appellatur,
2584 5098 2789 5160 adhuc
2827 5098 3169 5161 admodum
3213 5099 3421 5171 rudeS,
3456 5108 3519 5161 et

417 5199 594 5262 oculi
625 5197 984 5279 corporales
1023 5194 1264 5258 nullius
1304 5195 1722 5257 instructione
1753 5195 1914 5257 indi·
2026 5196 2387 5258 videremus
2420 5195 2510 5257 ibi
2541 5195 2885 5275 plurimam
2920 5196 3369 5260 monachorum
3394 5190 3519 5259 turss

419 5304 574 5379 gent
629 5296 707 5358 ad
767 5294 1137 5368 videndum,
1187 5294 1534 5356 dummodo
1592 5292 1830 5355 fuerint
1878 5313 1917 5356 a
2027 5292 2174 5356 bam
2206 5291 2482 5354 coenobii
2522 5292 2863 5374 disciplina
2900 5299 3225 5369 arctatam,
3258 5312 3329 5356 ac
3357 5295 3517 5376 opti-

2025 3824 2419 3886 humanitate
2449 3844 2669 3886 sumus
2699 3825 2993 3906 experti),
3016 3831 3083 3884 ut
3114 3824 3355 3906 puritas
3385 3824 3519 3886 abs-

2025 3922 2308 3984 tinentiae
2339 3922 2518 4003 operi
2547 3922 2825 3983 caritatis
2864 3922 3163 3995 admixta,
3198 3922 3516 4004 copiosius

2335 4541 2837 4606 CAPITULUM
2898 4542 3214 4605 XXXVI.

2154 4662 2500 4733 Descriptio
2537 4663 2723 4717 eremi
2761 4664 2828 4717 in
2865 4678 2987 4735 qua
3026 4662 3406 4718 anachoretae

2606 4756 2941 4806 morantur.

2026 3726 2305 3788 caritatis
2345 3725 2579 3787 summi
2621 3726 2742 3787 viri
2779 3726 3105 3787 Arthebii*
3140 3726 3339 3807 (quod
3377 3726 3516 3806 ejus
3570 3746 3815 3853 1:⁰39·st

3547 3823 3571 3853 0
3600 3824 3625 3853 θ
3656 3824 3686 3853 ΙΙ
