<?xml version="1.0" encoding="UTF-8"?>
<!DOCTYPE html PUBLIC "-//W3C//DTD XHTML 1.0 Transitional//EN"
    "http://www.w3.org/TR/xhtml1/DTD/xhtml1-transitional.dtd">
<html xmlns="http://www.w3.org/1999/xhtml" xml:lang="en" lang="en">
 <head>
  <title>
</title>
<meta http-equiv="Content-Type" content="text/html;charset=utf-8" />
  <meta name='ocr-system' content='tesseract 3.04.00' />
  <meta name='ocr-capabilities' content='ocr_page ocr_carea ocr_par ocr_line ocrx_word'/>
</head>
<body>
  <div class='ocr_page' id='page_1' title='image "./doctorisecstati03denigoog_0155.png"; bbox 0 0 4359 6267; ppageno 0'>
   <div class='ocr_carea' id='block_1_1' title="bbox 150 4233 280 4281">
    <p class='ocr_par' dir='ltr' id='par_1_1' title="bbox 150 4233 280 4281">
     <span class='ocr_line' id='line_1_1' title="bbox 150 4233 280 4281; baseline 0.031 -6"><span class='ocrx_word' id='word_1_1' title='bbox 150 4233 280 4281; x_wconf 64' lang='lat' dir='ltr'>Mutila.</span> 
     </span>
    </p>
   </div>
   <div class='ocr_carea' id='block_1_2' title="bbox 148 4818 319 4865">
    <p class='ocr_par' dir='ltr' id='par_1_2' title="bbox 148 4818 319 4865">
     <span class='ocr_line' id='line_1_2' title="bbox 148 4818 319 4865; baseline 0.023 -4"><span class='ocrx_word' id='word_1_2' title='bbox 148 4818 231 4861; x_wconf 70' lang='lat' dir='ltr'>[tid.</span> <span class='ocrx_word' id='word_1_3' title='bbox 240 4836 319 4865; x_wconf 75' lang='lat' dir='ltr'>nm</span> 
     </span>
    </p>
   </div>
   <div class='ocr_carea' id='block_1_3' title="bbox 1056 503 3418 570">
    <p class='ocr_par' dir='ltr' id='par_1_3' title="bbox 1056 503 3418 570">
     <span class='ocr_line' id='line_1_3' title="bbox 1056 503 3418 570; baseline 0 -3"><span class='ocrx_word' id='word_1_4' title='bbox 1056 519 1471 569; x_wconf 68' lang='lat' dir='ltr'>comi-ionum</span> <span class='ocrx_word' id='word_1_5' title='bbox 1514 524 1597 569; x_wconf 89' lang='lat' dir='ltr'>ss.</span> <span class='ocrx_word' id='word_1_6' title='bbox 1632 523 1876 569; x_wconf 68' lang='lat' dir='ltr'>runnu</span> <span class='ocrx_word' id='word_1_7' title='bbox 1916 522 2092 568; x_wconf 70' lang='lat' dir='ltr'>tunm</span> <span class='ocrx_word' id='word_1_8' title='bbox 2131 523 2172 568; x_wconf 91' lang='lat'>1.</span> <span class='ocrx_word' id='word_1_9' title='bbox 2221 543 2295 552; x_wconf 95' lang='lat'><strong>—</strong></span> <span class='ocrx_word' id='word_1_10' title='bbox 2339 522 2626 570; x_wconf 61' lang='lat' dir='ltr'>contario</span> <span class='ocrx_word' id='word_1_11' title='bbox 2668 525 2691 569; x_wconf 86' lang='lat'>1</span> <span class='ocrx_word' id='word_1_12' title='bbox 3302 503 3418 569; x_wconf 81' lang='lat'>147</span> 
     </span>
    </p>
   </div>
   <div class='ocr_carea' id='block_1_4' title="bbox 346 687 3425 774">
    <p class='ocr_par' dir='ltr' id='par_1_4' title="bbox 346 687 3425 774">
     <span class='ocr_line' id='line_1_4' title="bbox 346 687 3425 774; baseline 0 -22"><span class='ocrx_word' id='word_1_13' title='bbox 346 689 590 770; x_wconf 85' lang='lat' dir='ltr'>objiciat</span> <span class='ocrx_word' id='word_1_14' title='bbox 636 697 700 751; x_wconf 92' lang='lat' dir='ltr'>et</span> <span class='ocrx_word' id='word_1_15' title='bbox 750 696 1062 772; x_wconf 85' lang='lat' dir='ltr'>proponat</span> <span class='ocrx_word' id='word_1_16' title='bbox 1118 688 1461 770; x_wconf 81' lang='lat' dir='ltr'><strong>imaginem</strong></span> <span class='ocrx_word' id='word_1_17' title='bbox 1509 689 1821 771; x_wconf 79' lang='lat' dir='ltr'>tyrannici</span> <span class='ocrx_word' id='word_1_18' title='bbox 1851 687 1904 750; x_wconf 84' lang='lat' dir='ltr'>A</span> <span class='ocrx_word' id='word_1_19' title='bbox 1933 690 2290 771; x_wconf 88' lang='lat' dir='ltr'>perniciosa</span> <span class='ocrx_word' id='word_1_20' title='bbox 2321 692 2384 754; x_wconf 89' lang='lat' dir='ltr'>in</span> <span class='ocrx_word' id='word_1_21' title='bbox 2418 693 2540 755; x_wconf 90' lang='lat' dir='ltr'>tale</span> <span class='ocrx_word' id='word_1_22' title='bbox 2571 692 3000 774; x_wconf 81' lang='lat' dir='ltr'>dispendium,</span> <span class='ocrx_word' id='word_1_23' title='bbox 3033 693 3202 773; x_wconf 88' lang='lat' dir='ltr'>quod</span> <span class='ocrx_word' id='word_1_24' title='bbox 3233 692 3425 755; x_wconf 80' lang='lat' dir='ltr'>faciat</span> 
     </span>
    </p>
   </div>
   <div class='ocr_carea' id='block_1_5' title="bbox 343 787 1824 1862">
    <p class='ocr_par' dir='ltr' id='par_1_5' title="bbox 343 787 1824 1862">
     <span class='ocr_line' id='line_1_5' title="bbox 346 787 1822 851; baseline 0.001 -3"><span class='ocrx_word' id='word_1_25' title='bbox 346 788 545 849; x_wconf 89' lang='lat' dir='ltr'>vultus</span> <span class='ocrx_word' id='word_1_26' title='bbox 588 788 708 850; x_wconf 91' lang='lat' dir='ltr'>sub</span> <span class='ocrx_word' id='word_1_27' title='bbox 748 788 958 851; x_wconf 90' lang='lat' dir='ltr'>colore</span> <span class='ocrx_word' id='word_1_28' title='bbox 1000 787 1139 849; x_wconf 90' lang='lat' dir='ltr'>auri</span> <span class='ocrx_word' id='word_1_29' title='bbox 1182 787 1479 849; x_wconf 71' lang='lat' dir='ltr'>fallentis</span> <span class='ocrx_word' id='word_1_30' title='bbox 1514 788 1626 849; x_wconf 89' lang='lat' dir='ltr'>Vel</span> <span class='ocrx_word' id='word_1_31' title='bbox 1670 788 1822 849; x_wconf 92' lang='lat' dir='ltr'>dum</span> 
     </span>
     <span class='ocr_line' id='line_1_6' title="bbox 348 886 1823 968; baseline 0 -19"><span class='ocrx_word' id='word_1_32' title='bbox 348 906 451 949; x_wconf 90' lang='lat' dir='ltr'>nos</span> <span class='ocrx_word' id='word_1_33' title='bbox 506 894 769 949; x_wconf 88' lang='lat' dir='ltr'>conatur</span> <span class='ocrx_word' id='word_1_34' title='bbox 825 887 1113 959; x_wconf 82' lang='lat' dir='ltr'>illudere,</span> <span class='ocrx_word' id='word_1_35' title='bbox 1162 887 1509 948; x_wconf 87' lang='lat' dir='ltr'>admonens</span> <span class='ocrx_word' id='word_1_36' title='bbox 1566 886 1823 968; x_wconf 85' lang='lat' dir='ltr'>aliquod</span> 
     </span>
     <span class='ocr_line' id='line_1_7' title="bbox 347 984 1820 1067; baseline -0.001 -20"><span class='ocrx_word' id='word_1_37' title='bbox 347 1003 493 1067; x_wconf 92' lang='lat' dir='ltr'>opus</span> <span class='ocrx_word' id='word_1_38' title='bbox 550 984 805 1067; x_wconf 87' lang='lat' dir='ltr'>pietatis</span> <span class='ocrx_word' id='word_1_39' title='bbox 858 985 1207 1067; x_wconf 90' lang='lat' dir='ltr'>optandum</span> <span class='ocrx_word' id='word_1_40' title='bbox 1266 991 1328 1047; x_wconf 87' lang='lat' dir='ltr'>et</span> <span class='ocrx_word' id='word_1_41' title='bbox 1374 985 1820 1058; x_wconf 82' lang='lat' dir='ltr'>exercendum,</span> 
     </span>
     <span class='ocr_line' id='line_1_8' title="bbox 346 1083 1821 1165; baseline 0 -20"><span class='ocrx_word' id='word_1_42' title='bbox 346 1084 502 1165; x_wconf 89' lang='lat' dir='ltr'>quod</span> <span class='ocrx_word' id='word_1_43' title='bbox 532 1101 657 1145; x_wconf 91' lang='lat' dir='ltr'>non</span> <span class='ocrx_word' id='word_1_44' title='bbox 693 1085 1041 1165; x_wconf 82' lang='lat' dir='ltr'>procedens</span> <span class='ocrx_word' id='word_1_45' title='bbox 1072 1084 1149 1145; x_wconf 93' lang='lat' dir='ltr'>de</span> <span class='ocrx_word' id='word_1_46' title='bbox 1181 1083 1463 1164; x_wconf 89' lang='lat' dir='ltr'>legitima</span> <span class='ocrx_word' id='word_1_47' title='bbox 1500 1083 1821 1145; x_wconf 90' lang='lat' dir='ltr'>seniorum</span> 
     </span>
     <span class='ocr_line' id='line_1_9' title="bbox 347 1181 1823 1255; baseline 0.001 -13"><span class='ocrx_word' id='word_1_48' title='bbox 347 1190 585 1243; x_wconf 88' lang='lat' dir='ltr'>moneta</span> <span class='ocrx_word' id='word_1_49' title='bbox 628 1201 740 1243; x_wconf 92' lang='lat' dir='ltr'>seu</span> <span class='ocrx_word' id='word_1_50' title='bbox 780 1182 1181 1255; x_wconf 86' lang='lat' dir='ltr'>discretione,</span> <span class='ocrx_word' id='word_1_51' title='bbox 1218 1182 1393 1243; x_wconf 88' lang='lat' dir='ltr'>ducit</span> <span class='ocrx_word' id='word_1_52' title='bbox 1430 1181 1512 1242; x_wconf 91' lang='lat' dir='ltr'>ad</span> <span class='ocrx_word' id='word_1_53' title='bbox 1553 1188 1823 1244; x_wconf 87' lang='lat' dir='ltr'>mortem</span> 
     </span>
     <span class='ocr_line' id='line_1_10' title="bbox 344 1278 1823 1360; baseline 0.001 -20"><span class='ocrx_word' id='word_1_54' title='bbox 344 1279 455 1341; x_wconf 91' lang='lat' dir='ltr'>sub</span> <span class='ocrx_word' id='word_1_55' title='bbox 484 1279 691 1341; x_wconf 89' lang='lat' dir='ltr'>colore</span> <span class='ocrx_word' id='word_1_56' title='bbox 720 1278 1050 1342; x_wconf 89' lang='lat' dir='ltr'>virtutum.</span> <span class='ocrx_word' id='word_1_57' title='bbox 1084 1280 1195 1341; x_wconf 90' lang='lat' dir='ltr'>Vel</span> <span class='ocrx_word' id='word_1_58' title='bbox 1235 1280 1389 1341; x_wconf 91' lang='lat' dir='ltr'>dum</span> <span class='ocrx_word' id='word_1_59' title='bbox 1432 1279 1671 1360; x_wconf 86' lang='lat' dir='ltr'>decipit</span> <span class='ocrx_word' id='word_1_60' title='bbox 1709 1297 1823 1342; x_wconf 91' lang='lat' dir='ltr'>nos</span> 
     </span>
     <span class='ocr_line' id='line_1_11' title="bbox 345 1376 1821 1458; baseline 0.001 -21"><span class='ocrx_word' id='word_1_61' title='bbox 345 1376 760 1439; x_wconf 85' lang='lat' dir='ltr'>immoderatis</span> <span class='ocrx_word' id='word_1_62' title='bbox 805 1377 1093 1457; x_wconf 87' lang='lat' dir='ltr'>jejuniis,</span> <span class='ocrx_word' id='word_1_63' title='bbox 1144 1386 1253 1439; x_wconf 91' lang='lat' dir='ltr'>aut</span> <span class='ocrx_word' id='word_1_64' title='bbox 1295 1376 1532 1458; x_wconf 88' lang='lat' dir='ltr'>vigiliis</span> <span class='ocrx_word' id='word_1_65' title='bbox 1580 1377 1821 1451; x_wconf 79' lang='lat' dir='ltr'>nimiiS,</span> 
     </span>
     <span class='ocr_line' id='line_1_12' title="bbox 343 1473 1823 1549; baseline 0.001 -14"><span class='ocrx_word' id='word_1_66' title='bbox 343 1473 435 1535; x_wconf 82' lang='lat' dir='ltr'>vel</span> <span class='ocrx_word' id='word_1_67' title='bbox 480 1474 873 1537; x_wconf 88' lang='lat' dir='ltr'>orationibus</span> <span class='ocrx_word' id='word_1_68' title='bbox 933 1474 1331 1549; x_wconf 89' lang='lat' dir='ltr'>inordinatis,</span> <span class='ocrx_word' id='word_1_69' title='bbox 1383 1494 1493 1539; x_wconf 90' lang='lat' dir='ltr'>seu</span> <span class='ocrx_word' id='word_1_70' title='bbox 1553 1476 1823 1538; x_wconf 88' lang='lat' dir='ltr'>lectione</span> 
     </span>
     <span class='ocr_line' id='line_1_13' title="bbox 347 1572 1823 1653; baseline 0 -20"><span class='ocrx_word' id='word_1_71' title='bbox 347 1572 699 1653; x_wconf 87' lang='lat' dir='ltr'>incongrua,</span> <span class='ocrx_word' id='word_1_72' title='bbox 721 1591 795 1635; x_wconf 91' lang='grc'>66</span> <span class='ocrx_word' id='word_1_73' title='bbox 826 1572 1017 1634; x_wconf 88' lang='lat' dir='ltr'>trahit</span> <span class='ocrx_word' id='word_1_74' title='bbox 1046 1574 1124 1635; x_wconf 90' lang='lat' dir='ltr'>ad</span> <span class='ocrx_word' id='word_1_75' title='bbox 1155 1573 1418 1636; x_wconf 87' lang='lat' dir='ltr'>noxium</span> <span class='ocrx_word' id='word_1_76' title='bbox 1449 1573 1686 1651; x_wconf 76' lang='lat' dir='ltr'>finem3</span> <span class='ocrx_word' id='word_1_77' title='bbox 1714 1580 1823 1634; x_wconf 89' lang='lat' dir='ltr'>aut</span> 
     </span>
     <span class='ocr_line' id='line_1_14' title="bbox 346 1671 1824 1754; baseline 0.001 -23"><span class='ocrx_word' id='word_1_78' title='bbox 346 1678 502 1733; x_wconf 84' lang='lat' dir='ltr'>certe</span> <span class='ocrx_word' id='word_1_79' title='bbox 559 1671 713 1732; x_wconf 90' lang='lat' dir='ltr'>dum</span> <span class='ocrx_word' id='word_1_80' title='bbox 778 1672 1114 1754; x_wconf 87' lang='lat' dir='ltr'>persuadet</span> <span class='ocrx_word' id='word_1_81' title='bbox 1170 1671 1469 1734; x_wconf 87' lang='lat' dir='ltr'>exhibere</span> <span class='ocrx_word' id='word_1_82' title='bbox 1526 1672 1669 1734; x_wconf 88' lang='lat' dir='ltr'>aliis</span> <span class='ocrx_word' id='word_1_83' title='bbox 1725 1672 1824 1733; x_wconf 87' lang='lat' dir='ltr'>in-</span> 
     </span>
     <span class='ocr_line' id='line_1_15' title="bbox 348 1770 1822 1862; baseline 0.001 -33"><span class='ocrx_word' id='word_1_84' title='bbox 348 1770 749 1833; x_wconf 90' lang='lat' dir='ltr'>tercessiones</span> <span class='ocrx_word' id='word_1_85' title='bbox 797 1770 1317 1862; x_wconf 82' lang='lat' dir='ltr'>visitationesque</span> <span class='ocrx_word' id='word_1_86' title='bbox 1373 1772 1531 1852; x_wconf 82' lang='lat' dir='ltr'>piaS,</span> <span class='ocrx_word' id='word_1_87' title='bbox 1588 1771 1822 1852; x_wconf 90' lang='lat' dir='ltr'>quibus</span> 
     </span>
    </p>
   </div>
   <div class='ocr_carea' id='block_1_6' title="bbox 1933 790 3722 1755">
    <p class='ocr_par' dir='ltr' id='par_1_6' title="bbox 1933 790 3722 1755">
     <span class='ocr_line' id='line_1_16' title="bbox 1933 790 3423 873; baseline 0.001 -23"><span class='ocrx_word' id='word_1_88' title='bbox 1933 806 2154 851; x_wconf 92' lang='lat' dir='ltr'>omnes</span> <span class='ocrx_word' id='word_1_89' title='bbox 2197 790 2442 853; x_wconf 84' lang='lat' dir='ltr'>fructus</span> <span class='ocrx_word' id='word_1_90' title='bbox 2490 800 2738 856; x_wconf 86' lang='lat' dir='ltr'>nostros</span> <span class='ocrx_word' id='word_1_91' title='bbox 2781 791 3152 873; x_wconf 82' lang='lat' dir='ltr'>praeteritOS,</span> <span class='ocrx_word' id='word_1_92' title='bbox 3195 799 3423 854; x_wconf 88' lang='lat' dir='ltr'>totum-</span> 
     </span>
     <span class='ocr_line' id='line_1_17' title="bbox 1934 887 3425 971; baseline 0.001 -23"><span class='ocrx_word' id='word_1_93' title='bbox 1934 906 2057 968; x_wconf 88' lang='lat' dir='ltr'>que</span> <span class='ocrx_word' id='word_1_94' title='bbox 2089 906 2320 970; x_wconf 89' lang='lat' dir='ltr'>corpus</span> <span class='ocrx_word' id='word_1_95' title='bbox 2350 890 2734 971; x_wconf 88' lang='lat' dir='ltr'>operationis</span> <span class='ocrx_word' id='word_1_96' title='bbox 2765 896 3010 963; x_wconf 83' lang='lat' dir='ltr'>nostrae,</span> <span class='ocrx_word' id='word_1_97' title='bbox 3035 887 3425 951; x_wconf 89' lang='lat' dir='ltr'>concremari</span> 
     </span>
     <span class='ocr_line' id='line_1_18' title="bbox 1935 985 3426 1068; baseline 0.002 -23"><span class='ocrx_word' id='word_1_98' title='bbox 1935 985 2079 1065; x_wconf 83' lang='lat' dir='ltr'>igne</span> <span class='ocrx_word' id='word_1_99' title='bbox 2110 986 2435 1065; x_wconf 81' lang='lat' dir='ltr'>gehennae,</span> <span class='ocrx_word' id='word_1_100' title='bbox 2470 994 2688 1068; x_wconf 83' lang='lat' dir='ltr'>utpote</span> <span class='ocrx_word' id='word_1_101' title='bbox 2718 1005 2847 1050; x_wconf 91' lang='lat' dir='ltr'>non</span> <span class='ocrx_word' id='word_1_102' title='bbox 2877 1005 3294 1068; x_wconf 86' lang='lat' dir='ltr'>compensans</span> <span class='ocrx_word' id='word_1_103' title='bbox 3323 987 3426 1048; x_wconf 89' lang='lat' dir='ltr'>de-</span> 
     </span>
     <span class='ocr_line' id='line_1_19' title="bbox 1935 1084 3426 1166; baseline 0.001 -23"><span class='ocrx_word' id='word_1_104' title='bbox 1935 1084 2234 1145; x_wconf 87' lang='lat' dir='ltr'>trimenta</span> <span class='ocrx_word' id='word_1_105' title='bbox 2263 1103 2375 1146; x_wconf 91' lang='lat' dir='ltr'>seu</span> <span class='ocrx_word' id='word_1_106' title='bbox 2407 1085 2763 1166; x_wconf 82' lang='lat' dir='ltr'>spiritualia</span> <span class='ocrx_word' id='word_1_107' title='bbox 2792 1086 3021 1147; x_wconf 88' lang='lat' dir='ltr'>damna</span> <span class='ocrx_word' id='word_1_108' title='bbox 3051 1104 3128 1147; x_wconf 84' lang='lat' dir='ltr'>ex</span> <span class='ocrx_word' id='word_1_109' title='bbox 3161 1086 3298 1165; x_wconf 91' lang='lat' dir='ltr'>ipso</span> <span class='ocrx_word' id='word_1_110' title='bbox 3328 1084 3426 1146; x_wconf 88' lang='lat' dir='ltr'>fu-</span> 
     </span>
     <span class='ocr_line' id='line_1_20' title="bbox 1934 1182 3426 1265; baseline 0.001 -23"><span class='ocrx_word' id='word_1_111' title='bbox 1934 1190 2093 1244; x_wconf 88' lang='lat' dir='ltr'>tura.</span> <span class='ocrx_word' id='word_1_112' title='bbox 2128 1182 2415 1265; x_wconf 89' lang='lat' dir='ltr'>Denique</span> <span class='ocrx_word' id='word_1_113' title='bbox 2445 1184 2522 1245; x_wconf 93' lang='lat' dir='ltr'>de</span> <span class='ocrx_word' id='word_1_114' title='bbox 2553 1184 3035 1265; x_wconf 88' lang='lat' dir='ltr'>deceptionibus</span> <span class='ocrx_word' id='word_1_115' title='bbox 3067 1184 3204 1245; x_wconf 90' lang='lat' dir='ltr'>istis</span> <span class='ocrx_word' id='word_1_116' title='bbox 3235 1183 3426 1245; x_wconf 89' lang='lat' dir='ltr'>etiam</span> 
     </span>
     <span class='ocr_line' id='line_1_21' title="bbox 1934 1280 3428 1363; baseline 0.001 -22"><span class='ocrx_word' id='word_1_117' title='bbox 1934 1280 1999 1342; x_wconf 91' lang='lat' dir='ltr'>in</span> <span class='ocrx_word' id='word_1_118' title='bbox 2045 1280 2210 1343; x_wconf 91' lang='lat' dir='ltr'>libro</span> <span class='ocrx_word' id='word_1_119' title='bbox 2250 1281 2732 1343; x_wconf 89' lang='lat' dir='ltr'>Proverbiorum</span> <span class='ocrx_word' id='word_1_120' title='bbox 2775 1283 3094 1362; x_wconf 86' lang='lat' dir='ltr'>eleganter</span> <span class='ocrx_word' id='word_1_121' title='bbox 3129 1282 3428 1363; x_wconf 88' lang='lat' dir='ltr'>exprimi-</span> 
     </span>
     <span class='ocr_line' id='line_1_22' title="bbox 1936 1380 3719 1461; baseline -0.002 -20"><span class='ocrx_word' id='word_1_122' title='bbox 1936 1387 2037 1441; x_wconf 90' lang='lat' dir='ltr'>tur</span> <span class='ocrx_word' id='word_1_123' title='bbox 2081 1398 2094 1442; x_wconf 89' lang='lat'>:</span> <span class='ocrx_word' id='word_1_124' title='bbox 2138 1380 2298 1441; x_wconf 91' lang='lat' dir='ltr'>Sunt</span> <span class='ocrx_word' id='word_1_125' title='bbox 2340 1380 2460 1442; x_wconf 79' lang='lat' dir='ltr'>viae</span> <span class='ocrx_word' id='word_1_126' title='bbox 2508 1399 2650 1461; x_wconf 81' lang='lat' dir='ltr'>quae</span> <span class='ocrx_word' id='word_1_127' title='bbox 2691 1380 2990 1442; x_wconf 90' lang='lat' dir='ltr'>videntur</span> <span class='ocrx_word' id='word_1_128' title='bbox 3031 1387 3216 1443; x_wconf 81' lang='lat' dir='ltr'>rectae</span> <span class='ocrx_word' id='word_1_129' title='bbox 3261 1399 3422 1455; x_wconf 89' lang='lat' dir='ltr'>esse,</span> <span class='ocrx_word' id='word_1_130' title='bbox 3481 1398 3719 1446; x_wconf 70' lang='lat' dir='ltr'>Promw,</span> 
     </span>
     <span class='ocr_line' id='line_1_23' title="bbox 1933 1462 3722 1560; baseline 0.002 -21"><span class='ocrx_word' id='word_1_131' title='bbox 1933 1476 2284 1540; x_wconf 89' lang='lat' dir='ltr'>novissima</span> <span class='ocrx_word' id='word_1_132' title='bbox 2329 1486 2541 1540; x_wconf 90' lang='lat' dir='ltr'>autem</span> <span class='ocrx_word' id='word_1_133' title='bbox 2602 1496 2819 1540; x_wconf 90' lang='lat' dir='ltr'>earum</span> <span class='ocrx_word' id='word_1_134' title='bbox 2867 1479 3127 1540; x_wconf 87' lang='lat' dir='ltr'>venient</span> <span class='ocrx_word' id='word_1_135' title='bbox 3174 1479 3240 1539; x_wconf 94' lang='lat' dir='ltr'>in</span> <span class='ocrx_word' id='word_1_136' title='bbox 3289 1497 3429 1560; x_wconf 91' lang='lat' dir='ltr'>pro-</span> <span class='ocrx_word' id='word_1_137' title='bbox 3458 1462 3722 1513; x_wconf 70' lang='lat'>&#39;¹²³¹&#39;¹’²⁵·</span> 
     </span>
     <span class='ocr_line' id='line_1_24' title="bbox 1938 1574 3720 1657; baseline -0.001 -21"><span class='ocrx_word' id='word_1_138' title='bbox 1938 1575 2208 1637; x_wconf 83' lang='lat' dir='ltr'>fundum</span> <span class='ocrx_word' id='word_1_139' title='bbox 2240 1574 2507 1655; x_wconf 82' lang='lat' dir='ltr'>inferni3</span> <span class='ocrx_word' id='word_1_140' title='bbox 2539 1583 2601 1639; x_wconf 92' lang='lat' dir='ltr'>et</span> <span class='ocrx_word' id='word_1_141' title='bbox 2633 1576 3212 1657; x_wconf 89' lang='lat' dir='ltr'>iterum,Malignus</span> <span class='ocrx_word' id='word_1_142' title='bbox 3240 1584 3429 1640; x_wconf 89' lang='lat' dir='ltr'>nocet</span> <span class='ocrx_word' id='word_1_143' title='bbox 3457 1593 3720 1642; x_wconf 46' lang='lat' dir='ltr'>mamus,</span> 
     </span>
     <span class='ocr_line' id='line_1_25' title="bbox 1935 1655 3720 1755; baseline 0.002 -21"><span class='ocrx_word' id='word_1_144' title='bbox 1935 1693 2134 1755; x_wconf 90' lang='lat' dir='ltr'>quum</span> <span class='ocrx_word' id='word_1_145' title='bbox 2175 1693 2242 1736; x_wconf 90' lang='lat' dir='ltr'>se</span> <span class='ocrx_word' id='word_1_146' title='bbox 2282 1675 2611 1737; x_wconf 85' lang='lat' dir='ltr'>miscuerit</span> <span class='ocrx_word' id='word_1_147' title='bbox 2646 1675 2854 1755; x_wconf 84' lang='lat' dir='ltr'>just03</span> <span class='ocrx_word' id='word_1_148' title='bbox 2897 1676 2961 1738; x_wconf 92' lang='lat' dir='ltr'>id</span> <span class='ocrx_word' id='word_1_149' title='bbox 3006 1684 3122 1749; x_wconf 86' lang='lat' dir='ltr'>est,</span> <span class='ocrx_word' id='word_1_150' title='bbox 3157 1675 3426 1737; x_wconf 92' lang='lat' dir='ltr'>Zabulus</span> <span class='ocrx_word' id='word_1_151' title='bbox 3451 1659 3576 1714; x_wconf 62' lang='lat' dir='ltr'>jum</span> <span class='ocrx_word' id='word_1_152' title='bbox 3602 1655 3720 1698; x_wconf 74' lang='lat' dir='ltr'><strong>Lxx.</strong></span> 
     </span>
    </p>
   </div>
   <div class='ocr_carea' id='block_1_7' title="bbox 1937 1772 3424 1855">
    <p class='ocr_par' dir='ltr' id='par_1_7' title="bbox 1937 1772 3424 1855">
     <span class='ocr_line' id='line_1_26' title="bbox 1937 1772 3424 1855; baseline 0.001 -22"><span class='ocrx_word' id='word_1_153' title='bbox 1937 1772 2197 1853; x_wconf 88' lang='lat' dir='ltr'>decipit,</span> <span class='ocrx_word' id='word_1_154' title='bbox 2240 1792 2438 1854; x_wconf 91' lang='lat' dir='ltr'>quum</span> <span class='ocrx_word' id='word_1_155' title='bbox 2490 1792 2556 1835; x_wconf 93' lang='grc'>56</span> <span class='ocrx_word' id='word_1_156' title='bbox 2599 1773 2754 1855; x_wconf 89' lang='lat' dir='ltr'>tegit</span> <span class='ocrx_word' id='word_1_157' title='bbox 2796 1774 3147 1836; x_wconf 88' lang='lat' dir='ltr'>sanctitatis</span> <span class='ocrx_word' id='word_1_158' title='bbox 3196 1774 3424 1836; x_wconf 90' lang='lat' dir='ltr'>colore.</span> 
     </span>
    </p>
   </div>
   <div class='ocr_carea' id='block_1_8' title="bbox 347 1863 3432 1949">
    <p class='ocr_par' dir='ltr' id='par_1_8' title="bbox 347 1863 3432 1949">
     <span class='ocr_line' id='line_1_27' title="bbox 347 1863 3432 1949; baseline 0.001 -21"><span class='ocrx_word' id='word_1_159' title='bbox 347 1868 611 1929; x_wconf 83' lang='lat' dir='ltr'>excutiat</span> <span class='ocrx_word' id='word_1_160' title='bbox 638 1886 751 1931; x_wconf 89' lang='lat' dir='ltr'>nos</span> <span class='ocrx_word' id='word_1_161' title='bbox 777 1888 815 1930; x_wconf 91' lang='lat' dir='ltr'>a</span> <span class='ocrx_word' id='word_1_162' title='bbox 838 1868 1278 1949; x_wconf 87' lang='lat' dir='ltr'>spiritualibus</span> <span class='ocrx_word' id='word_1_163' title='bbox 1310 1869 1675 1931; x_wconf 89' lang='lat' dir='ltr'>monasterii</span> <span class='ocrx_word' id='word_1_164' title='bbox 1708 1868 1826 1930; x_wconf 90' lang='lat' dir='ltr'>cel-</span> <span class='ocrx_word' id='word_1_165' title='bbox 1861 1863 1908 1926; x_wconf 93' lang='lat' dir='ltr'><strong>B</strong></span> <span class='ocrx_word' id='word_1_166' title='bbox 1938 1870 2080 1934; x_wconf 90' lang='lat' dir='ltr'>Odit</span> <span class='ocrx_word' id='word_1_167' title='bbox 2109 1878 2323 1932; x_wconf 87' lang='lat' dir='ltr'>autem</span> <span class='ocrx_word' id='word_1_168' title='bbox 2364 1871 2653 1934; x_wconf 92' lang='lat' dir='ltr'>diabolus</span> <span class='ocrx_word' id='word_1_169' title='bbox 2699 1890 2925 1934; x_wconf 90' lang='lat' dir='ltr'>sonum</span> <span class='ocrx_word' id='word_1_170' title='bbox 2965 1872 3200 1946; x_wconf 82' lang='lat' dir='ltr'>tutelae,</span> <span class='ocrx_word' id='word_1_171' title='bbox 3235 1871 3298 1933; x_wconf 89' lang='lat' dir='ltr'>id</span> <span class='ocrx_word' id='word_1_172' title='bbox 3337 1879 3432 1933; x_wconf 88' lang='lat' dir='ltr'>est</span> 
     </span>
    </p>
   </div>
   <div class='ocr_carea' id='block_1_9' title="bbox 346 1964 1833 3010">
    <p class='ocr_par' dir='ltr' id='par_1_9' title="bbox 346 1964 1833 3010">
     <span class='ocr_line' id='line_1_28' title="bbox 347 1964 1826 2048; baseline 0.003 -23"><span class='ocrx_word' id='word_1_173' title='bbox 347 1964 483 2027; x_wconf 91' lang='lat' dir='ltr'>lulis</span> <span class='ocrx_word' id='word_1_174' title='bbox 540 1974 605 2028; x_wconf 93' lang='lat' dir='ltr'>et</span> <span class='ocrx_word' id='word_1_175' title='bbox 660 1985 699 2028; x_wconf 92' lang='lat' dir='ltr'>a</span> <span class='ocrx_word' id='word_1_176' title='bbox 752 1974 997 2029; x_wconf 89' lang='lat' dir='ltr'>secreto</span> <span class='ocrx_word' id='word_1_177' title='bbox 1060 1985 1218 2029; x_wconf 83' lang='lat' dir='ltr'>carae</span> <span class='ocrx_word' id='word_1_178' title='bbox 1279 1967 1531 2048; x_wconf 89' lang='lat' dir='ltr'>quietis.</span> <span class='ocrx_word' id='word_1_179' title='bbox 1594 1967 1826 2047; x_wconf 87' lang='lat' dir='ltr'>Sugge-</span> 
     </span>
     <span class='ocr_line' id='line_1_29' title="bbox 348 2065 1824 2146; baseline 0.001 -21"><span class='ocrx_word' id='word_1_180' title='bbox 348 2065 422 2125; x_wconf 90' lang='lat' dir='ltr'>rit</span> <span class='ocrx_word' id='word_1_181' title='bbox 466 2082 718 2145; x_wconf 90' lang='lat' dir='ltr'>quoque</span> <span class='ocrx_word' id='word_1_182' title='bbox 771 2065 1095 2146; x_wconf 88' lang='lat' dir='ltr'>suscipere</span> <span class='ocrx_word' id='word_1_183' title='bbox 1145 2084 1327 2127; x_wconf 86' lang='lat' dir='ltr'>curas</span> <span class='ocrx_word' id='word_1_184' title='bbox 1388 2065 1824 2145; x_wconf 88' lang='lat' dir='ltr'>religiosarum</span> 
     </span>
     <span class='ocr_line' id='line_1_30' title="bbox 347 2162 1829 2244; baseline 0.001 -21"><span class='ocrx_word' id='word_1_185' title='bbox 347 2162 885 2243; x_wconf 82' lang='lat' dir='ltr'>desolatarumque</span> <span class='ocrx_word' id='word_1_186' title='bbox 915 2162 1322 2235; x_wconf 88' lang='lat' dir='ltr'>feminarum,</span> <span class='ocrx_word' id='word_1_187' title='bbox 1357 2171 1667 2244; x_wconf 90' lang='lat' dir='ltr'>quatenus</span> <span class='ocrx_word' id='word_1_188' title='bbox 1699 2181 1829 2225; x_wconf 92' lang='lat' dir='ltr'>mo-</span> 
     </span>
     <span class='ocr_line' id='line_1_31' title="bbox 346 2260 1833 2342; baseline 0.001 -20"><span class='ocrx_word' id='word_1_189' title='bbox 346 2261 610 2322; x_wconf 90' lang='lat' dir='ltr'>nachum</span> <span class='ocrx_word' id='word_1_190' title='bbox 640 2260 875 2323; x_wconf 89' lang='lat' dir='ltr'>talibus</span> <span class='ocrx_word' id='word_1_191' title='bbox 905 2260 1149 2342; x_wconf 90' lang='lat' dir='ltr'>laqueis</span> <span class='ocrx_word' id='word_1_192' title='bbox 1180 2261 1604 2324; x_wconf 90' lang='lat' dir='ltr'>insolubiliter</span> <span class='ocrx_word' id='word_1_193' title='bbox 1633 2262 1833 2323; x_wconf 87' lang='lat' dir='ltr'>irreti-</span> 
     </span>
     <span class='ocr_line' id='line_1_32' title="bbox 346 2358 1831 2441; baseline 0.003 -25"><span class='ocrx_word' id='word_1_194' title='bbox 346 2364 494 2431; x_wconf 87' lang='lat' dir='ltr'>tum,</span> <span class='ocrx_word' id='word_1_195' title='bbox 526 2358 845 2421; x_wconf 91' lang='lat' dir='ltr'>distendat</span> <span class='ocrx_word' id='word_1_196' title='bbox 873 2366 937 2421; x_wconf 89' lang='lat' dir='ltr'>et</span> <span class='ocrx_word' id='word_1_197' title='bbox 964 2377 1195 2440; x_wconf 88' lang='lat' dir='ltr'>vagum</span> <span class='ocrx_word' id='word_1_198' title='bbox 1235 2358 1479 2421; x_wconf 82' lang='lat' dir='ltr'>efficiat</span> <span class='ocrx_word' id='word_1_199' title='bbox 1516 2359 1831 2441; x_wconf 88' lang='lat' dir='ltr'>pernicio-</span> 
     </span>
     <span class='ocr_line' id='line_1_33' title="bbox 347 2456 1831 2538; baseline 0.001 -22"><span class='ocrx_word' id='word_1_200' title='bbox 347 2474 548 2517; x_wconf 88' lang='lat' dir='ltr'>sarum</span> <span class='ocrx_word' id='word_1_201' title='bbox 593 2456 1011 2538; x_wconf 89' lang='lat' dir='ltr'>occupatione</span> <span class='ocrx_word' id='word_1_202' title='bbox 1056 2475 1385 2536; x_wconf 81' lang='lat' dir='ltr'>curarum3</span> <span class='ocrx_word' id='word_1_203' title='bbox 1427 2457 1528 2519; x_wconf 92' lang='lat' dir='ltr'>vel</span> <span class='ocrx_word' id='word_1_204' title='bbox 1574 2456 1831 2537; x_wconf 88' lang='lat' dir='ltr'>instigat</span> 
     </span>
     <span class='ocr_line' id='line_1_34' title="bbox 348 2554 1825 2630; baseline 0.001 -15"><span class='ocrx_word' id='word_1_205' title='bbox 348 2554 692 2617; x_wconf 87' lang='lat' dir='ltr'>desiderare</span> <span class='ocrx_word' id='word_1_206' title='bbox 754 2562 1043 2617; x_wconf 89' lang='lat' dir='ltr'>sanctum</span> <span class='ocrx_word' id='word_1_207' title='bbox 1115 2555 1449 2618; x_wconf 88' lang='lat' dir='ltr'>clericatus</span> <span class='ocrx_word' id='word_1_208' title='bbox 1510 2555 1825 2630; x_wconf 88' lang='lat' dir='ltr'>officium,</span> 
     </span>
     <span class='ocr_line' id='line_1_35' title="bbox 346 2653 1830 2735; baseline 0 -20"><span class='ocrx_word' id='word_1_209' title='bbox 346 2653 456 2715; x_wconf 90' lang='lat' dir='ltr'>sub</span> <span class='ocrx_word' id='word_1_210' title='bbox 504 2661 813 2735; x_wconf 83' lang='lat' dir='ltr'>praetextu</span> <span class='ocrx_word' id='word_1_211' title='bbox 866 2654 1309 2717; x_wconf 80' lang='lat' dir='ltr'>aedificationis</span> <span class='ocrx_word' id='word_1_212' title='bbox 1368 2654 1717 2717; x_wconf 90' lang='lat' dir='ltr'>multorum</span> <span class='ocrx_word' id='word_1_213' title='bbox 1766 2662 1830 2716; x_wconf 92' lang='lat' dir='ltr'>et</span> 
     </span>
     <span class='ocr_line' id='line_1_36' title="bbox 347 2752 1832 2834; baseline 0.001 -23"><span class='ocrx_word' id='word_1_214' title='bbox 347 2752 685 2832; x_wconf 88' lang='lat' dir='ltr'>spiritualis</span> <span class='ocrx_word' id='word_1_215' title='bbox 717 2752 877 2814; x_wconf 90' lang='lat' dir='ltr'>lucri</span> <span class='ocrx_word' id='word_1_216' title='bbox 907 2770 1144 2827; x_wconf 90' lang='lat' dir='ltr'>amore,</span> <span class='ocrx_word' id='word_1_217' title='bbox 1178 2771 1293 2834; x_wconf 89' lang='lat' dir='ltr'>per</span> <span class='ocrx_word' id='word_1_218' title='bbox 1320 2754 1491 2833; x_wconf 90' lang='lat' dir='ltr'>quod</span> <span class='ocrx_word' id='word_1_219' title='bbox 1521 2771 1638 2815; x_wconf 89' lang='lat' dir='ltr'>nos</span> <span class='ocrx_word' id='word_1_220' title='bbox 1667 2752 1832 2815; x_wconf 90' lang='lat' dir='ltr'>avel-</span> 
     </span>
     <span class='ocr_line' id='line_1_37' title="bbox 347 2849 1830 2931; baseline 0.002 -21"><span class='ocrx_word' id='word_1_221' title='bbox 347 2849 425 2910; x_wconf 88' lang='lat' dir='ltr'>lat</span> <span class='ocrx_word' id='word_1_222' title='bbox 460 2849 540 2911; x_wconf 90' lang='lat' dir='ltr'>ab</span> <span class='ocrx_word' id='word_1_223' title='bbox 572 2850 935 2913; x_wconf 87' lang='lat' dir='ltr'>humilitate</span> <span class='ocrx_word' id='word_1_224' title='bbox 964 2870 1037 2913; x_wconf 86' lang='lat' dir='ltr'>ac</span> <span class='ocrx_word' id='word_1_225' title='bbox 1065 2850 1462 2913; x_wconf 87' lang='lat' dir='ltr'>districtione</span> <span class='ocrx_word' id='word_1_226' title='bbox 1500 2851 1693 2931; x_wconf 88' lang='lat' dir='ltr'>hujus</span> <span class='ocrx_word' id='word_1_227' title='bbox 1724 2870 1830 2913; x_wconf 94' lang='lat' dir='ltr'>vo-</span> 
     </span>
     <span class='ocr_line' id='line_1_38' title="bbox 346 2948 621 3010; baseline 0.011 -3"><span class='ocrx_word' id='word_1_228' title='bbox 346 2948 621 3010; x_wconf 82' lang='lat' dir='ltr'>cationiS.</span> 
     </span>
    </p>
   </div>
   <div class='ocr_carea' id='block_1_10' title="bbox 1938 1969 3434 2149">
    <p class='ocr_par' dir='ltr' id='par_1_10' title="bbox 1938 1969 3434 2149">
     <span class='ocr_line' id='line_1_39' title="bbox 1938 1969 3434 2051; baseline 0 -21"><span class='ocrx_word' id='word_1_229' title='bbox 1938 1969 2340 2031; x_wconf 85' lang='lat' dir='ltr'>discretionis</span> <span class='ocrx_word' id='word_1_230' title='bbox 2398 1970 2724 2043; x_wconf 84' lang='lat' dir='ltr'>virtutem,</span> <span class='ocrx_word' id='word_1_231' title='bbox 2777 1990 2918 2051; x_wconf 85' lang='lat' dir='ltr'>quae</span> <span class='ocrx_word' id='word_1_232' title='bbox 2975 1971 3052 2032; x_wconf 92' lang='lat' dir='ltr'>de</span> <span class='ocrx_word' id='word_1_233' title='bbox 3099 1970 3313 2032; x_wconf 89' lang='lat' dir='ltr'>verbis</span> <span class='ocrx_word' id='word_1_234' title='bbox 3370 1976 3434 2031; x_wconf 92' lang='lat' dir='ltr'>et</span> 
     </span>
     <span class='ocr_line' id='line_1_40' title="bbox 1939 2067 3201 2149; baseline -0.001 -20"><span class='ocrx_word' id='word_1_235' title='bbox 1939 2067 2486 2129; x_wconf 82' lang='lat' dir='ltr'>exhortationibus</span> <span class='ocrx_word' id='word_1_236' title='bbox 2529 2069 2812 2149; x_wconf 85' lang='lat' dir='ltr'>procedit</span> <span class='ocrx_word' id='word_1_237' title='bbox 2857 2070 3201 2132; x_wconf 89' lang='lat' dir='ltr'>seniorum.</span> 
     </span>
    </p>
   </div>
   <div class='ocr_carea' id='block_1_11' title="bbox 2313 2312 3064 2376">
    <p class='ocr_par' dir='ltr' id='par_1_11' title="bbox 2313 2312 3064 2376">
     <span class='ocr_line' id='line_1_41' title="bbox 2313 2312 3064 2376; baseline -0.001 -1"><span class='ocrx_word' id='word_1_238' title='bbox 2313 2312 2816 2376; x_wconf 86' lang='lat' dir='ltr'>CAPITULUM</span> <span class='ocrx_word' id='word_1_239' title='bbox 2875 2312 3064 2376; x_wconf 89' lang='lat' dir='ltr'><strong>XXI.</strong></span> 
     </span>
    </p>
   </div>
   <div class='ocr_carea' id='block_1_12' title="bbox 2145 2450 3233 2507">
    <p class='ocr_par' dir='ltr' id='par_1_12' title="bbox 2145 2450 3233 2507">
     <span class='ocr_line' id='line_1_42' title="bbox 2145 2450 3233 2507; baseline -0.001 0"><span class='ocrx_word' id='word_1_240' title='bbox 2145 2452 2230 2507; x_wconf 83' lang='lat' dir='ltr'>De</span> <span class='ocrx_word' id='word_1_241' title='bbox 2260 2451 2654 2507; x_wconf 74' lang='lat' dir='ltr'>illusionibus</span> <span class='ocrx_word' id='word_1_242' title='bbox 2680 2450 2926 2507; x_wconf 78' lang='lat' dir='ltr'>abbatis</span> <span class='ocrx_word' id='word_1_243' title='bbox 2953 2451 3233 2507; x_wconf 74' lang='lat' dir='ltr'>Ioannis.</span> 
     </span>
    </p>
   </div>
   <div class='ocr_carea' id='block_1_13' title="bbox 1942 2645 3440 3015">
    <p class='ocr_par' dir='ltr' id='par_1_13' title="bbox 1942 2645 3440 3015">
     <span class='ocr_line' id='line_1_43' title="bbox 1942 2645 3434 2808; baseline 0 -97"><span class='ocrx_word' id='word_1_244' title='bbox 1942 2645 2071 2808; x_wconf 85' lang='lat' dir='ltr'>IN</span> <span class='ocrx_word' id='word_1_245' title='bbox 2120 2666 2248 2730; x_wconf 91' lang='lat' dir='ltr'>quo</span> <span class='ocrx_word' id='word_1_246' title='bbox 2306 2648 2496 2710; x_wconf 90' lang='lat' dir='ltr'>etiam</span> <span class='ocrx_word' id='word_1_247' title='bbox 2556 2649 2853 2711; x_wconf 90' lang='lat' dir='ltr'>novimus</span> <span class='ocrx_word' id='word_1_248' title='bbox 2912 2668 3118 2731; x_wconf 90' lang='lat' dir='ltr'>nuper</span> <span class='ocrx_word' id='word_1_249' title='bbox 3174 2649 3434 2712; x_wconf 91' lang='lat' dir='ltr'>illusum</span> 
     </span>
     <span class='ocr_line' id='line_1_44' title="bbox 2045 2747 3440 2831; baseline 0 -22"><span class='ocrx_word' id='word_1_250' title='bbox 2045 2747 2340 2809; x_wconf 88' lang='lat' dir='ltr'>abbatem</span> <span class='ocrx_word' id='word_1_251' title='bbox 2369 2748 2694 2821; x_wconf 74' lang='lat' dir='ltr'>Ioannem,</span> <span class='ocrx_word' id='word_1_252' title='bbox 2729 2748 2839 2829; x_wconf 91' lang='lat' dir='ltr'>qui</span> <span class='ocrx_word' id='word_1_253' title='bbox 2872 2755 3298 2810; x_wconf 89' lang='lat' dir='ltr'>commoratur</span> <span class='ocrx_word' id='word_1_254' title='bbox 3326 2748 3440 2831; x_wconf 81' lang='lat' dir='ltr'>Ly-</span> 
     </span>
     <span class='ocr_line' id='line_1_45' title="bbox 1943 2844 3438 2926; baseline 0 -20"><span class='ocrx_word' id='word_1_255' title='bbox 1943 2844 2021 2907; x_wconf 88' lang='lat' dir='ltr'>ci.</span> <span class='ocrx_word' id='word_1_256' title='bbox 2066 2845 2273 2917; x_wconf 86' lang='lat' dir='ltr'>Quum</span> <span class='ocrx_word' id='word_1_257' title='bbox 2322 2844 2495 2906; x_wconf 91' lang='lat' dir='ltr'>enim</span> <span class='ocrx_word' id='word_1_258' title='bbox 2549 2862 2812 2926; x_wconf 89' lang='lat' dir='ltr'>corpore</span> <span class='ocrx_word' id='word_1_259' title='bbox 2861 2863 2978 2907; x_wconf 91' lang='lat' dir='ltr'>suo</span> <span class='ocrx_word' id='word_1_260' title='bbox 3019 2846 3324 2908; x_wconf 85' lang='lat' dir='ltr'>exhausto</span> <span class='ocrx_word' id='word_1_261' title='bbox 3364 2864 3438 2907; x_wconf 92' lang='lat' dir='ltr'>ac</span> 
     </span>
     <span class='ocr_line' id='line_1_46' title="bbox 1942 2941 3439 3015; baseline 0.001 -10"><span class='ocrx_word' id='word_1_262' title='bbox 1942 2942 2293 3015; x_wconf 86' lang='lat' dir='ltr'>debilitato,</span> <span class='ocrx_word' id='word_1_263' title='bbox 2327 2941 2680 3004; x_wconf 90' lang='lat' dir='ltr'>distulisset</span> <span class='ocrx_word' id='word_1_264' title='bbox 2709 2942 3119 3005; x_wconf 87' lang='lat' dir='ltr'>refectionem</span> <span class='ocrx_word' id='word_1_265' title='bbox 3161 2943 3439 3006; x_wconf 90' lang='lat' dir='ltr'>biduano</span> 
     </span>
    </p>
   </div>
   <div class='ocr_carea' id='block_1_14' title="bbox 408 3040 3438 3127">
    <p class='ocr_par' dir='ltr' id='par_1_14' title="bbox 408 3040 3438 3127">
     <span class='ocr_line' id='line_1_47' title="bbox 408 3040 3438 3127; baseline -0.001 -21"><span class='ocrx_word' id='word_1_266' title='bbox 408 3046 551 3118; x_wconf 79' lang='lat' dir='ltr'>Quae</span> <span class='ocrx_word' id='word_1_267' title='bbox 584 3045 821 3107; x_wconf 86' lang='lat' dir='ltr'>micant</span> <span class='ocrx_word' id='word_1_268' title='bbox 844 3052 1145 3127; x_wconf 88' lang='lat' dir='ltr'>tanquam</span> <span class='ocrx_word' id='word_1_269' title='bbox 1178 3046 1563 3108; x_wconf 88' lang='lat' dir='ltr'>numismata</span> <span class='ocrx_word' id='word_1_270' title='bbox 1594 3047 1829 3108; x_wconf 89' lang='lat' dir='ltr'>summi</span> <span class='ocrx_word' id='word_1_271' title='bbox 1869 3044 1913 3107; x_wconf 89' lang='lat' dir='ltr'><strong>G</strong></span> <span class='ocrx_word' id='word_1_272' title='bbox 1940 3040 2210 3122; x_wconf 82' lang='lat' dir='ltr'>jejunio,</span> <span class='ocrx_word' id='word_1_273' title='bbox 2263 3041 2524 3103; x_wconf 89' lang='lat' dir='ltr'>veniens</span> <span class='ocrx_word' id='word_1_274' title='bbox 2575 3040 2862 3103; x_wconf 91' lang='lat' dir='ltr'>diabolus</span> <span class='ocrx_word' id='word_1_275' title='bbox 2922 3041 2988 3102; x_wconf 91' lang='lat' dir='ltr'>in</span> <span class='ocrx_word' id='word_1_276' title='bbox 3036 3041 3244 3122; x_wconf 82' lang='lat' dir='ltr'>figura</span> <span class='ocrx_word' id='word_1_277' title='bbox 3291 3042 3438 3104; x_wconf 87' lang='lat' dir='ltr'>tetri</span> 
     </span>
    </p>
   </div>
   <div class='ocr_carea' id='block_1_15' title="bbox 348 3144 1839 4208">
    <p class='ocr_par' dir='ltr' id='par_1_15' title="bbox 348 3144 1839 4208">
     <span class='ocr_line' id='line_1_48' title="bbox 348 3144 1831 3227; baseline 0.002 -23"><span class='ocrx_word' id='word_1_278' title='bbox 348 3144 524 3224; x_wconf 89' lang='lat' dir='ltr'>regis,</span> <span class='ocrx_word' id='word_1_279' title='bbox 576 3144 727 3225; x_wconf 91' lang='lat' dir='ltr'>quia</span> <span class='ocrx_word' id='word_1_280' title='bbox 782 3145 861 3206; x_wconf 91' lang='lat' dir='ltr'>ad</span> <span class='ocrx_word' id='word_1_281' title='bbox 920 3162 1197 3225; x_wconf 84' lang='lat' dir='ltr'>praesens</span> <span class='ocrx_word' id='word_1_282' title='bbox 1246 3144 1545 3207; x_wconf 90' lang='lat' dir='ltr'>videntur</span> <span class='ocrx_word' id='word_1_283' title='bbox 1596 3144 1831 3227; x_wconf 88' lang='lat' dir='ltr'>pietate</span> 
     </span>
     <span class='ocr_line' id='line_1_49' title="bbox 348 3242 1831 3324; baseline 0.001 -21"><span class='ocrx_word' id='word_1_284' title='bbox 348 3243 609 3323; x_wconf 84' lang='lat' dir='ltr'>repleta3</span> <span class='ocrx_word' id='word_1_285' title='bbox 640 3243 751 3304; x_wconf 91' lang='lat' dir='ltr'>sed</span> <span class='ocrx_word' id='word_1_286' title='bbox 790 3260 917 3304; x_wconf 89' lang='lat' dir='ltr'>non</span> <span class='ocrx_word' id='word_1_287' title='bbox 960 3250 1109 3303; x_wconf 91' lang='lat' dir='ltr'>sunt</span> <span class='ocrx_word' id='word_1_288' title='bbox 1145 3242 1420 3323; x_wconf 82' lang='lat' dir='ltr'>figurata</span> <span class='ocrx_word' id='word_1_289' title='bbox 1455 3263 1492 3305; x_wconf 93' lang='lat' dir='ltr'>a</span> <span class='ocrx_word' id='word_1_290' title='bbox 1531 3243 1831 3324; x_wconf 87' lang='lat' dir='ltr'>legitimis</span> 
     </span>
     <span class='ocr_line' id='line_1_50' title="bbox 348 3340 1834 3424; baseline 0.003 -23"><span class='ocrx_word' id='word_1_291' title='bbox 348 3340 809 3413; x_wconf 88' lang='lat' dir='ltr'>nummulariis,</span> <span class='ocrx_word' id='word_1_292' title='bbox 842 3341 908 3402; x_wconf 92' lang='lat' dir='ltr'>id</span> <span class='ocrx_word' id='word_1_293' title='bbox 946 3348 1043 3402; x_wconf 92' lang='lat' dir='ltr'>est</span> <span class='ocrx_word' id='word_1_294' title='bbox 1073 3341 1355 3421; x_wconf 90' lang='lat' dir='ltr'>probatis</span> <span class='ocrx_word' id='word_1_295' title='bbox 1395 3350 1585 3424; x_wconf 91' lang='lat' dir='ltr'>atque</span> <span class='ocrx_word' id='word_1_296' title='bbox 1625 3344 1834 3405; x_wconf 88' lang='lat' dir='ltr'>catho-</span> 
     </span>
     <span class='ocr_line' id='line_1_51' title="bbox 349 3438 1831 3521; baseline 0.003 -22"><span class='ocrx_word' id='word_1_297' title='bbox 349 3438 478 3500; x_wconf 91' lang='lat' dir='ltr'>licis</span> <span class='ocrx_word' id='word_1_298' title='bbox 523 3438 835 3512; x_wconf 83' lang='lat' dir='ltr'>PatribuS‚</span> <span class='ocrx_word' id='word_1_299' title='bbox 879 3458 999 3501; x_wconf 91' lang='lat' dir='ltr'>nec</span> <span class='ocrx_word' id='word_1_300' title='bbox 1048 3440 1400 3521; x_wconf 87' lang='lat' dir='ltr'>procedunt</span> <span class='ocrx_word' id='word_1_301' title='bbox 1442 3440 1521 3503; x_wconf 90' lang='lat' dir='ltr'>de</span> <span class='ocrx_word' id='word_1_302' title='bbox 1566 3440 1831 3503; x_wconf 80' lang='lat' dir='ltr'>officina</span> 
     </span>
     <span class='ocr_line' id='line_1_52' title="bbox 348 3538 1831 3620; baseline 0.001 -21"><span class='ocrx_word' id='word_1_303' title='bbox 348 3555 559 3599; x_wconf 89' lang='lat' dir='ltr'>eorum</span> <span class='ocrx_word' id='word_1_304' title='bbox 611 3538 949 3620; x_wconf 88' lang='lat' dir='ltr'>principali</span> <span class='ocrx_word' id='word_1_305' title='bbox 996 3557 1071 3600; x_wconf 92' lang='lat' dir='ltr'>ac</span> <span class='ocrx_word' id='word_1_306' title='bbox 1119 3538 1398 3620; x_wconf 90' lang='lat' dir='ltr'>publica,</span> <span class='ocrx_word' id='word_1_307' title='bbox 1450 3540 1559 3601; x_wconf 93' lang='lat' dir='ltr'>sed</span> <span class='ocrx_word' id='word_1_308' title='bbox 1608 3538 1831 3601; x_wconf 84' lang='lat' dir='ltr'>furtim</span> 
     </span>
     <span class='ocr_line' id='line_1_53' title="bbox 350 3634 1835 3717; baseline 0.001 -22"><span class='ocrx_word' id='word_1_309' title='bbox 350 3634 647 3697; x_wconf 79' lang='lat' dir='ltr'>fabricata</span> <span class='ocrx_word' id='word_1_310' title='bbox 712 3637 1074 3699; x_wconf 65' lang='lat' dir='ltr'>daemonum</span> <span class='ocrx_word' id='word_1_311' title='bbox 1143 3635 1387 3710; x_wconf 85' lang='lat' dir='ltr'>fraude,</span> <span class='ocrx_word' id='word_1_312' title='bbox 1458 3636 1835 3717; x_wconf 88' lang='lat' dir='ltr'>ingeruntur</span> 
     </span>
     <span class='ocr_line' id='line_1_54' title="bbox 351 3732 1837 3813; baseline 0.001 -20"><span class='ocrx_word' id='word_1_313' title='bbox 351 3732 781 3813; x_wconf 88' lang='lat' dir='ltr'>ignorantibus</span> <span class='ocrx_word' id='word_1_314' title='bbox 828 3740 892 3795; x_wconf 92' lang='lat' dir='ltr'>et</span> <span class='ocrx_word' id='word_1_315' title='bbox 941 3734 1211 3795; x_wconf 87' lang='lat' dir='ltr'>indoctis</span> <span class='ocrx_word' id='word_1_316' title='bbox 1267 3751 1393 3795; x_wconf 88' lang='lat' dir='ltr'>non</span> <span class='ocrx_word' id='word_1_317' title='bbox 1454 3734 1591 3795; x_wconf 91' lang='lat' dir='ltr'>sine</span> <span class='ocrx_word' id='word_1_318' title='bbox 1649 3734 1837 3795; x_wconf 85' lang='lat' dir='ltr'>detri-</span> 
     </span>
     <span class='ocr_line' id='line_1_55' title="bbox 354 3831 1837 3911; baseline 0.001 -19"><span class='ocrx_word' id='word_1_319' title='bbox 354 3839 557 3894; x_wconf 87' lang='lat' dir='ltr'>mento</span> <span class='ocrx_word' id='word_1_320' title='bbox 588 3848 830 3893; x_wconf 91' lang='lat' dir='ltr'>eorum.</span> <span class='ocrx_word' id='word_1_321' title='bbox 866 3831 1013 3903; x_wconf 71' lang='lat' dir='ltr'>Quae</span> <span class='ocrx_word' id='word_1_322' title='bbox 1042 3831 1334 3911; x_wconf 90' lang='lat' dir='ltr'>quamvis</span> <span class='ocrx_word' id='word_1_323' title='bbox 1366 3832 1721 3894; x_wconf 91' lang='lat' dir='ltr'>necessaria</span> <span class='ocrx_word' id='word_1_324' title='bbox 1749 3840 1837 3893; x_wconf 90' lang='lat' dir='ltr'>at-</span> 
     </span>
     <span class='ocr_line' id='line_1_56' title="bbox 352 3929 1834 4011; baseline 0.001 -20"><span class='ocrx_word' id='word_1_325' title='bbox 352 3948 466 4011; x_wconf 90' lang='lat' dir='ltr'>que</span> <span class='ocrx_word' id='word_1_326' title='bbox 497 3930 683 3992; x_wconf 88' lang='lat' dir='ltr'>utilia</span> <span class='ocrx_word' id='word_1_327' title='bbox 710 3929 1044 3991; x_wconf 88' lang='lat' dir='ltr'>videantur</span> <span class='ocrx_word' id='word_1_328' title='bbox 1080 3929 1159 3991; x_wconf 90' lang='lat' dir='ltr'>ad</span> <span class='ocrx_word' id='word_1_329' title='bbox 1201 3947 1499 4010; x_wconf 78' lang='lat' dir='ltr'>praesenS,</span> <span class='ocrx_word' id='word_1_330' title='bbox 1532 3938 1742 3992; x_wconf 90' lang='lat' dir='ltr'>tamen</span> <span class='ocrx_word' id='word_1_331' title='bbox 1782 3931 1834 3994; x_wconf 92' lang='lat' dir='ltr'>si</span> 
     </span>
     <span class='ocr_line' id='line_1_57' title="bbox 354 4026 1838 4108; baseline 0.001 -21"><span class='ocrx_word' id='word_1_332' title='bbox 354 4026 655 4108; x_wconf 84' lang='lat' dir='ltr'>incipiant</span> <span class='ocrx_word' id='word_1_333' title='bbox 704 4046 843 4089; x_wconf 89' lang='lat' dir='ltr'>esse</span> <span class='ocrx_word' id='word_1_334' title='bbox 892 4026 1203 4089; x_wconf 86' lang='lat' dir='ltr'>contraria</span> <span class='ocrx_word' id='word_1_335' title='bbox 1249 4026 1575 4101; x_wconf 87' lang='lat' dir='ltr'>soliditati,</span> <span class='ocrx_word' id='word_1_336' title='bbox 1624 4034 1688 4089; x_wconf 92' lang='lat' dir='ltr'>et</span> <span class='ocrx_word' id='word_1_337' title='bbox 1736 4028 1838 4089; x_wconf 92' lang='lat' dir='ltr'>de-</span> 
     </span>
     <span class='ocr_line' id='line_1_58' title="bbox 352 4125 1839 4208; baseline 0.002 -23"><span class='ocrx_word' id='word_1_338' title='bbox 352 4125 597 4188; x_wconf 88' lang='lat' dir='ltr'>bilitare</span> <span class='ocrx_word' id='word_1_339' title='bbox 628 4133 833 4188; x_wconf 88' lang='lat' dir='ltr'>totum</span> <span class='ocrx_word' id='word_1_340' title='bbox 874 4144 1103 4207; x_wconf 90' lang='lat' dir='ltr'>corpus</span> <span class='ocrx_word' id='word_1_341' title='bbox 1144 4126 1343 4189; x_wconf 88' lang='lat' dir='ltr'>nostri</span> <span class='ocrx_word' id='word_1_342' title='bbox 1384 4126 1714 4208; x_wconf 87' lang='lat' dir='ltr'>propositi,</span> <span class='ocrx_word' id='word_1_343' title='bbox 1747 4146 1839 4188; x_wconf 90' lang='grc'>56-</span> 
     </span>
    </p>
   </div>
   <div class='ocr_carea' id='block_1_16' title="bbox 352 4320 1839 4795">
    <p class='ocr_par' dir='ltr' id='par_1_16' title="bbox 352 4320 1839 4795">
     <span class='ocr_line' id='line_1_59' title="bbox 355 4320 1837 4404; baseline 0 -21"><span class='ocrx_word' id='word_1_344' title='bbox 355 4322 708 4384; x_wconf 90' lang='lat' dir='ltr'>membrum</span> <span class='ocrx_word' id='word_1_345' title='bbox 752 4320 1207 4395; x_wconf 80' lang='lat' dir='ltr'>scandalizanS‚</span> <span class='ocrx_word' id='word_1_346' title='bbox 1248 4322 1541 4404; x_wconf 90' lang='lat' dir='ltr'>quamvis</span> <span class='ocrx_word' id='word_1_347' title='bbox 1582 4322 1837 4384; x_wconf 90' lang='lat' dir='ltr'>aliunde</span> 
     </span>
     <span class='ocr_line' id='line_1_60' title="bbox 352 4420 1839 4500; baseline 0.001 -19"><span class='ocrx_word' id='word_1_348' title='bbox 352 4426 471 4482; x_wconf 87' lang='lat' dir='ltr'>tam</span> <span class='ocrx_word' id='word_1_349' title='bbox 522 4420 956 4483; x_wconf 90' lang='lat' dir='ltr'>necessarium</span> <span class='ocrx_word' id='word_1_350' title='bbox 1008 4428 1075 4480; x_wconf 93' lang='lat' dir='ltr'>ut</span> <span class='ocrx_word' id='word_1_351' title='bbox 1126 4420 1414 4482; x_wconf 90' lang='lat' dir='ltr'>videatur</span> <span class='ocrx_word' id='word_1_352' title='bbox 1460 4438 1645 4500; x_wconf 87' lang='lat' dir='ltr'>agere</span> <span class='ocrx_word' id='word_1_353' title='bbox 1694 4420 1839 4482; x_wconf 82' lang='lat' dir='ltr'>ofri-</span> 
     </span>
     <span class='ocr_line' id='line_1_61' title="bbox 354 4518 1838 4598; baseline 0.002 -21"><span class='ocrx_word' id='word_1_354' title='bbox 354 4518 516 4580; x_wconf 90' lang='lat' dir='ltr'>cium</span> <span class='ocrx_word' id='word_1_355' title='bbox 576 4519 852 4581; x_wconf 84' lang='lat' dir='ltr'>dexterae</span> <span class='ocrx_word' id='word_1_356' title='bbox 910 4536 1135 4579; x_wconf 91' lang='lat' dir='ltr'>manus</span> <span class='ocrx_word' id='word_1_357' title='bbox 1190 4524 1300 4579; x_wconf 91' lang='lat' dir='ltr'>aut</span> <span class='ocrx_word' id='word_1_358' title='bbox 1356 4518 1555 4598; x_wconf 91' lang='lat' dir='ltr'>pedis.</span> <span class='ocrx_word' id='word_1_359' title='bbox 1617 4518 1838 4580; x_wconf 88' lang='lat' dir='ltr'>Melius</span> 
     </span>
     <span class='ocr_line' id='line_1_62' title="bbox 355 4614 1838 4698; baseline 0.001 -23"><span class='ocrx_word' id='word_1_360' title='bbox 355 4635 620 4698; x_wconf 90' lang='lat' dir='ltr'>namque</span> <span class='ocrx_word' id='word_1_361' title='bbox 651 4623 749 4678; x_wconf 90' lang='lat' dir='ltr'>est</span> <span class='ocrx_word' id='word_1_362' title='bbox 777 4614 1021 4697; x_wconf 86' lang='lat' dir='ltr'>absque</span> <span class='ocrx_word' id='word_1_363' title='bbox 1058 4614 1368 4689; x_wconf 89' lang='lat' dir='ltr'>membr0,</span> <span class='ocrx_word' id='word_1_364' title='bbox 1403 4615 1466 4677; x_wconf 92' lang='lat' dir='ltr'>id</span> <span class='ocrx_word' id='word_1_365' title='bbox 1497 4623 1593 4677; x_wconf 89' lang='lat' dir='ltr'>est</span> <span class='ocrx_word' id='word_1_366' title='bbox 1620 4633 1838 4696; x_wconf 90' lang='lat' dir='ltr'>opera·</span> 
     </span>
     <span class='ocr_line' id='line_1_63' title="bbox 357 4712 1837 4795; baseline 0.001 -22"><span class='ocrx_word' id='word_1_367' title='bbox 357 4712 515 4775; x_wconf 89' lang='lat' dir='ltr'>tione</span> <span class='ocrx_word' id='word_1_368' title='bbox 554 4714 749 4775; x_wconf 90' lang='lat' dir='ltr'>unius</span> <span class='ocrx_word' id='word_1_369' title='bbox 791 4713 1113 4795; x_wconf 63' lang='lat' dir='ltr'>praecepti,</span> <span class='ocrx_word' id='word_1_370' title='bbox 1148 4720 1356 4775; x_wconf 87' lang='lat' dir='ltr'>cetera</span> <span class='ocrx_word' id='word_1_371' title='bbox 1392 4730 1585 4793; x_wconf 89' lang='lat' dir='ltr'>opera</span> <span class='ocrx_word' id='word_1_372' title='bbox 1627 4732 1837 4775; x_wconf 89' lang='lat' dir='ltr'>mane-</span> 
     </span>
    </p>
   </div>
   <div class='ocr_carea' id='block_1_17' title="bbox 322 4809 1837 4892">
    <p class='ocr_par' dir='ltr' id='par_1_17' title="bbox 322 4809 1837 4892">
     <span class='ocr_line' id='line_1_64' title="bbox 322 4809 1837 4892; baseline -0.002 -17"><span class='ocrx_word' id='word_1_373' title='bbox 322 4828 417 4875; x_wconf 78' lang='lat' dir='ltr'>‚re</span> <span class='ocrx_word' id='word_1_374' title='bbox 446 4829 595 4872; x_wconf 85' lang='lat' dir='ltr'>sana</span> <span class='ocrx_word' id='word_1_375' title='bbox 623 4829 699 4872; x_wconf 92' lang='grc'>66</span> <span class='ocrx_word' id='word_1_376' title='bbox 728 4809 941 4884; x_wconf 85' lang='lat' dir='ltr'>firma,</span> <span class='ocrx_word' id='word_1_377' title='bbox 974 4817 1037 4872; x_wconf 95' lang='lat' dir='ltr'>et</span> <span class='ocrx_word' id='word_1_378' title='bbox 1066 4809 1246 4892; x_wconf 89' lang='lat' dir='ltr'>quasi</span> <span class='ocrx_word' id='word_1_379' title='bbox 1284 4809 1561 4872; x_wconf 88' lang='lat' dir='ltr'>debilem</span> <span class='ocrx_word' id='word_1_380' title='bbox 1602 4810 1837 4873; x_wconf 89' lang='lat' dir='ltr'>intrare</span> 
     </span>
    </p>
   </div>
   <div class='ocr_carea' id='block_1_18' title="bbox 356 4906 1839 5384">
    <p class='ocr_par' dir='ltr' id='par_1_18' title="bbox 356 4906 1839 5384">
     <span class='ocr_line' id='line_1_65' title="bbox 358 4906 1839 4990; baseline 0.001 -23"><span class='ocrx_word' id='word_1_381' title='bbox 358 4906 417 4968; x_wconf 89' lang='lat' dir='ltr'>in</span> <span class='ocrx_word' id='word_1_382' title='bbox 470 4927 738 4990; x_wconf 87' lang='lat' dir='ltr'>regnum</span> <span class='ocrx_word' id='word_1_383' title='bbox 790 4908 1119 4983; x_wconf 89' lang='lat' dir='ltr'>coelorum‚</span> <span class='ocrx_word' id='word_1_384' title='bbox 1173 4926 1363 4989; x_wconf 90' lang='lat' dir='ltr'>quam</span> <span class='ocrx_word' id='word_1_385' title='bbox 1419 4926 1567 4969; x_wconf 90' lang='lat' dir='ltr'>cum</span> <span class='ocrx_word' id='word_1_386' title='bbox 1624 4908 1839 4970; x_wconf 91' lang='lat' dir='ltr'>solidi-</span> 
     </span>
     <span class='ocr_line' id='line_1_66' title="bbox 358 5005 1838 5087; baseline 0.003 -23"><span class='ocrx_word' id='word_1_387' title='bbox 358 5011 473 5067; x_wconf 87' lang='lat' dir='ltr'>tate</span> <span class='ocrx_word' id='word_1_388' title='bbox 512 5026 627 5068; x_wconf 90' lang='grc'>566</span> <span class='ocrx_word' id='word_1_389' title='bbox 672 5014 821 5068; x_wconf 88' lang='lat' dir='ltr'>actu</span> <span class='ocrx_word' id='word_1_390' title='bbox 872 5006 1148 5068; x_wconf 90' lang='lat' dir='ltr'>mandati</span> <span class='ocrx_word' id='word_1_391' title='bbox 1197 5005 1510 5087; x_wconf 87' lang='lat' dir='ltr'>cujusque</span> <span class='ocrx_word' id='word_1_392' title='bbox 1559 5005 1838 5069; x_wconf 89' lang='lat' dir='ltr'>incidere</span> 
     </span>
     <span class='ocr_line' id='line_1_67' title="bbox 356 5103 1839 5186; baseline 0.003 -23"><span class='ocrx_word' id='word_1_393' title='bbox 356 5104 603 5186; x_wconf 89' lang='lat' dir='ltr'>aliquod</span> <span class='ocrx_word' id='word_1_394' title='bbox 655 5103 1048 5177; x_wconf 88' lang='lat' dir='ltr'>scandalum,</span> <span class='ocrx_word' id='word_1_395' title='bbox 1104 5104 1274 5185; x_wconf 90' lang='lat' dir='ltr'>quod</span> <span class='ocrx_word' id='word_1_396' title='bbox 1326 5122 1440 5166; x_wconf 93' lang='lat' dir='ltr'>nos</span> <span class='ocrx_word' id='word_1_397' title='bbox 1492 5104 1839 5167; x_wconf 88' lang='lat' dir='ltr'>abstractos</span> 
     </span>
     <span class='ocr_line' id='line_1_68' title="bbox 357 5201 1839 5283; baseline 0.002 -22"><span class='ocrx_word' id='word_1_398' title='bbox 357 5218 391 5261; x_wconf 88' lang='lat' dir='ltr'>a</span> <span class='ocrx_word' id='word_1_399' title='bbox 432 5202 646 5283; x_wconf 85' lang='lat' dir='ltr'>regula</span> <span class='ocrx_word' id='word_1_400' title='bbox 704 5201 1123 5265; x_wconf 87' lang='lat' dir='ltr'>districtionis</span> <span class='ocrx_word' id='word_1_401' title='bbox 1179 5209 1368 5283; x_wconf 91' lang='lat' dir='ltr'>atque</span> <span class='ocrx_word' id='word_1_402' title='bbox 1415 5220 1452 5263; x_wconf 87' lang='grc'>6</span> <span class='ocrx_word' id='word_1_403' title='bbox 1501 5201 1839 5283; x_wconf 90' lang='lat' dir='ltr'>disciplina</span> 
     </span>
     <span class='ocr_line' id='line_1_69' title="bbox 356 5299 1837 5384; baseline 0.001 -23"><span class='ocrx_word' id='word_1_404' title='bbox 356 5300 581 5383; x_wconf 86' lang='lat' dir='ltr'>arrepti</span> <span class='ocrx_word' id='word_1_405' title='bbox 638 5299 972 5384; x_wconf 88' lang='lat' dir='ltr'>propositi,</span> <span class='ocrx_word' id='word_1_406' title='bbox 1022 5300 1327 5383; x_wconf 87' lang='lat' dir='ltr'>perducat</span> <span class='ocrx_word' id='word_1_407' title='bbox 1378 5300 1837 5363; x_wconf 90' lang='lat' dir='ltr'>consuetudine</span> 
     </span>
    </p>
   </div>
   <div class='ocr_carea' id='block_1_19' title="bbox 1942 3138 3442 4194">
    <p class='ocr_par' dir='ltr' id='par_1_19' title="bbox 1942 3138 3442 4194">
     <span class='ocr_line' id='line_1_70' title="bbox 1942 3138 3438 3221; baseline 0.001 -20"><span class='ocrx_word' id='word_1_408' title='bbox 1942 3139 2274 3220; x_wconf 80' lang='lat' dir='ltr'>AEthiopis‚</span> <span class='ocrx_word' id='word_1_409' title='bbox 2316 3147 2506 3221; x_wconf 85' lang='lat' dir='ltr'>atque</span> <span class='ocrx_word' id='word_1_410' title='bbox 2556 3138 2924 3221; x_wconf 89' lang='lat' dir='ltr'>provolutus</span> <span class='ocrx_word' id='word_1_411' title='bbox 2967 3140 3044 3201; x_wconf 92' lang='lat' dir='ltr'>ad</span> <span class='ocrx_word' id='word_1_412' title='bbox 3093 3158 3301 3219; x_wconf 89' lang='lat' dir='ltr'>genua</span> <span class='ocrx_word' id='word_1_413' title='bbox 3340 3140 3438 3202; x_wconf 88' lang='lat' dir='ltr'>Jo-</span> 
     </span>
     <span class='ocr_line' id='line_1_71' title="bbox 1942 3236 3438 3311; baseline 0.001 -13"><span class='ocrx_word' id='word_1_414' title='bbox 1942 3236 2149 3311; x_wconf 91' lang='lat' dir='ltr'>annis,</span> <span class='ocrx_word' id='word_1_415' title='bbox 2200 3238 2360 3299; x_wconf 82' lang='lat' dir='ltr'>dixit</span> <span class='ocrx_word' id='word_1_416' title='bbox 2407 3238 2465 3299; x_wconf 92' lang='lat' dir='ltr'>ei</span> <span class='ocrx_word' id='word_1_417' title='bbox 2514 3238 2592 3299; x_wconf 89' lang='lat' dir='ltr'>ad</span> <span class='ocrx_word' id='word_1_418' title='bbox 2642 3237 3052 3300; x_wconf 82' lang='lat' dir='ltr'>refectionem</span> <span class='ocrx_word' id='word_1_419' title='bbox 3112 3238 3438 3300; x_wconf 87' lang='lat' dir='ltr'>accedenti</span> 
     </span>
     <span class='ocr_line' id='line_1_72' title="bbox 1944 3335 3439 3417; baseline -0.001 -19"><span class='ocrx_word' id='word_1_420' title='bbox 1944 3336 2046 3398; x_wconf 90' lang='lat' dir='ltr'>die</span> <span class='ocrx_word' id='word_1_421' title='bbox 2088 3335 2378 3416; x_wconf 90' lang='lat' dir='ltr'>sequenti</span> <span class='ocrx_word' id='word_1_422' title='bbox 2413 3353 2427 3397; x_wconf 91' lang='lat'>:</span> <span class='ocrx_word' id='word_1_423' title='bbox 2461 3336 2722 3417; x_wconf 78' lang='lat' dir='ltr'>indulge</span> <span class='ocrx_word' id='word_1_424' title='bbox 2763 3335 2940 3410; x_wconf 90' lang='lat' dir='ltr'>mihi,</span> <span class='ocrx_word' id='word_1_425' title='bbox 2975 3336 3284 3417; x_wconf 65' lang='lat' dir='ltr'>quia‘ego</span> <span class='ocrx_word' id='word_1_426' title='bbox 3321 3336 3439 3398; x_wconf 88' lang='lat' dir='ltr'>tibi</span> 
     </span>
     <span class='ocr_line' id='line_1_73' title="bbox 1945 3433 3439 3515; baseline 0 -20"><span class='ocrx_word' id='word_1_427' title='bbox 1945 3434 2117 3496; x_wconf 90' lang='lat' dir='ltr'>hunc</span> <span class='ocrx_word' id='word_1_428' title='bbox 2149 3434 2430 3496; x_wconf 91' lang='lat' dir='ltr'>laborem</span> <span class='ocrx_word' id='word_1_429' title='bbox 2465 3434 2687 3496; x_wconf 87' lang='lat' dir='ltr'>indixi.</span> <span class='ocrx_word' id='word_1_430' title='bbox 2713 3434 2929 3515; x_wconf 90' lang='lat' dir='ltr'>Itaque</span> <span class='ocrx_word' id='word_1_431' title='bbox 2960 3433 3070 3496; x_wconf 95' lang='lat' dir='ltr'>ille</span> <span class='ocrx_word' id='word_1_432' title='bbox 3099 3434 3198 3496; x_wconf 92' lang='lat' dir='ltr'>vir</span> <span class='ocrx_word' id='word_1_433' title='bbox 3228 3440 3439 3496; x_wconf 88' lang='lat' dir='ltr'>tantus</span> 
     </span>
     <span class='ocr_line' id='line_1_74' title="bbox 1944 3531 3442 3613; baseline -0.002 -18"><span class='ocrx_word' id='word_1_434' title='bbox 1944 3540 2008 3595; x_wconf 89' lang='lat' dir='ltr'>et</span> <span class='ocrx_word' id='word_1_435' title='bbox 2052 3532 2116 3594; x_wconf 92' lang='lat' dir='ltr'>in</span> <span class='ocrx_word' id='word_1_436' title='bbox 2161 3532 2564 3595; x_wconf 88' lang='lat' dir='ltr'>discretionis</span> <span class='ocrx_word' id='word_1_437' title='bbox 2604 3532 2839 3594; x_wconf 88' lang='lat' dir='ltr'>virtute</span> <span class='ocrx_word' id='word_1_438' title='bbox 2883 3531 3226 3613; x_wconf 81' lang='lat' dir='ltr'>perfectuS,</span> <span class='ocrx_word' id='word_1_439' title='bbox 3261 3531 3442 3594; x_wconf 91' lang='lat' dir='ltr'>intel-</span> 
     </span>
     <span class='ocr_line' id='line_1_75' title="bbox 1947 3629 3440 3693; baseline 0 -2"><span class='ocrx_word' id='word_1_440' title='bbox 1947 3631 2097 3693; x_wconf 85' lang='lat' dir='ltr'>lexit</span> <span class='ocrx_word' id='word_1_441' title='bbox 2143 3650 2212 3693; x_wconf 93' lang='lat' dir='ltr'>se</span> <span class='ocrx_word' id='word_1_442' title='bbox 2256 3630 2597 3693; x_wconf 89' lang='lat' dir='ltr'>calliditate</span> <span class='ocrx_word' id='word_1_443' title='bbox 2645 3629 2879 3693; x_wconf 89' lang='lat' dir='ltr'>diaboli</span> <span class='ocrx_word' id='word_1_444' title='bbox 2931 3630 3440 3692; x_wconf 88' lang='lat' dir='ltr'>circumventum</span> 
     </span>
     <span class='ocr_line' id='line_1_76' title="bbox 1948 3728 3442 3809; baseline 0 -19"><span class='ocrx_word' id='word_1_445' title='bbox 1948 3728 2067 3790; x_wconf 91' lang='lat' dir='ltr'>sub</span> <span class='ocrx_word' id='word_1_446' title='bbox 2093 3730 2302 3791; x_wconf 89' lang='lat' dir='ltr'>colore</span> <span class='ocrx_word' id='word_1_447' title='bbox 2331 3729 2730 3791; x_wconf 79' lang='lat' dir='ltr'>abstinentiae</span> <span class='ocrx_word' id='word_1_448' title='bbox 2762 3728 3252 3809; x_wconf 89' lang='lat' dir='ltr'>incongruenter</span> <span class='ocrx_word' id='word_1_449' title='bbox 3273 3747 3442 3790; x_wconf 86' lang='lat' dir='ltr'>exer·</span> 
     </span>
     <span class='ocr_line' id='line_1_77' title="bbox 1948 3825 3442 3907; baseline 0 -19"><span class='ocrx_word' id='word_1_450' title='bbox 1948 3827 2173 3899; x_wconf 85' lang='lat' dir='ltr'>citatae,</span> <span class='ocrx_word' id='word_1_451' title='bbox 2217 3845 2291 3887; x_wconf 90' lang='lat' dir='ltr'>ac</span> <span class='ocrx_word' id='word_1_452' title='bbox 2340 3826 2448 3888; x_wconf 86' lang='lat' dir='ltr'>tali</span> <span class='ocrx_word' id='word_1_453' title='bbox 2499 3826 2862 3889; x_wconf 84' lang='lat' dir='ltr'>confectum</span> <span class='ocrx_word' id='word_1_454' title='bbox 2908 3825 3178 3907; x_wconf 88' lang='lat' dir='ltr'>jejunio,</span> <span class='ocrx_word' id='word_1_455' title='bbox 3223 3834 3294 3887; x_wconf 93' lang='lat' dir='ltr'>ut</span> <span class='ocrx_word' id='word_1_456' title='bbox 3341 3846 3442 3888; x_wconf 91' lang='lat' dir='ltr'>su-</span> 
     </span>
     <span class='ocr_line' id='line_1_78' title="bbox 1950 3924 3440 4007; baseline 0 -20"><span class='ocrx_word' id='word_1_457' title='bbox 1950 3931 2330 4007; x_wconf 92' lang='lat' dir='ltr'>perponeret</span> <span class='ocrx_word' id='word_1_458' title='bbox 2374 3924 2633 4005; x_wconf 83' lang='lat' dir='ltr'>fatigato</span> <span class='ocrx_word' id='word_1_459' title='bbox 2683 3925 2932 4005; x_wconf 89' lang='lat' dir='ltr'>corpori</span> <span class='ocrx_word' id='word_1_460' title='bbox 2981 3943 3096 3987; x_wconf 91' lang='lat' dir='ltr'>suo</span> <span class='ocrx_word' id='word_1_461' title='bbox 3142 3924 3440 3987; x_wconf 80' lang='lat' dir='ltr'>afflictio-</span> 
     </span>
     <span class='ocr_line' id='line_1_79' title="bbox 1947 4022 3441 4104; baseline -0.001 -18"><span class='ocrx_word' id='word_1_462' title='bbox 1947 4043 2097 4086; x_wconf 89' lang='lat' dir='ltr'>nem</span> <span class='ocrx_word' id='word_1_463' title='bbox 2142 4042 2268 4085; x_wconf 91' lang='lat' dir='ltr'>non</span> <span class='ocrx_word' id='word_1_464' title='bbox 2309 4023 2751 4095; x_wconf 88' lang='lat' dir='ltr'>necessariam,</span> <span class='ocrx_word' id='word_1_465' title='bbox 2785 4022 2914 4085; x_wconf 92' lang='lat' dir='ltr'>imo</span> <span class='ocrx_word' id='word_1_466' title='bbox 2952 4023 3142 4085; x_wconf 89' lang='lat' dir='ltr'>etiam</span> <span class='ocrx_word' id='word_1_467' title='bbox 3187 4023 3441 4104; x_wconf 87' lang='lat' dir='ltr'>spiritui</span> 
     </span>
     <span class='ocr_line' id='line_1_80' title="bbox 1950 4120 3439 4194; baseline 0 -11"><span class='ocrx_word' id='word_1_468' title='bbox 1950 4140 2064 4184; x_wconf 90' lang='lat' dir='ltr'>suo</span> <span class='ocrx_word' id='word_1_469' title='bbox 2122 4122 2414 4184; x_wconf 88' lang='lat' dir='ltr'>nocivam</span> <span class='ocrx_word' id='word_1_470' title='bbox 2467 4140 2481 4184; x_wconf 93' lang='lat'><strong>:</strong></span> <span class='ocrx_word' id='word_1_471' title='bbox 2535 4120 2761 4182; x_wconf 91' lang='lat' dir='ltr'>illusus</span> <span class='ocrx_word' id='word_1_472' title='bbox 2817 4120 2977 4183; x_wconf 85' lang='lat' dir='ltr'>falso</span> <span class='ocrx_word' id='word_1_473' title='bbox 3034 4122 3439 4194; x_wconf 88' lang='lat' dir='ltr'>numismate,</span> 
     </span>
    </p>
   </div>
   <div class='ocr_carea' id='block_1_20' title="bbox 294 4218 3444 4306">
    <p class='ocr_par' dir='ltr' id='par_1_20' title="bbox 294 4218 3444 4306">
     <span class='ocr_line' id='line_1_81' title="bbox 294 4218 3444 4306; baseline 0.001 -27"><span class='ocrx_word' id='word_1_474' title='bbox 294 4254 331 4287; x_wconf 60' lang='lat' dir='ltr'>v.</span> <span class='ocrx_word' id='word_1_475' title='bbox 355 4222 527 4286; x_wconf 91' lang='lat' dir='ltr'>lubre</span> <span class='ocrx_word' id='word_1_476' title='bbox 565 4231 663 4287; x_wconf 88' lang='lat' dir='ltr'>est</span> <span class='ocrx_word' id='word_1_477' title='bbox 702 4231 764 4285; x_wconf 89' lang='lat' dir='ltr'>et</span> <span class='ocrx_word' id='word_1_478' title='bbox 804 4242 877 4286; x_wconf 89' lang='lat' dir='ltr'>ea</span> <span class='ocrx_word' id='word_1_479' title='bbox 914 4223 1131 4303; x_wconf 87' lang='lat' dir='ltr'>abjici,</span> <span class='ocrx_word' id='word_1_480' title='bbox 1164 4231 1227 4285; x_wconf 91' lang='lat' dir='ltr'>et</span> <span class='ocrx_word' id='word_1_481' title='bbox 1254 4224 1498 4286; x_wconf 90' lang='lat' dir='ltr'>abscidi</span> <span class='ocrx_word' id='word_1_482' title='bbox 1537 4232 1836 4306; x_wconf 89' lang='lat' dir='ltr'>tanquam</span> <span class='ocrx_word' id='word_1_483' title='bbox 1869 4223 1919 4285; x_wconf 93' lang='lat' dir='ltr'>D</span> <span class='ocrx_word' id='word_1_484' title='bbox 1950 4221 2100 4282; x_wconf 90' lang='lat' dir='ltr'>dum</span> <span class='ocrx_word' id='word_1_485' title='bbox 2142 4220 2208 4282; x_wconf 92' lang='lat' dir='ltr'>in</span> <span class='ocrx_word' id='word_1_486' title='bbox 2245 4220 2492 4301; x_wconf 86' lang='lat' dir='ltr'>jejunio</span> <span class='ocrx_word' id='word_1_487' title='bbox 2523 4218 2634 4282; x_wconf 93' lang='lat' dir='ltr'>illo</span> <span class='ocrx_word' id='word_1_488' title='bbox 2665 4218 3078 4281; x_wconf 90' lang='lat' dir='ltr'>immoderato</span> <span class='ocrx_word' id='word_1_489' title='bbox 3107 4226 3444 4282; x_wconf 90' lang='lat' dir='ltr'>veneratus</span> 
     </span>
    </p>
   </div>
   <div class='ocr_carea' id='block_1_21' title="bbox 1950 4316 3445 5380">
    <p class='ocr_par' dir='ltr' id='par_1_21' title="bbox 1950 4316 3443 4498">
     <span class='ocr_line' id='line_1_82' title="bbox 1950 4316 3443 4400; baseline 0 -20"><span class='ocrx_word' id='word_1_490' title='bbox 1950 4326 2045 4380; x_wconf 92' lang='lat' dir='ltr'>est</span> <span class='ocrx_word' id='word_1_491' title='bbox 2074 4319 2207 4379; x_wconf 90' lang='lat' dir='ltr'>veri</span> <span class='ocrx_word' id='word_1_492' title='bbox 2241 4319 2406 4398; x_wconf 88' lang='lat' dir='ltr'>regis</span> <span class='ocrx_word' id='word_1_493' title='bbox 2438 4318 2803 4399; x_wconf 89' lang='lat' dir='ltr'>imaginem,</span> <span class='ocrx_word' id='word_1_494' title='bbox 2839 4336 3064 4400; x_wconf 89' lang='lat' dir='ltr'>parum</span> <span class='ocrx_word' id='word_1_495' title='bbox 3095 4316 3443 4380; x_wconf 86' lang='lat' dir='ltr'>discutiens</span> 
     </span>
     <span class='ocr_line' id='line_1_83' title="bbox 1951 4416 2976 4498; baseline 0 -21"><span class='ocrx_word' id='word_1_496' title='bbox 1951 4436 2029 4477; x_wconf 89' lang='lat' dir='ltr'>an</span> <span class='ocrx_word' id='word_1_497' title='bbox 2076 4424 2243 4479; x_wconf 91' lang='lat' dir='ltr'>esset</span> <span class='ocrx_word' id='word_1_498' title='bbox 2286 4416 2567 4497; x_wconf 89' lang='lat' dir='ltr'>legitime</span> <span class='ocrx_word' id='word_1_499' title='bbox 2609 4416 2976 4498; x_wconf 80' lang='lat' dir='ltr'>figuratum.</span> 
     </span>
    </p>

    <p class='ocr_par' dir='ltr' id='par_1_22' title="bbox 1950 4513 3445 5380">
     <span class='ocr_line' id='line_1_84' title="bbox 2031 4513 3445 4596; baseline 0.001 -21"><span class='ocrx_word' id='word_1_500' title='bbox 2031 4515 2336 4577; x_wconf 83' lang='lat' dir='ltr'>Praeterea</span> <span class='ocrx_word' id='word_1_501' title='bbox 2367 4514 2592 4575; x_wconf 89' lang='lat' dir='ltr'>ultima</span> <span class='ocrx_word' id='word_1_502' title='bbox 2625 4514 3046 4577; x_wconf 90' lang='lat' dir='ltr'>consideratio</span> <span class='ocrx_word' id='word_1_503' title='bbox 3076 4513 3269 4595; x_wconf 87' lang='lat' dir='ltr'>hujus</span> <span class='ocrx_word' id='word_1_504' title='bbox 3306 4532 3445 4596; x_wconf 89' lang='lat' dir='ltr'>pro-</span> 
     </span>
     <span class='ocr_line' id='line_1_85' title="bbox 1952 4611 3442 4693; baseline 0.001 -20"><span class='ocrx_word' id='word_1_505' title='bbox 1952 4612 2184 4674; x_wconf 87' lang='lat' dir='ltr'>babilis</span> <span class='ocrx_word' id='word_1_506' title='bbox 2227 4612 2566 4692; x_wconf 66' lang='lat' dir='ltr'>trapezitae,</span> <span class='ocrx_word' id='word_1_507' title='bbox 2599 4631 2741 4693; x_wconf 85' lang='lat' dir='ltr'>quae</span> <span class='ocrx_word' id='word_1_508' title='bbox 2780 4619 2876 4674; x_wconf 88' lang='lat' dir='ltr'>est</span> <span class='ocrx_word' id='word_1_509' title='bbox 2914 4612 2992 4673; x_wconf 90' lang='lat' dir='ltr'>de</span> <span class='ocrx_word' id='word_1_510' title='bbox 3027 4611 3442 4693; x_wconf 90' lang='lat' dir='ltr'>inquisitione</span> 
     </span>
     <span class='ocr_line' id='line_1_86' title="bbox 1951 4708 3443 4791; baseline -0.001 -19"><span class='ocrx_word' id='word_1_511' title='bbox 1951 4710 2273 4791; x_wconf 81' lang='lat' dir='ltr'>ponderiS,</span> <span class='ocrx_word' id='word_1_512' title='bbox 2321 4710 2406 4771; x_wconf 86' lang='lat' dir='ltr'>ita</span> <span class='ocrx_word' id='word_1_513' title='bbox 2456 4708 2827 4789; x_wconf 88' lang='lat' dir='ltr'>implebitur</span> <span class='ocrx_word' id='word_1_514' title='bbox 2869 4725 2901 4790; x_wconf 29' lang='lat'>:¹</span> <span class='ocrx_word' id='word_1_515' title='bbox 2930 4709 2984 4772; x_wconf 92' lang='lat' dir='ltr'>si</span> <span class='ocrx_word' id='word_1_516' title='bbox 3033 4727 3223 4771; x_wconf 91' lang='lat' dir='ltr'>omne</span> <span class='ocrx_word' id='word_1_517' title='bbox 3273 4709 3443 4790; x_wconf 91' lang='lat' dir='ltr'>quod</span> 
     </span>
     <span class='ocr_line' id='line_1_87' title="bbox 1952 4807 3444 4889; baseline 0 -20"><span class='ocrx_word' id='word_1_518' title='bbox 1952 4808 2250 4889; x_wconf 88' lang='lat' dir='ltr'>cogitatio</span> <span class='ocrx_word' id='word_1_519' title='bbox 2277 4815 2492 4871; x_wconf 91' lang='lat' dir='ltr'>nostra</span> <span class='ocrx_word' id='word_1_520' title='bbox 2520 4808 2802 4888; x_wconf 86' lang='lat' dir='ltr'>suggerit</span> <span class='ocrx_word' id='word_1_521' title='bbox 2828 4807 3014 4871; x_wconf 90' lang='lat' dir='ltr'>nobis</span> <span class='ocrx_word' id='word_1_522' title='bbox 3053 4826 3192 4870; x_wconf 92' lang='lat' dir='ltr'>esse</span> <span class='ocrx_word' id='word_1_523' title='bbox 3225 4826 3444 4888; x_wconf 88' lang='lat' dir='ltr'>geren-</span> 
     </span>
     <span class='ocr_line' id='line_1_88' title="bbox 1950 4905 3443 4988; baseline -0.001 -19"><span class='ocrx_word' id='word_1_524' title='bbox 1950 4908 2126 4981; x_wconf 89' lang='lat' dir='ltr'>dum,</span> <span class='ocrx_word' id='word_1_525' title='bbox 2146 4914 2318 4969; x_wconf 85' lang='lat' dir='ltr'>recto</span> <span class='ocrx_word' id='word_1_526' title='bbox 2348 4905 2650 4988; x_wconf 91' lang='lat' dir='ltr'>scrupulo</span> <span class='ocrx_word' id='word_1_527' title='bbox 2680 4913 3115 4979; x_wconf 81' lang='lat' dir='ltr'>retractemuS,</span> <span class='ocrx_word' id='word_1_528' title='bbox 3135 4914 3200 4968; x_wconf 91' lang='lat' dir='ltr'>et</span> <span class='ocrx_word' id='word_1_529' title='bbox 3228 4906 3292 4967; x_wconf 92' lang='lat' dir='ltr'>in</span> <span class='ocrx_word' id='word_1_530' title='bbox 3324 4914 3443 4967; x_wconf 86' lang='lat' dir='ltr'>sta-</span> 
     </span>
     <span class='ocr_line' id='line_1_89' title="bbox 1951 5003 3445 5085; baseline -0.001 -19"><span class='ocrx_word' id='word_1_531' title='bbox 1951 5012 2083 5066; x_wconf 86' lang='lat' dir='ltr'>tera</span> <span class='ocrx_word' id='word_1_532' title='bbox 2108 5004 2306 5066; x_wconf 91' lang='lat' dir='ltr'>nostri</span> <span class='ocrx_word' id='word_1_533' title='bbox 2334 5003 2607 5085; x_wconf 80' lang='lat' dir='ltr'>pectoris</span> <span class='ocrx_word' id='word_1_534' title='bbox 2634 5004 3018 5066; x_wconf 89' lang='lat' dir='ltr'>collocemus</span> <span class='ocrx_word' id='word_1_535' title='bbox 3041 5003 3445 5065; x_wconf 85' lang='lat' dir='ltr'>examinatio-</span> 
     </span>
     <span class='ocr_line' id='line_1_90' title="bbox 1952 5100 3441 5183; baseline -0.003 -19"><span class='ocrx_word' id='word_1_536' title='bbox 1952 5121 2031 5165; x_wconf 92' lang='lat' dir='ltr'>ne</span> <span class='ocrx_word' id='word_1_537' title='bbox 2059 5102 2435 5183; x_wconf 84' lang='lat' dir='ltr'>justissima,</span> <span class='ocrx_word' id='word_1_538' title='bbox 2461 5102 2924 5183; x_wconf 89' lang='lat' dir='ltr'>perpendentes</span> <span class='ocrx_word' id='word_1_539' title='bbox 2956 5120 3035 5162; x_wconf 88' lang='lat' dir='ltr'>an</span> <span class='ocrx_word' id='word_1_540' title='bbox 3067 5100 3150 5161; x_wconf 90' lang='lat' dir='ltr'>sit</span> <span class='ocrx_word' id='word_1_541' title='bbox 3179 5100 3441 5181; x_wconf 90' lang='lat' dir='ltr'>plenum</span> 
     </span>
     <span class='ocr_line' id='line_1_91' title="bbox 1953 5196 3437 5280; baseline -0.003 -18"><span class='ocrx_word' id='word_1_542' title='bbox 1953 5201 2281 5264; x_wconf 88' lang='lat' dir='ltr'>honestate</span> <span class='ocrx_word' id='word_1_543' title='bbox 2322 5199 2668 5273; x_wconf 89' lang='lat' dir='ltr'>communi,</span> <span class='ocrx_word' id='word_1_544' title='bbox 2705 5206 2769 5261; x_wconf 86' lang='lat' dir='ltr'>et</span> <span class='ocrx_word' id='word_1_545' title='bbox 2809 5217 2998 5280; x_wconf 88' lang='lat' dir='ltr'>grave</span> <span class='ocrx_word' id='word_1_546' title='bbox 3039 5198 3264 5259; x_wconf 90' lang='lat' dir='ltr'>timore</span> <span class='ocrx_word' id='word_1_547' title='bbox 3303 5196 3437 5271; x_wconf 91' lang='lat' dir='ltr'>Dei,</span> 
     </span>
     <span class='ocr_line' id='line_1_92' title="bbox 1950 5295 3438 5380; baseline -0.002 -18"><span class='ocrx_word' id='word_1_548' title='bbox 1950 5318 2024 5362; x_wconf 90' lang='lat' dir='ltr'>ac</span> <span class='ocrx_word' id='word_1_549' title='bbox 2060 5299 2380 5380; x_wconf 87' lang='lat' dir='ltr'>integrum</span> <span class='ocrx_word' id='word_1_550' title='bbox 2412 5315 2640 5379; x_wconf 85' lang='lat' dir='ltr'>sensu3</span> <span class='ocrx_word' id='word_1_551' title='bbox 2669 5317 2751 5361; x_wconf 87' lang='lat' dir='ltr'>an</span> <span class='ocrx_word' id='word_1_552' title='bbox 2791 5297 3004 5380; x_wconf 85' lang='lat' dir='ltr'>potius</span> <span class='ocrx_word' id='word_1_553' title='bbox 3044 5295 3180 5359; x_wconf 86' lang='lat' dir='ltr'>leve</span> <span class='ocrx_word' id='word_1_554' title='bbox 3221 5295 3302 5357; x_wconf 91' lang='lat' dir='ltr'>sit</span> <span class='ocrx_word' id='word_1_555' title='bbox 3341 5313 3438 5359; x_wconf 90' lang='lat' dir='ltr'>os-</span> 
     </span>
    </p>
   </div>
   <div class='ocr_carea' id='block_1_22' title="bbox 4273 6 4279 795">
    <p class='ocr_par' dir='ltr' id='par_1_23' title="bbox 4273 6 4279 795">
     <span class='ocr_line' id='line_1_93' title="bbox 4273 6 4279 795; baseline 0 0"><span class='ocrx_word' id='word_1_556' title='bbox 4273 6 4279 795; x_wconf 95' lang='lat' dir='ltr'> </span> 
     </span>
    </p>
   </div>
   <div class='ocr_carea' id='block_1_23' title="bbox 4268 3037 4284 5909">
    <p class='ocr_par' dir='ltr' id='par_1_24' title="bbox 4268 3037 4284 5909">
     <span class='ocr_line' id='line_1_94' title="bbox 4268 3037 4284 5909; baseline 0 0"><span class='ocrx_word' id='word_1_557' title='bbox 4268 3037 4284 5909; x_wconf 95' lang='lat' dir='ltr'> </span> 
     </span>
    </p>
   </div>
  </div>
 </body>
</html>
