4359 6267
909 483 1030 548 358
1591 497 2008 547 οοιιΑτιοΝυιι
2049 497 2134 542 ss.
2169 495 2413 542 ramma
2454 494 2631 540 Lmen
2670 495 2733 540 11.
2778 513 2859 522 —
2899 494 3185 542 cotta-no
3225 495 3333 540 xix

909 671 1035 734 ctio
1075 672 1516 754 praetermissa.
1562 671 1694 744 Qua
1732 667 2190 732 consuetudine
2229 684 2408 729 error
2436 665 2487 726 A
2518 681 2644 728 non
2685 663 3101 727 conferuntur
3134 665 3462 728 eremitica
3501 664 3609 726 illa
3647 663 3917 727 libertas
3956 671 4021 725 et

907 788 1156 852 quoque
1180 770 1441 832 alterius
1471 768 1814 832 oblivionis
1844 766 2226 838 excluditur,
2250 766 2404 826 dum
2516 763 2879 845 spirituales
2922 782 3241 835 excessus,
3288 773 3499 826 tamen
3546 763 3794 844 abjecta
3842 763 4023 825 solli-
4074 781 4283 827 atatem,

908 887 1146 951 panum
1201 868 1607 950 consumptio
1651 866 1888 928 indicat
1939 863 2403 927 hebdomadam
2514 861 2798 925 citudine
2851 861 2928 924 de
2982 862 3280 936 crastin0,
3333 862 3693 925 consoletur
3742 881 3847 924 me
3903 861 4019 923 ad·
4050 847 4113 886 ³⁴·

906 985 1045 1028 esse
1087 965 1362 1040 finitam,
1401 972 1464 1026 et
1507 964 1852 1027 solennitas
1896 963 2022 1024 diei
2067 962 2405 1026 dominicae

906 1072 966 1126 et
1028 1063 1530 1145 congregationis
1592 1061 1936 1125 solennitas
1995 1059 2403 1122 imminentes

907 1162 1099 1224 latere
1144 1162 1499 1225 solitarium
1543 1167 1888 1242 nequeunt.
1933 1159 2109 1233 Quod
2152 1158 2204 1220 si
2252 1177 2405 1240 prae-

904 1260 1073 1324 fatus
1133 1262 1366 1324 mentis
1415 1279 1714 1322 excessus
1769 1256 2133 1341 impedierit
2182 1257 2403 1318 adver-

905 1359 1170 1422 tentiam
1201 1359 1395 1440 hujus
1427 1357 1670 1430 indicii,
1697 1375 1990 1419 mensura
2018 1355 2230 1438 operis
2261 1371 2405 1436 quo-

905 1457 1154 1532 tidiani,
1182 1457 1438 1538 signans
1471 1475 1813 1519 numerum
1847 1463 2090 1518 certum
2125 1454 2400 1526 dierum,

904 1555 1113 1619 aufert
1170 1574 1470 1618 errorem.
1526 1555 1810 1637 Denique
1861 1561 1929 1614 ut
1981 1553 2269 1615 omittam
2330 1569 2403 1614 ac

905 1661 1148 1716 taceam
1194 1661 1434 1716 ceteras
1477 1652 1674 1716 eremi
1718 1652 1987 1715 virtutes
2028 1651 2186 1731 (non
2228 1650 2403 1712 enim

905 1752 1306 1814 tractandum
1357 1759 1453 1814 est
1509 1750 1692 1814 nobis
1744 1750 1820 1812 de
1879 1748 2289 1811 multitudine
2341 1756 2405 1810 et

907 1851 1360 1913 numerositate
1408 1868 1651 1922 earum,
1699 1849 1809 1911 sed
1857 1849 1935 1910 de
1983 1866 2173 1910 causa
2222 1846 2402 1909 finali
2444 1841 2487 1904 B

907 1949 1270 2012 solitudinis
1308 1957 1497 2030 atque
1540 1946 1866 2028 coenobii)‚
1899 1945 2180 2009 breviter
2209 1946 2407 2028 expli-

909 2047 1066 2110 cabo
1095 2066 1314 2110 causas
1348 2055 1605 2128 propter
1629 2065 1787 2128 quas
1813 2045 2061 2108 deserui
2090 2063 2401 2118 eremum,

908 2165 1065 2229 quas
1116 2154 1179 2207 et
1228 2145 1392 2207 scire
1439 2145 1756 2227 optastis3
1807 2143 2213 2225 breviterque
2264 2161 2404 2226 per-

909 2245 1216 2325 stringam
1267 2252 1524 2325 propter
1568 2263 1710 2324 quae
1754 2243 1981 2305 merita
2028 2241 2405 2305 sublimiora

909 2342 1202 2405 duxerim
1246 2342 1717 2424 postponendos
1769 2359 1990 2404 omues
2034 2358 2405 2422 praememo-

911 2449 1077 2504 ratos
1121 2440 1483 2503 solitudinis
1515 2439 1781 2502 fructus.

1294 2695 1871 2761 CAPITULUM
1935 2694 2018 2756 V.

1323 2835 1409 2890 Dc
1435 2831 1757 2890 commodis
1783 2831 1970 2888 eremi
1977 2870 1990 2885 .

2515 960 2805 1043 impletio
2843 961 3192 1041 evangelici
3235 961 3536 1043 praecepti
3580 961 3658 1023 de
3698 979 3853 1023 cura
3908 960 4022 1021 illa

2512 1059 2769 1121 vitanda
2793 1076 2809 1138 3
2844 1060 3001 1121 illud
3046 1078 3301 1142 quoque
3341 1061 3513 1143 quod
3557 1060 3714 1122 mihi
3756 1060 3837 1121 de
3882 1060 4021 1120 the-

2513 1157 2685 1221 orica
2732 1156 3125 1220 sublimitate
3174 1158 3591 1232 subtrahitur,
3628 1158 3747 1222 hac
3792 1156 4021 1238 subje—

2513 1256 2721 1319 ctione
2751 1255 3129 1320 obedientiae
3158 1265 3695 1338 recompensetur.
3714 1257 4023 1320 Miserum

2514 1373 2789 1436 namque
2838 1361 2933 1416 est
2976 1355 3345 1437 quempiam
3392 1355 3681 1437 profiteri
3729 1355 4023 1437 discipli-

2514 1472 2662 1516 nam
2702 1472 2815 1515 seu
2856 1452 3326 1516 observantiam
3370 1453 3716 1534 cujuslibet.
3754 1454 3914 1516 artis
3958 1463 4021 1515 et

2514 1552 2734 1625 studii,
2776 1559 2839 1614 et
2878 1550 3141 1613 minime
3185 1553 3519 1634 pervenire
3559 1553 3638 1615 ad
3681 1552 4023 1636 perfectio-

2515 1667 2664 1711 nem
2708 1649 2931 1732 ipsius.

2877 1905 3459 1970 CAPITULUM
3521 1907 3649 1972 VI.

2915 2046 3000 2100 De
3028 2045 3303 2103 utilitate
3330 2046 3611 2102 coenobii.

2667 2241 2792 2304 INC
2828 2241 3106 2303 breviter
3139 2250 3394 2323 tangam
3433 2243 3689 2325 quantis
3730 2261 4019 2308 commo-

2684 2340 2782 2402 dis
2812 2338 2988 2402 fruar
3018 2359 3189 2403 nunc
3222 2341 3287 2403 in
3325 2342 3444 2404 ista
3479 2343 3963 2406 conversatione
4000 2362 4015 2405 :

2514 2444 2578 2499 et
2620 2438 2978 2501 narratione
3026 2447 3300 2521 peracta,
3339 2441 3713 2523 perpendite
3759 2462 3841 2504 an
3886 2442 4019 2505 fru-

2516 2544 2655 2598 ctus
2686 2556 2799 2599 seu
2832 2535 3154 2619 profectus
3180 2539 3543 2602 solitudinis
3570 2541 3825 2604 valeant
3848 2559 4022 2604 com-

2519 2634 2772 2716 pensari
2816 2636 3169 2698 commodis
3213 2637 3373 2712 istis,
3420 2656 3498 2700 ex
3540 2638 3779 2720 quibus
3820 2640 4019 2702 etiam

2518 2740 2725 2814 potest
2763 2735 3019 2814 agnosci
3056 2754 3138 2797 an
3182 2736 3517 2799 maluerim
3558 2739 3863 2802 coarctari
3908 2759 4023 2800 an-

2515 2831 2743 2911 gustiis
2795 2831 2932 2894 istis
2986 2833 3264 2896 coenobii
3311 2853 3390 2896 ex
3439 2835 3697 2899 fastidio
3746 2837 4019 2900 anacho-

2518 2929 2729 2992 reticae
2772 2931 3293 3006 conversationiS,
3340 2953 3421 2996 an
3465 2935 3784 2998 desiderio
3826 2935 4023 3017 majo-

987 3030 1417 3095 NSATIABILI
1451 3029 1766 3092 desiderio
1797 3036 1859 3091 et
1891 3035 2019 3092 toto
2050 3028 2258 3091 cordis
2290 3027 2410 3090 fer·
2445 3033 2489 3097 C
2519 3029 2606 3090 ris
2637 3028 2979 3110 profectus.
3014 3031 3085 3092 In
3116 3031 3234 3094 hac
3265 3051 3498 3115 nempe
3536 3035 4021 3098 conversatione

1010 3149 1158 3193 vore
1205 3136 1481 3192 sectatus
1531 3147 1673 3190 sum
1724 3127 2249 3210 tranquillissima
2301 3127 2409 3188 illa

913 3227 1112 3290 eremi
1163 3234 1425 3299 secreta,
1477 3232 1542 3287 et
1588 3224 2094 3287 anachoreticam
2147 3242 2410 3287 conver-

913 3326 1222 3389 sationem
1275 3324 1575 3405 angelicae
1617 3323 1997 3386 beatitudini
2041 3341 2412 3406 comparan-

915 3427 1087 3500 dam,
1149 3424 1454 3506 quamdiu
1516 3423 1800 3505 paucitas
1861 3422 2285 3485 habitantium
2346 3422 2413 3484 in

916 3526 1166 3587 deserto
1217 3522 1502 3585 blandita
1553 3531 1648 3584 est
1701 3531 1763 3584 et
1813 3523 2048 3597 arrisit,
2099 3521 2286 3584 nobis
2341 3522 2415 3584 li—

917 3623 1227 3685 bertatem
1270 3620 1625 3703 praestando
1667 3619 2001 3683 diffusiore
2051 3620 2415 3683 solitudinis

917 3720 1240 3800 vastitate3
1267 3719 1521 3803 quando
1550 3718 1898 3799 majoribus
1929 3719 2190 3782 secretis
2224 3736 2419 3782 remo-

917 3820 964 3881 ti
995 3820 1076 3882 ab
1105 3819 1426 3892 omnibu8‚
1460 3817 1978 3905 frequentissime
2010 3816 2417 3901 rapiebamur

916 3920 994 3982 ad
1034 3918 1176 3982 illos
1217 3917 1506 3980 coelestes
1544 3933 1864 3989 excessuS,
1903 3935 2020 3978 nec
2059 3923 2233 3978 tanta
2266 3915 2415 3978 visi-

916 4017 1189 4080 tantium
1233 4015 1421 4078 turba
1471 4015 1742 4090 irruenS,
1787 4015 2148 4096 aggravavit
2192 4033 2416 4077 sensus

917 4123 1165 4180 nostros
1190 4113 1684 4178 distentionibus
1711 4132 2006 4175 curarum
2035 4112 2413 4193 ingentium,

2519 3127 2697 3189 nulla
2724 3135 2927 3190 exstat
2952 3129 3233 3211 provisio
3256 3133 3609 3213 quotidiani
3638 3133 3874 3196 laboris
3905 3153 4021 3197 seu

2518 3226 2748 3307 operiS,
2772 3227 2948 3288 nulla
2977 3229 3312 3310 occupatio
3339 3231 3725 3294 venditionis
3753 3240 3865 3294 aut
3894 3251 4025 3294 em·

2522 3324 2780 3406 ptioniS,
2815 3341 2941 3388 non
2978 3325 3366 3390 inevitabilis
3398 3347 3551 3392 cura
3580 3331 3774 3392 annui
3810 3332 4021 3413 panis,

2524 3441 2642 3484 nec
2679 3423 3042 3486 sollicitudo
3082 3426 3509 3508 corporalium
3546 3447 3760 3491 rerum
3799 3430 3881 3492 de
3920 3449 4029 3492 ne—

2525 3521 2815 3584 cessariis
2864 3525 3294 3605 praeparandis
3338 3543 3464 3588 non
3510 3527 3717 3590 solum
3768 3546 3887 3610 pro
3930 3547 4021 3603 se,

2525 3620 2634 3681 sed
2677 3637 2792 3703 pro
2830 3621 3319 3685 advenientibus
3360 3643 3614 3707 quoque
3649 3643 3663 3687 :
3698 3633 4025 3708 postremo

2526 3717 2703 3779 nulla
2740 3717 2845 3779 hic
2882 3720 3240 3800 arrogantia
3280 3721 3485 3784 laudis
3525 3723 3839 3799 humanae,
3880 3743 4025 3806 quae

2529 3817 2848 3898 praedictis
2902 3817 3292 3882 immundior
3340 3829 3437 3882 est
3488 3840 3700 3885 coram
3756 3824 3909 3898 Dee,
3964 3832 4027 3886 et

2530 3932 2787 3994 magnos
2827 3917 3024 3977 eremi
3060 3916 3303 3980 labores
3334 3917 3703 4001 frequenter
3729 3931 4021 3984 evacuat.

2528 4012 2760 4074 Verum
2801 4020 2871 4074 ut
2906 4023 3274 4096 praeteream
3311 4017 3597 4099 pericula
3628 4019 4026 4083 anachoreti-

2528 4129 2616 4174 cae
2646 4111 2813 4185 vitm,
2846 4119 2911 4173 et
2940 4113 3371 4195 spiritualium
3402 4116 3771 4192 elationum,
3805 4125 3869 4180 et
3900 4119 4029 4180 exi-

919 4222 1178 4298 propter
1226 4212 1584 4276 necessaria
1633 4211 1760 4273 illis
1809 4212 2089 4293 paranda
2134 4230 2215 4273 ex
2274 4230 2418 4274 con·
2448 4217 2496 4282 D
2528 4209 2693 4272 tialis
2723 4209 2939 4290 gloriae
2968 4231 3167 4285 vanae,
3202 4221 3595 4276 revertamur
3622 4216 3701 4278 ad
3729 4217 4027 4297 generale

917 4313 1209 4396 gruentia
1240 4309 1675 4374 humanitatis.
1710 4309 1945 4371 Verum
1981 4328 2182 4391 quum
2217 4309 2419 4389 major

920 4411 1264 4475 multitudo
1297 4411 1584 4472 Fratrum
1621 4408 1920 4491 coepisset
1957 4406 2417 4470 habitationem

920 4510 1118 4573 eremi
1167 4509 1422 4590 aggredi
1470 4515 1660 4590 atque
1712 4506 2008 4579 invisere,
2059 4514 2119 4568 et
2170 4506 2420 4568 sublata

922 4607 1215 4671 vastioris
1256 4604 1451 4668 eremi
1500 4604 1811 4679 libertate,
1854 4604 2108 4667 fecisset
2151 4623 2279 4667 non
2322 4622 2419 4667 so-

924 4708 1061 4769 lum
1103 4705 1443 4786 frigescere
1491 4703 1702 4784 ignem
1748 4703 1932 4764 illum
1983 4703 2422 4785 contemplati-

922 4805 1066 4868 onis
1099 4803 1354 4876 divinae,
1388 4801 1499 4864 sed
1532 4801 1724 4863 etiam
1761 4801 2100 4882 impediret
2141 4811 2420 4863 mentem

923 4903 1201 4967 vinculis
1233 4899 1626 4962 multimodis
1658 4917 1872 4961 rerum
1903 4899 2278 4973 carnalium,
2303 4899 2425 4962 ele-

925 5003 988 5084 gi
1033 5009 1382 5081 utcumque
1425 4997 1695 5080 implere
1740 4997 2138 5080 propositum
2181 4995 2424 5080 profes-

927 5100 1123 5164 sionis
1153 5117 1228 5161 ac
1257 5097 1614 5180 disciplinae
1645 5096 1943 5170 coenobii,
1977 5095 2189 5178 potius
2230 5115 2423 5178 quam

927 5209 1178 5282 torpere
1220 5196 1572 5260 carnalium
1604 5213 1816 5257 rerum
1850 5194 2214 5277 provisione
2256 5195 2319 5256 in
2351 5195 2424 5257 il-

929 5299 990 5362 la
1019 5305 1150 5363 tam
1187 5297 1316 5362 alta
1352 5293 1745 5378 professione
1779 5310 1794 5355 z
1827 5301 2140 5375 quatenus
2179 5292 2234 5356 si
2267 5293 2424 5356 mihi

2528 4308 2647 4370 hoc
2680 4309 2927 4390 pondus
2958 4317 3357 4386 cunctorum,
3382 4321 3601 4395 utpote
3629 4315 3709 4376 ad
3738 4332 4027 4378 commu-

2528 4425 2675 4468 nem
2729 4406 3227 4470 sollicitudinem
3282 4410 3489 4473 victus
3544 4413 3829 4494 parandi,
3883 4435 4029 4497 quae

2530 4504 2597 4566 in
2634 4512 2882 4567 tantum
2923 4506 3196 4569 excessit
3233 4524 3362 4570 non
3406 4509 3613 4572 solum
3659 4530 4029 4575 mensuram

2528 4603 2943 4666 districtionis
2985 4604 3284 4687 antiquae,
3330 4626 3473 4689 quae
3515 4627 3702 4671 usum
3748 4609 3873 4674 olei
3920 4631 4027 4695 pe-

2531 4703 2701 4764 nitus
2745 4701 3091 4783 ignorabat,
3128 4704 3239 4766 sed
3278 4723 3397 4767 nec
3437 4714 3733 4769 contenta
3772 4708 3897 4771 fuit
3944 4711 4029 4772 la-

2532 4800 2783 4862 xatione
2830 4801 2949 4862 hac
2999 4802 3304 4883 temporis
3354 4805 3576 4878 nostri,
3631 4805 3694 4868 in
3744 4826 3872 4889 qua
3923 4828 4030 4872 ex·

2532 4898 2871 4982 plebantur
2903 4899 3123 4962 officia
3164 4900 3355 4964 totius
3394 4921 3622 4967 annuae
3661 4904 4031 4971 refectionis

2534 5006 2882 5080 praeparato
2918 4999 3189 5061 sextario
3221 5000 3345 5062 olei
3382 5001 3721 5084 modioque
3763 5006 4034 5070 lenticu-

2535 5097 2609 5159 1ae
2640 5114 2756 5178 pro
2792 5096 3269 5160 advenientium
3300 5099 3667 5176 refectione,
3703 5103 3791 5166 ita
3820 5113 3893 5167 ut
3924 5127 4031 5169 ne-

2534 5195 2795 5258 cessitas
2845 5195 3053 5257 victus
3105 5197 3211 5259 vix
3264 5205 3455 5279 queat
3512 5219 3684 5262 nunc
3741 5205 4031 5285 expediri

2536 5293 2858 5377 duplicato
2902 5294 3345 5380 triplicatoque
3387 5298 3620 5362 modio.
3664 5301 3735 5363 In
3779 5309 4031 5368 tantum
