4359 6267
892 511 1014 577 366

1593 529 2010 576 couATloNuu
2051 529 2136 574 SS.
2172 527 2417 574 PATRUI!
2456 527 2633 572 1.le
2672 528 2736 572 11.
2782 546 2862 555 —
2904 527 3190 574 COLLATIO
3229 528 3315 574 Π

902 702 1011 775 sis,
1055 701 1220 763 clam
1265 720 1493 764 navem
1538 701 1882 782 ingressuS‚
1921 699 2098 761 venit
2137 698 2217 760 ad
2262 715 2400 779 pro-
2429 693 2483 758 A
2512 715 2657 758 men
2704 697 3190 761 renuntiationis
3236 697 3409 760 illius
3454 698 3520 760 in
3564 700 3725 762 coelo
3764 698 4015 781 reposi-

903 799 1182 861 vinciam
1235 800 1430 882 Syriae
1481 799 1890 870 Palaestinam,
1945 796 2053 859 ubi
2105 804 2401 878 tanquam

903 897 1219 980 incipiens
1263 906 1327 960 et
1371 897 1649 960 novitius
1695 903 1986 978 receptus
2027 903 2122 958 est
2159 897 2225 956 in
2273 912 2401 956 mo-

903 997 1176 1058 nasterio
1235 1005 1471 1070 nostr0‚
1523 1002 1586 1057 et
1632 994 1712 1056 ab
1758 993 1986 1056 abbate
2040 993 2259 1074 jussus
2305 1000 2403 1054 est

901 1094 1187 1157 habitare
1246 1094 1312 1156 in
1372 1094 1602 1156 cellula
1660 1101 1891 1154 nostra.
1956 1092 2077 1154 Sed
2133 1091 2401 1153 virtutes

903 1193 1044 1275 ejus
1074 1212 1148 1254 ac
1181 1193 1406 1254 merita
1437 1210 1564 1254 non
1606 1191 2034 1273 permiserunt
2063 1197 2278 1252 tamen
2311 1188 2399 1252 ibi

901 1310 1049 1354 eum
1101 1291 1209 1353 diu
1260 1292 1476 1364 latere,
1523 1309 1670 1352 nam
1721 1289 1918 1352 simili
1970 1289 2156 1351 modo
2206 1288 2404 1350 mani-

902 1389 1168 1452 festatus
1227 1398 1322 1452 est
1383 1390 1510 1468 ibi3
1559 1396 1748 1470 atque
1806 1388 1885 1450 ad
1945 1387 2399 1450 monasterium

905 1509 1094 1551 suum
1135 1489 1436 1551 reductus
1477 1507 1624 1550 cum
1665 1488 1848 1549 laude
1884 1493 1946 1548 et
1975 1484 2401 1548 honorificen-

904 1588 991 1650 tia
1035 1606 1281 1668 magna,
1325 1586 1694 1668 compulsus
1742 1592 1837 1646 est
1878 1586 1956 1646 de
2006 1591 2216 1646 cetero
2263 1603 2400 1646 esse

905 1687 1073 1769 quod
1116 1693 1269 1748 erat.

1323 1903 1829 1968 CAPITULUM
1890 1903 1977 1965 ΙΙ.

929 2029 1015 2084 De
1041 2027 1307 2083 adventu
1333 2031 1540 2081 nostro
1569 2024 1653 2081 ad
1678 2023 2054 2096 Pinuphium
2082 2021 2378 2078 abbatem.

1045 2180 1154 2241 UM
1197 2195 1348 2260 ergo
1390 2185 1533 2260 post
1575 2177 1835 2258 longum
1878 2183 2131 2257 tempus
2175 2174 2400 2236 intras-

1064 2295 1278 2338 semus
1308 2277 1670 2358 AEgyptum,
1703 2273 2018 2336 desiderio
2048 2279 2281 2334 sanctae
2312 2270 2403 2332 in-

904 2375 1275 2447 stitutionis,
1308 2373 1721 2456 quaesivimus
1758 2391 1906 2434 eum
1950 2387 2203 2433 summo
2246 2368 2402 2431 affe-

905 2482 1028 2535 ctu.
1050 2473 1201 2535 Tam
1226 2472 1498 2553 gratiose
1527 2489 1776 2553 quoque
1801 2478 2052 2551 tamque
2078 2467 2403 2530 humiliter

904 2590 1022 2635 nos
1080 2570 1384 2653 suscepit,
1436 2577 1504 2631 ut
1563 2587 1676 2631 nos
1735 2576 2035 2650 tanquam
2096 2565 2400 2649 pristinos

904 2671 1028 2733 sibi
1089 2669 1366 2733 cellistas
1423 2668 1760 2731 honoraret
1819 2667 2096 2749 hospitio
2154 2665 2401 2728 cellulae

903 2788 1055 2844 suae,
1083 2787 1276 2851 quam
1307 2767 1428 2829 sibi
1462 2773 1898 2829 construxerat
1929 2766 1994 2826 in
2025 2771 2201 2846 parte
2231 2764 2399 2826 horti

903 2874 1206 2929 extrema.
1241 2865 1360 2928 Ubi
1400 2884 1601 2948 quum
1637 2863 1994 2927 tradidisset
2034 2863 2233 2925 Fratri
2273 2863 2402 2924 cui·

903 2967 1072 3039 dam,
1106 2966 1390 3046 regulam
1430 2963 1797 3026 monasterii
1834 2961 2208 3035 assumenti,
2249 2960 2401 3023 satis

2509 805 2669 870 tum,
2694 803 2870 858 tanto
2897 797 3320 879 deprimimur
3350 797 3517 860 mole
3548 797 4017 880 desperationis

2512 895 2769 975 majore.
2804 895 3131 957 Metientes
3162 894 3481 978 siquidem
3514 895 4017 959 immensitatem

2514 993 2715 1075 ipsius
2765 1011 2913 1055 cum
2970 1001 3328 1056 nostrarum
3378 993 3613 1056 virium
3673 995 4013 1077 parvitate,

2512 1091 2906 1172 nimiamque
2936 1092 3248 1154 vilitatem
3290 1092 3558 1174 ignaviae
3597 1101 3823 1156 nostrae
3856 1111 4015 1156 cum

2514 1188 2767 1252 infinita
2815 1189 3193 1253 celsitudine
3242 1191 3497 1253 virtutis
3544 1199 3811 1254 ostensae
3858 1211 4017 1256 con-

2512 1286 2808 1361 ferenteS,
2838 1288 3149 1350 sentimus
3181 1307 3295 1351 nos
3324 1290 3402 1350 ad
3436 1289 3610 1352 illam
3640 1307 3768 1352 non
3798 1291 4015 1352 solum

2512 1405 2638 1449 non
2699 1385 3033 1468 proficere,
3087 1387 3216 1449 imo
3266 1388 3465 1469 magis
3525 1388 3834 1451 sentimus
3890 1407 4013 1452 nos

2511 1484 2787 1547 deficere
2816 1485 2898 1547 ab
2927 1504 3004 1547 eo
3033 1487 3201 1568 quod
3234 1506 3475 1548 sumus.
3502 1486 3799 1568 Oppressi
3830 1489 4019 1570 quip-

2514 1602 2592 1665 pe
2624 1583 3013 1665 ponderibus
3055 1584 3269 1646 nimiae
3309 1585 3792 1667 desperationis,
3826 1587 4011 1668 quasi

2511 1681 2859 1744 dilabimur
2887 1681 2967 1744 ab
3000 1682 3245 1745 infimis
3276 1684 3352 1746 ad
3386 1683 3708 1746 inferiora.
3742 1684 4014 1748 Pr0inde

2512 1780 2831 1861 singulare
2863 1780 3230 1862 praesidium
3260 1790 3443 1844 tuum
3484 1789 3689 1865 potest
3720 1783 4013 1846 conferre

2436 1874 2483 1937 B
2512 1878 2886 1942 vulneribus
2946 1879 3179 1941 nostris
3238 1880 3573 1954 medelam,
3624 1889 3693 1943 ut
3740 1882 3821 1944 de
3878 1881 4013 1944 fine

2512 1976 2904 2060 poenitentiae
2934 1985 2997 2040 et
3028 1978 3477 2041 satisfactionis
3520 1978 3757 2043 indicio
3794 1981 4015 2063 aliqua

2511 2075 2707 2150 dicaS,
2740 2084 2804 2138 et
2846 2077 3121 2138 instruas
3166 2095 3302 2150 n08‚
3338 2078 3689 2159 praesertim
3738 2086 3810 2140 ut
3852 2079 4011 2141 certi

2512 2173 2590 2235 de
2639 2174 3013 2237 remissione
3062 2175 3555 2257 praecedentium
3603 2177 4009 2250 delictorum,

2511 2273 2779 2334 animari
2831 2273 3151 2354 possimus
3190 2275 3271 2336 ad
3318 2275 3789 2338 ascendendum
3839 2275 4016 2338 sasti—

2512 2371 2617 2451 gia
2659 2371 3071 2454 perfectionis
3116 2372 3451 2454 praedictae.

2914 2624 3421 2689 CAPITULUM
3486 2627 3600 2689 IV.

2592 2771 2929 2842 Responsio
2957 2773 3030 2829 de
3058 2772 3407 2830 humilitate
3434 2774 3947 2846 interroqationis

3136 2868 3383 2919 nostroe.

902 3065 1100 3128 ardua
1138 3063 1566 3144 sublimiaque
1609 3068 1924 3144 praecepta
1953 3077 2164 3123 coram
2201 3060 2401 3123 omni·
2437 3054 2481 3119 C
2638 3058 3031 3122 INUPHIUS
3084 3079 3097 3123 ε
3155 3060 3444 3123 Delector
3498 3061 3679 3124 valde
3736 3063 4016 3145 copiosis

904 3162 1026 3226 bus
1074 3162 1141 3224 in
1189 3161 1410 3245 synaxi
1449 3161 1620 3243 (quae
1667 3167 1892 3242 quarto
1939 3158 2104 3222 libro
2144 3158 2399 3220 Institu-

905 3261 1152 3323 tionum
1213 3259 1728 3341 compendiosius
1776 3276 1904 3339 quo
1961 3257 2161 3339 potui,
2212 3257 2404 3318 intro—

906 3359 1110 3442 duxi),
1144 3365 1461 3441 praecepta
1500 3357 1608 3419 illa
1637 3357 2018 3419 videbantur
2057 3354 2243 3417 nobis
2274 3362 2398 3417 tam

909 3455 1584 3539 incomprehensibilia
1647 3463 1836 3537 atque
1903 3452 2180 3516 mirifica
2240 3473 2403 3516 verae

908 3553 1484 3618 abrenuntiationis
1532 3553 1835 3627 culmina,
1883 3559 1952 3613 ut
1999 3553 2403 3614 crederemus

911 3654 1287 3737 parvitatem
1345 3659 1627 3715 nostram
1684 3651 2048 3713 nullatenus
2099 3669 2284 3733 posse
2332 3669 2406 3712 ea

908 3752 1218 3833 attingere
1269 3759 1331 3813 et
1389 3749 1676 3832 implere.
1731 3750 1907 3812 Unde
1965 3749 2403 3832 desperatione

908 3851 1162 3931 dejecti,
1194 3857 1258 3913 et
1302 3849 1594 3912 intimam
1638 3847 2130 3910 amaritudinem
2173 3845 2406 3927 cogita-

907 3951 1156 4014 tionum
1195 3955 1556 4012 nostrarum
1595 3947 1998 4010 ostendentes
2037 3946 2227 4007 etiam
2268 3945 2408 4027 ipso

907 4050 1113 4124 vultu,
1164 4047 1552 4112 recurrimus
1611 4046 1764 4109 satis
1822 4045 2008 4108 anxia
2067 4053 2280 4108 mente
2328 4045 2406 4106 ad

909 4166 1146 4211 senem.
1211 4145 1325 4211 Cui
1389 4145 1680 4228 protinus
1745 4142 2089 4226 inquirenti
2149 4161 2407 4205 causam

2658 3154 2969 3219 fructibus
2993 3166 3215 3221 νοείτω
3242 3159 3797 3242 humilitatiS‚quos
3822 3162 4019 3224 etiam

2514 3264 2841 3339 susceptos
2887 3257 3275 3320 habitatione
3326 3259 3501 3322 cellae
3544 3259 3717 3321 illius
3760 3262 4016 3324 curiosa

2514 3355 2929 3417 aestimatione
2976 3356 3293 3437 perspexi,
3327 3365 3391 3418 et
3428 3357 3607 3420 valde
3646 3361 4017 3440 congaudeo

2516 3454 2817 3535 quoniam
2850 3454 2913 3516 id
2945 3455 3112 3535 quod
3142 3475 3180 3518 a
3210 3456 3397 3519 nobis
3433 3457 3720 3520 omnium
3752 3458 4017 3521 Christi-

2515 3571 2782 3615 anorum
2832 3552 3079 3616 infimis
3130 3555 3501 3638 praecipitur
3549 3557 3681 3619 sola
3730 3557 4021 3620 fortassis

2518 3650 2809 3714 libertate
2842 3653 3207 3726 verborum,
3242 3661 3414 3716 tanta
3441 3655 3861 3718 admiratione
3893 3677 4027 3719 sus-

2518 3748 2755 3832 cipitiS,
2790 3770 2988 3832 quum
3031 3771 3103 3813 ea
3142 3753 3236 3832 (ni
3276 3751 3490 3833 fallor)
3524 3752 3844 3835 impleatis
3885 3775 4027 3837 pcr-

2520 3848 2749 3911 fectius
2789 3869 2981 3930 quam
3012 3869 3049 3911 a
3080 3849 3265 3912 nobis
3306 3851 3549 3933 prolata
3586 3860 3754 3914 sunt.
3790 3853 4027 3926 Quum-

2519 3967 2665 4030 que,
2700 3955 2770 4008 ut
2817 3947 3104 4020 memini,
3141 3947 3317 4011 labor
3360 3949 3573 4031 operis
3615 3951 3813 4012 vestri
3858 3971 4025 4032 pene

2518 4054 2885 4127 exsequetur
2926 4047 3220 4127 gravitati
3264 4047 3581 4128 dictorum
3631 4057 4021 4123 nostrorum,

2521 4145 2607 4206 ita
2635 4144 2967 4207 occultatis
2999 4146 3298 4208 meritum
3330 4153 3556 4210 vestrae
3585 4146 3861 4222 virtutis,
3876 4167 4027 4230 qua·

907 4246 1068 4309 tanti
1118 4245 1429 4319 moeroriS,
1479 4243 1676 4306 abbas
1727 4242 2074 4305 Germanus
2132 4242 2409 4323 graviter
2438 4241 2487 4303 D
2520 4243 2573 4304 si
2615 4242 2793 4304 nulla
2830 4261 2983 4304 aura
3012 4261 3232 4305 eorum
3276 4263 3418 4325 quae
3448 4244 3733 4325 quotidie
3767 4263 4025 4308 exerce-

911 4344 1357 4426 ingemiscenS,
1404 4343 1750 4426 respondit.

1311 4571 1816 4635 CAPITULUM
1881 4571 2002 4633 III.

1084 4691 1499 4763 Interroqatio
1528 4692 1600 4747 de
1627 4691 1750 4761 fine
1769 4691 2154 4763 poenitentioe
2180 4697 2239 4747 et

1290 4781 1742 4852 satisfactionis
1773 4780 2028 4837 indicio.

1053 4933 1343 4997 UANTO
1402 4931 1915 5013 magnificentior
1961 4939 2026 4994 et
2071 4932 2407 4995 sublimior

913 4931 1044 5135 Ο
1071 5050 1281 5095 sermo
1307 5039 1457 5094 tuus
1486 5031 1736 5114 aperuit
1765 5031 1951 5094 nobis
1984 5032 2256 5093 arduum
2286 5032 2407 5094 iter

904 5132 1210 5196 doctrinae
1249 5139 1374 5194 tuae
1414 5130 1598 5193 nobis
1638 5129 1976 5211 incognitae
2009 5139 2073 5192 et
2099 5131 2273 5192 viam
2313 5150 2406 5192 re·

905 5230 1324 5293 nuntiationis
1381 5228 1791 5311 plenissimis,
1844 5235 1906 5288 et
1955 5227 2135 5309 quasi
2196 5237 2405 5290 amota

906 5328 1239 5391 oculorum
1267 5334 1628 5390 nostrorum
1659 5324 1953 5406 caligine,
1971 5325 2249 5388 ostendit
2276 5326 2403 5389 cul-

2518 4341 2623 4414 tis,
2656 4341 2739 4420 ad·
2776 4348 3016 4404 vestras
3060 4360 3243 4403 aures
3289 4341 3668 4424 pervenerit.
3704 4343 3824 4406 Sed
3868 4345 4025 4426 quia

2519 4440 2639 4503 hoc
2672 4440 2883 4523 ipsum
2914 4458 3167 4502 summa
3201 4441 3385 4504 laude
3416 4441 3865 4522 dignissimum
3900 4451 4020 4515 est,

2519 4539 2690 4620 quod
2748 4540 2955 4601 adhuc
3003 4539 3178 4601 velut
3226 4540 3415 4602 rudes
3466 4540 3784 4603 testamini
3832 4541 4025 4605 vobis

2521 4637 2842 4718 incognita
2898 4655 3035 4700 esse
3095 4637 3385 4699 instituta
3442 4637 3563 4699 ista
3616 4638 4021 4710 Sanctorum,

2520 4735 2819 4808 breviter,
2886 4744 2953 4797 ut
3020 4753 3381 4817 possumuS‚
3447 4735 3883 4818 exprimamus
3960 4739 4023 4800 id

2519 4834 2686 4916 quod
2736 4853 2773 4895 a
2821 4833 3005 4896 nobis
3062 4833 3281 4896 sedule
3341 4833 3695 4916 postulatis.
3746 4834 4025 4898 Necesse

2518 4939 2613 4994 est
2654 4931 2827 4994 enim
2880 4939 2949 4992 ut
2996 4930 3510 5012 obtemperemus
3560 4940 3785 4995 vestrae
3832 4932 4022 4995 fami·

2518 5029 2808 5092 liaritatis
2854 5029 3123 5113 imperio
3166 5030 3358 5092 etiam
3401 5049 3594 5112 supra
3634 5029 3824 5093 vires,

2595 5130 2811 5210 Itaque
2864 5128 3047 5190 multi
3100 5128 3377 5211 plurima
3418 5127 3840 5209 vulgaverunt
3892 5149 4023 5192 non

2513 5228 2721 5290 solum
2752 5226 2986 5300 νοτὴίε,
3020 5227 3131 5289 sed
3160 5226 3354 5289 etiam
3385 5225 3663 5308 scriptis,
3686 5227 3763 5290 de
3794 5227 4023 5290 exhor-

2514 5325 2748 5388 tatione
2779 5344 2852 5386 ac
2884 5325 3111 5387 merito
3140 5323 3551 5407 poenitentioe,
3587 5332 4017 5389 monstrantes
