4359 6267
585 1656 847 1707 Romanvst.

587 1842 847 1946 iblgtthsu,

613 1934 624 1955 ,
681 1936 691 1946 .

880 465 960 531 66

1787 492 1866 537 DE
1909 492 2236 538 INSTITUTIS
2280 494 2364 537 SS.
2398 493 2659 539 PATRUM.
2705 512 2785 523 --
2823 494 2999 541 LIBER
3038 496 3077 540 V

884 655 1278 738 imprimeret
1323 663 1400 723 ei.
1436 663 1652 743 Itaque
1695 662 2022 724 credentes
2071 680 2138 723 se
2184 661 2371 723 bene·
2401 662 2452 723 A
2484 664 3021 744 praedominantis.
3061 665 3173 727 Vel
3226 684 3303 727 ex
3360 665 3479 728 hoc
3518 683 3668 745 ergo
3708 684 3987 747 perpen-

881 754 1178 819 dictionis
1214 760 1426 822 oleum
1468 762 1861 843 impetrasse,
1897 761 2150 822 tandem
2192 761 2375 821 dimi-

881 862 1100 915 serunt
1161 876 1397 920 senem.
1461 860 1575 920 Per
1637 858 1806 938 quod
1869 858 2076 920 eidem
2138 858 2371 920 seniori

882 952 1214 1016 manifeste
1276 956 1571 1030 innotuit,
1623 957 1792 1037 quod
1851 956 2199 1018 monachus
2257 956 2374 1018 eis-

881 1049 1024 1110 dem
1068 1053 1274 1114 causis
1314 1054 1614 1136 vitiisque
1661 1053 1987 1135 subjaceat
2027 1054 2092 1116 in
2134 1054 2369 1135 quibus

879 1147 1034 1209 alios
1063 1148 1347 1229 judicare
1381 1152 1875 1233 praesumpserit.
1911 1151 2168 1233 Oportet
2198 1151 2369 1213 enim

881 1265 1402 1330 unumquemque
1461 1251 1898 1311 tantummodo
1953 1250 2245 1330 judicare
2303 1270 2369 1312 se

879 1342 1112 1423 ipsum,
1145 1353 1333 1427 atque
1375 1348 1439 1408 in
1480 1348 1777 1409 omnibus
1817 1348 2279 1429 circumspecte
2308 1357 2371 1409 et

877 1450 1060 1504 caute
1099 1462 1166 1505 se
1206 1445 1560 1523 custodire3
1604 1463 1731 1507 non
1769 1444 2039 1508 aliorum
2070 1446 2268 1506 vitam
2307 1454 2370 1508 et

875 1548 1053 1602 actus
1111 1542 1448 1617 discutere,
1509 1544 1859 1606 secundum
1921 1543 2077 1606 illud
2137 1563 2368 1625 praece-

879 1645 1058 1719 ptum
1103 1640 1391 1721 Apostoli
1434 1659 1446 1703 :
1489 1643 1579 1703 Tu
1630 1642 1774 1723 quis
1826 1662 1914 1717 cS,
1962 1643 2070 1723 qui
2119 1642 2369 1723 judicas

875 1736 1135 1799 fratrem
1178 1744 1398 1801 tuum?
1429 1759 1543 1803 suo
1573 1740 1831 1803 domino
1862 1748 2003 1815 stat,
2036 1749 2146 1802 aut
2176 1742 2361 1804 cadit.

877 1833 951 1895 Et
995 1852 1008 1895 :
1053 1836 1255 1898 Nolite
1302 1837 1610 1918 judicare,
1655 1846 1724 1899 ut
1773 1856 1901 1900 non
1945 1838 2362 1918 judicemini3
2401 1843 2448 1904 B

877 1932 940 1993 in
980 1951 1106 2013 quo
1145 1934 1317 1996 enim
1359 1936 1602 2016 judicio
1637 1935 2096 2016 judicaveritis,
2126 1936 2367 2016 judica-

874 2029 1121 2092 bimini.
1151 2031 1306 2093 Nam
1338 2040 1398 2093 et
1430 2041 1656 2114 praeter
1686 2052 1940 2095 causam
1973 2033 2361 2114 praedictam,

871 2128 1060 2189 etiam
1095 2129 1175 2191 ob
1206 2129 1325 2191 hoc
1367 2130 1795 2211 periculosum
1837 2139 1930 2193 est
1967 2131 2255 2211 iudicare
2287 2132 2363 2191 de

869 2225 1012 2287 aliis
1069 2246 1082 2290 :
1145 2229 1446 2309 quoniam
1506 2227 1863 2308 ignorantes
1919 2228 2361 2290 necessitatem

869 2324 970 2385 vel
1010 2343 1264 2387 causam
1313 2346 1438 2407 qua
1484 2325 1576 2386 illi
1619 2335 1814 2405 agunt
1857 2334 2026 2389 recte
2074 2333 2184 2388 aut
2231 2327 2361 2387 cul-

867 2421 1164 2502 pabiliter
1192 2431 1255 2483 et
1285 2422 1686 2485 veniabiliter
1717 2441 1926 2485 coram
1969 2425 2096 2486 Deo
2128 2423 2263 2486 haec
2296 2424 2359 2485 in

863 2519 1100 2600 quibus
1139 2538 1245 2582 eos
1282 2520 1666 2601 judicamuS,
1712 2521 2078 2584 invenimur
2119 2539 2227 2584 eos
2275 2529 2359 2583 te-

864 2636 1037 2679 mere
1073 2618 1429 2698 judicasse3
1469 2627 1532 2679 et
1577 2637 1691 2700 per
1731 2618 1850 2681 hoc
1900 2617 2359 2681 committimus

861 2732 989 2776 non
1036 2715 1172 2777 leve
1219 2723 1572 2798 peccatum,
1606 2716 1949 2778 sentientes
1995 2716 2237 2798 aliquid
2282 2716 2358 2778 de

866 2813 1166 2876 fratribus
1209 2815 1394 2876 aliter
1436 2834 1628 2896 quam
1671 2822 1936 2897 oportet.

1198 3086 1700 3151 CAPITULUM
1763 3087 2019 3150 XXXI.

864 3235 1211 3306 Increpatio
1245 3234 1513 3303 ejusdem
1545 3236 1704 3289 senis
1734 3251 1916 3307 quum
1945 3236 2197 3290 vidisset
2216 3235 2360 3289 Fra-

937 3330 1056 3378 tres
1085 3324 1248 3377 inter
1273 3323 1633 3393 spirituales
1669 3324 2021 3380 collationes
2057 3325 2357 3379 dormien-

937 3418 1042 3475 tes,
1064 3418 1121 3467 et
1148 3413 1379 3468 eosdem
1407 3414 1488 3467 ad
1510 3414 1928 3469 narrationem
1946 3413 2178 3485 fabulae
2206 3414 2357 3469 ote‘o-

932 3518 1016 3558 soe
1042 3502 1517 3574 experqesactos.

1005 3708 1433 3770 ECLARAVIT
1473 3708 1639 3769 idem
1682 3725 1874 3769 senex
1904 3706 2227 3769 diabolum
2262 3725 2355 3767 es-

1022 3825 1089 3867 se
1121 3806 1465 3868 otiosarum
1497 3804 1851 3867 fabularum
1882 3804 2217 3879 fautorem,
2238 3806 2359 3886 spi-

863 3904 1191 3967 ritualium
1227 3922 1478 3985 quoque
1512 3904 1920 3966 collationum
1962 3904 2359 3984 impugnato-

864 4022 1020 4077 rem,
1041 4004 1138 4065 his
1170 4003 1386 4084 signis,
1407 4004 1564 4065 Nam
1595 4021 1794 4084 quum
1825 4002 2357 4065 sermocinaretur

863 4102 1246 4184 quibusdam
1268 4101 1589 4163 Fratribus
1620 4101 1698 4163 de
1729 4100 2101 4162 necessariis
2131 4119 2205 4161 ac
2226 4100 2357 4187 spi-

2483 761 2611 823 dite
2652 764 2796 844 quis
2837 764 3031 826 fuerit
3070 764 3474 845 impugnator
3512 763 3859 845 spiritualis
3909 763 3985 824 il—

2486 860 2609 923 lius
2660 862 3035 938 collationiS,
3082 865 3226 944 quis
3276 864 3467 925 etiam
3517 872 3737 925 auctor
3782 869 3985 943 atque

2483 969 2813 1041 suggestor
2869 962 3277 1025 infructuosae
3333 962 3564 1025 fabulae
3618 961 3813 1042 hujus
3874 980 3987 1023 ex-

2483 1059 2682 1121 sistat.
2739 1060 2847 1121 llle
2905 1061 3127 1141 utique
3189 1060 3708 1123 manifestissime
3754 1060 3989 1141 depre-

2482 1158 2782 1221 henditur
2821 1178 2980 1233 esse,
3014 1161 3123 1241 qui
3166 1160 3349 1222 malis
3388 1159 3811 1241 congaudenS‚
3844 1177 3983 1221 non

2481 1258 2669 1319 desiit
2701 1257 3160 1320 infructuosam
3201 1257 3479 1322 fabulam
3517 1256 3877 1333 confovere,
3916 1267 3985 1320 et

2480 1353 2869 1418 fructuosam
2916 1356 3319 1419 collationem
3366 1357 3757 1438 impugnare.

2804 1608 3307 1673 CAPITULUM
3368 1612 3655 1676 XXXII.

2478 1750 2563 1803 De
2590 1747 2869 1818 epistolis
2896 1747 3218 1805 combustis
3255 1756 3579 1823 antequam
3606 1751 3976 1823 [efferentur.

2618 1945 3175 2009 ECESSARIUM
3232 1964 3373 2009 reor
3426 1948 3631 2020 valde,
3692 1965 3979 2012 comme-

2636 2062 2880 2106 morare
2928 2044 3049 2106 hoc
3098 2062 3257 2127 opus
3300 2046 3533 2107 Fratris
3574 2046 3756 2108 valde
3798 2048 3977 2109 solli-

2476 2140 2584 2201 citi
2635 2142 2804 2203 circa
2856 2142 3063 2204 cordis
3122 2142 3221 2203 sui
3283 2143 3663 2205 munditiam
3712 2152 3775 2206 et
3824 2162 3979 2207 con-

2474 2240 2950 2319 templationem
2996 2238 3299 2301 divinam.
3333 2241 3539 2314 Quum
3580 2241 3752 2303 enim
3790 2242 3848 2304 ei
3890 2244 3975 2305 de

2475 2338 2804 2418 provincia
2843 2337 3020 2400 Ponti
3073 2338 3283 2401 missae
3320 2357 3395 2400 ac
3434 2338 3657 2402 delatae
3699 2338 3977 2403 fuissent

2472 2435 2885 2518 quamplures
2934 2435 3241 2516 epistolas,
3294 2436 3617 2517 accipiens
3664 2437 3971 2517 grandem

2473 2533 2826 2594 litterarum
2896 2532 3297 2607 fasciculum,
3364 2540 3425 2595 et
3488 2534 3600 2595 diu
3666 2535 3835 2615 apud
3898 2556 3973 2599 se

2472 2630 2683 2711 ipsum
2729 2630 3109 2705 deliberanS,
3144 2631 3231 2692 ait
3267 2649 3280 2691 :
3316 2631 3701 2704 Quantarum
3743 2633 3977 2713 cogita-

2470 2728 2720 2789 tionum
2752 2746 2942 2789 causa
2970 2728 3091 2789 erit
3124 2728 3280 2791 mihi
3317 2728 3545 2791 harum
3586 2728 3775 2791 lectio
3805 2729 3974 2792 litte-

2472 2844 2708 2899 rarum,
2742 2845 2883 2906 quae
2924 2826 3227 2888 inducent
3265 2845 3366 2888 me
3406 2827 3485 2887 ad
3526 2816 3782 2889 inanem
3819 2828 3975 2891 laeti-

2469 2922 2647 2997 tiam,
2670 2924 2771 2985 vel
2797 2923 2872 2984 ad
2903 2922 3362 2985 infructuosam
3393 2924 3971 2998 tristitiamtouam

2395 3019 2439 3083 C
2471 3021 2690 3083 multis
2722 3021 2948 3083 diebus
2983 3022 3374 3083 revocabunt
3405 3022 3822 3086 intentionem
3865 3044 3976 3106 pe—

2470 3120 2661 3181 ctoris
2705 3120 2829 3180 mei
2869 3119 2950 3181 ab
2983 3120 3225 3181 intenta
3266 3120 3821 3202 contemplatione,
3855 3141 3975 3204 per

2468 3216 2972 3280 recordationem
3030 3235 3253 3279 eorum
3312 3218 3423 3299 qui
3483 3218 3642 3280 mihi
3702 3220 3973 3301 scripse-

2468 3319 2652 3377 runt?
2677 3315 2821 3377 Post
2851 3324 3159 3396 quantum
3187 3321 3438 3397 tempus
3462 3316 3799 3379 dirimetur
3829 3336 3977 3381 con-

2466 3422 2650 3495 cepta
2683 3413 2815 3475 haec
2850 3413 3080 3475 mentis
3112 3412 3424 3487 confusio,
3444 3422 3507 3475 et
3537 3423 3775 3496 quanto
3806 3416 3975 3479 labo-

2468 3530 2533 3574 re
2578 3512 3048 3592 recuperandus
3097 3518 3193 3573 est
3242 3518 3440 3573 status
3488 3513 3972 3593 tranquillitatis

2468 3609 2649 3670 istius
2692 3609 2757 3669 in
2798 3628 2923 3689 qua
2966 3628 3137 3670 nunc
3172 3627 3315 3670 sum
3352 3627 3365 3670 :
3400 3610 3452 3671 si
3491 3610 3745 3672 animus
3786 3631 3971 3675 meus

2468 3707 2663 3769 semel
2714 3714 3040 3787 permotus
3092 3705 3285 3768 fuerit
3326 3706 3564 3769 affectu
3614 3708 3969 3773 litterarum

2468 3804 2753 3878 istarum,
2788 3804 3261 3866 reminiscendo
3292 3823 3616 3867 sermones
3646 3824 3719 3867 ac
3748 3806 3969 3871 vultus

2466 3920 2686 3965 eorum
2732 3919 2891 3983 quos
2936 3909 3111 3963 tanto
3156 3908 3443 3984 ternpore
3486 3902 3861 3985 dereliquit;
3904 3914 3969 3967 et

2466 4000 2733 4081 coeperit
2761 4018 2867 4062 eos
2900 4000 3089 4063 corde
3131 4000 3429 4073 revisere,
3464 4008 3525 4061 et
3558 4010 3769 4064 mente
3808 4002 3970 4085 ipsis

2466 4098 2849 4171 cohabitare,
2883 4117 2956 4159 ac
2988 4097 3219 4178 spiritu
3261 4097 3612 4160 interesse?
3642 4099 3807 4172 Quos
3838 4120 3973 4163 cer-

862 4201 1198 4263 ritualibus
1243 4199 1454 4274 rebus,
1496 4199 1865 4280 videretque
1909 4217 2016 4260 eos
2066 4198 2357 4277 gravissi·
2383 4199 2434 4261 D
2467 4203 2527 4257 tc
2558 4196 2719 4257 nihil
2751 4196 3033 4276 proderit
3064 4195 3474 4276 corporaliter
3503 4197 3881 4273 deseruisse,
3912 4202 3967 4262 si

865 4316 970 4361 mo
1018 4299 1292 4379 quodam
1351 4297 1632 4377 demergi
1693 4314 1942 4378 sopore,
1994 4315 2110 4357 nec
2170 4314 2356 4377 posse

861 4415 969 4460 eos
1018 4396 1390 4477 gravitatem
1441 4395 1646 4457 somni
1697 4394 1777 4455 ab
1826 4393 2027 4456 oculis
2078 4394 2213 4455 suis
2263 4412 2355 4455 re-

863 4494 1134 4577 pellere3
1178 4493 1525 4555 introduxit
1569 4500 1828 4574 repente
1879 4491 2158 4554 fabulam
2200 4492 2356 4554 otio—

863 4612 1018 4655 sam.
1053 4593 1146 4654 Ad
1189 4591 1374 4673 cujus
1418 4590 1809 4652 auditionem
1853 4608 2052 4670 quum
2093 4589 2357 4651 vidisset

860 4709 968 4753 eos
1015 4690 1350 4753 confestim
1394 4688 1749 4768 evigilasse,
1783 4693 1846 4748 et
1889 4706 2072 4749 aures
2114 4696 2355 4749 erectas

860 4807 1009 4850 cum
1041 4786 1457 4849 delectatione
1488 4785 1742 4859 habere,
1761 4784 2070 4864 ingemuit
2097 4784 2351 4846 dicens:

859 4886 1041 4948 Nunc
1090 4902 1292 4966 usque
1341 4884 1420 4945 de
1471 4882 1660 4944 rebus
1719 4882 2084 4944 coelestibus
2144 4882 2358 4963 loque-

865 4983 1114 5057 bamur,
1166 4990 1228 5044 et
1273 4982 1559 5044 omnium
1606 4988 1889 5041 vestrum
1934 4980 2104 5042 oculi
2151 4980 2358 5061 depri-

869 5082 1206 5144 mebantur
1243 5079 1686 5143 dormitatione
1727 5079 1896 5141 letali
1918 5096 1934 5158 3
1967 5098 2166 5160 quum
2208 5096 2358 5141 vero

866 5180 1084 5243 fabula
1140 5178 1340 5241 otiosa
1393 5179 1716 5262 proposita
1769 5184 1886 5251 est,
1937 5195 2158 5239 omnes
2212 5196 2356 5239 mox

869 5276 1317 5359 expergefacti,
1360 5276 1729 5339 excussistis
1777 5283 2098 5358 torporem
2150 5274 2357 5338 somni

2468 4294 2654 4357 corde
2694 4312 2801 4356 eos
2848 4294 3113 4375 incipiat
3158 4293 3415 4367 intueri,
3458 4302 3522 4355 et
3565 4296 3785 4358 eadem
3834 4315 3973 4359 rur-

2466 4412 2573 4455 sus
2612 4392 2940 4454 admiserit
2972 4409 3245 4473 quorum
3290 4393 3662 4455 memoriam
3695 4394 3972 4477 quisque

2466 4490 2617 4552 huic
2686 4489 2919 4552 saeculo
2986 4508 3134 4551 vere
3207 4490 3601 4564 renuntians,
3664 4500 3969 4574 tanquam

2469 4589 2708 4651 mundo
2751 4595 3041 4650 mortuus
3084 4587 3422 4649 abdicavit.
3457 4588 3601 4651 Haec
3646 4590 3709 4651 in
3753 4599 3971 4672 pecto-

2468 4706 2533 4748 re
2563 4704 2678 4749 suo
2709 4684 3062 4757 revolvenS,
3094 4684 3375 4747 decrevit
3415 4704 3543 4748 non
3583 4687 3787 4750 solum
3828 4690 3973 4751 nul—

2468 4784 2592 4846 lam
2656 4782 2990 4865 epistolam
3061 4782 3330 4863 aperire,
3398 4783 3507 4845 sed
3572 4804 3690 4847 nec
3753 4786 3969 4867 ipsum

2465 4881 2845 4944 fasciculum
2896 4880 3213 4961 disligare,
3258 4899 3338 4942 ne
3385 4898 3607 4944 eorum
3656 4883 3768 4964 qui
3816 4885 3973 4947 scri-

2466 4986 2745 5062 pserant,
2789 4978 3050 5040 nomina
3100 4978 3426 5051 intuendo,
3470 4988 3580 5042 aut
3628 4979 3821 5044 facies
3870 5002 3971 5045 re-

2468 5077 2805 5149 cordando,
2878 5076 3297 5157 impediretur
3359 5096 3396 5137 a
3464 5078 3785 5159 spirituali
3851 5101 3974 5145 sua

2470 5174 2857 5252 intentione3
2908 5174 3017 5236 sed
3078 5174 3245 5235 sicut
3293 5174 3671 5238 fasciculum
3720 5181 3975 5261 accepit

2471 5272 2908 5347 constrictum,
2942 5272 3035 5333 sic
3080 5272 3210 5352 igni
3260 5272 3518 5335 tradidit
3560 5292 3973 5341 concreman-
