4359 6267
1101 905 1736 1098 LIBRi
1897 958 2872 1098 SECUNDI

395 1339 2042 1506 COLLATIONUM
2198 1341 2474 1505 SS.
2579 1341 3557 1507 PATRUM

1379 1745 2581 1871 TRANsLATlo

1527 2547 2440 2660 PROLOGUS

756 2881 836 2932 IN
902 2880 1217 2933 SEPTEM
1285 2877 1828 2932 COLLATIONES
1893 2877 2227 2929 PATRUM
2295 2877 2376 2928 IN
2443 2877 2871 2936 THEBAIDIS
2934 2879 3213 2932 EREMO

1640 3002 2327 3055 CONSISTENTIUM.

699 3501 996 3576 Eucheri,
1030 3503 1135 3563 vix
1181 3508 1415 3582 queant
1461 3501 1694 3563 imitari
1738 3508 2013 3562 vestram
2059 3499 2542 3581 perfectionem,
2575 3519 2701 3582 qua
2743 3502 2808 3563 in
2850 3502 2968 3564 hoc
3005 3505 3242 3567 mundo
3281 3506 3534 3588 praeful-

697 3609 860 3690 getis
890 3608 1250 3672 admirabili
1283 3607 1566 3670 claritate
1599 3608 1771 3670 velut
1805 3607 2093 3688 quaedam
2127 3606 2465 3668 luminaria
2496 3625 2759 3688 magna3
2790 3617 3068 3671 attamen
3101 3618 3271 3674 tanta
3302 3613 3535 3676 virtute

427 3717 929 3779 inflammamini
989 3735 1067 3779 ex
1127 3716 1631 3779 consideratione
1684 3715 1970 3778 virorum
2031 3714 2288 3776 illorum
2349 3713 2726 3777 sublimium
2784 3735 2821 3777 a
2879 3717 3113 3799 quibus
3170 3721 3534 3802 accepimus

426 3825 642 3908 prima
679 3824 1138 3888 anachoreticae
1169 3824 1316 3888 vitae
1355 3831 1606 3896 statuta,
1642 3831 1712 3885 ut
1752 3842 1917 3884 unus
1957 3830 2265 3895 vestrum,
2303 3823 2645 3904 praesidens
2687 3825 2972 3886 Fratrum
3015 3826 3325 3900 coenobio,
3358 3836 3533 3910 optet

427 3932 990 4014 congregationem
1037 3951 1240 4006 suam,
1274 3951 1415 4014 quae
1459 3931 1723 3994 docetur
1766 3930 2138 4012 quotidiano
2176 3937 2404 3992 vestrae
2448 3939 2680 3994 sanctae
2725 3933 3223 3996 conversationis
3273 3935 3529 4010 intuitu,

427 4039 712 4120 regulari
742 4047 932 4121 atque
964 4039 1213 4101 institui
1256 4038 1590 4120 praeceptis
1629 4038 1882 4101 Patrum
1926 4037 2221 4118 illorum;
2255 4056 2443 4120 porro
2471 4038 2630 4100 alter
2660 4047 2943 4102 vestrum
2975 4041 3244 4103 voluerit
3275 4042 3533 4106 visitare

427 4149 798 4230 AEgyptum,
851 4153 918 4208 ut
969 4145 1394 4210 aedificaretur
1444 4146 1756 4228 corporali
1807 4146 2178 4208 eorumdem
2228 4146 2483 4208 Patrum
2530 4148 2855 4228 adspectu,
2903 4155 3215 4230 quatenus
3264 4149 3534 4212 derelin-

429 4274 642 4336 quens
684 4253 1077 4335 provinciam
1123 4254 1309 4316 istam
1342 4261 1698 4335 torpentem
1743 4253 1946 4334 rigore
1980 4253 2231 4334 frigoris
2266 4253 2593 4326 Gallicani,
2630 4254 3043 4316 transvolaret
3084 4255 3279 4317 instar
3320 4257 3535 4319 castis·
3587 4313 3591 4318 .

429 4363 582 4426 simi
635 4362 902 4424 turturis
958 4363 1036 4424 ad
1087 4370 1284 4424 terras
1345 4361 1484 4423 illas
1533 4381 1690 4443 quas
1752 4361 1855 4424 Sol
1904 4361 2168 4441 justitiae
2231 4361 2491 4443 respicit
2549 4353 2858 4444 proxime,
2912 4363 3175 4424 maturis
3225 4364 3533 4428 virtutum

430 4469 754 4533 fructibus
793 4469 1206 4531 abundantes
1244 4470 1402 4531 Hinc
1443 4470 1670 4532 caritas
1711 4469 1974 4532 extorsit
2001 4488 2039 4531 a
2072 4488 2195 4543 me,
2232 4478 2297 4530 ut
2340 4469 2677 4562 consulens
2719 4469 2949 4532 fervori
2993 4470 3184 4533 unius
3221 4489 3295 4533 ac
3334 4471 3534 4536 labori

426 4577 719 4651 alteriuS,
751 4595 881 4640 non
910 4576 1180 4638 vitarem
1221 4585 1347 4639 tam
1395 4585 1688 4659 apertum
1735 4576 2054 4639 scribendi
2099 4576 2480 4658 periculum,
2513 4577 2859 4639 dummodo
2896 4577 3236 4641 auctoritas
3272 4579 3539 4642 addatur

429 4686 646 4769 primo
679 4692 961 4746 vestrum
1002 4686 1171 4766 apud
1204 4684 1372 4748 filios
1405 4685 1643 4767 quibus
1675 4691 2001 4766 praeest.‚et
2031 4685 2312 4747 secundo
2338 4693 2619 4746 vestrum
2650 4683 2972 4747 auferatur
3002 4695 3131 4748 tam
3164 4688 3537 4769 periculosae

429 4791 855 4873 navigationis
896 4791 1257 4854 necessitas,
1294 4792 1580 4874 Insuper,
1614 4791 1914 4874 quoniam
1947 4791 2241 4853 Instituta
2280 4792 2554 4862 Patrum‚
2581 4810 2720 4872 quae
2762 4793 3261 4875 conscripsimus
3302 4794 3537 4857 libellis

428 4899 772 4963 duodecim
821 4899 897 4961 ad
945 4898 1146 4961 beatae
1193 4899 1516 4962 memoria}
1561 4900 1878 4962 Castorem
1923 4899 2322 4981 episcopum,
2364 4907 2422 4962 et
2471 4899 2691 4960 decem
2739 4898 3117 4963 Collationes
3168 4903 3422 4964 Patrum
3473 4903 3539 4964 in

429 5025 652 5070 eremo
691 5006 907 5089 Scythi
953 5006 1346 5087 degentium,
1381 5027 1537 5090 quas
1581 5008 2038 5089 descripsimus
2083 5005 2605 5090 praecipientibus
2649 5007 2885 5070 sanctis
2926 5007 3248 5091 episcopis
3296 5009 3542 5071 Elladio

431 5123 628 5197 atque
659 5113 941 5188 Leontio,
974 5131 1103 5176 non
1138 5121 1482 5196 potuerunt
1513 5115 1876 5178 satisfacere
1908 5115 2142 5178 fervori
2174 5114 2327 5176 fidei
2358 5122 2584 5176 vestrae
2620 5133 2633 5177 :
2671 5114 2911 5178 idcirco
2940 5123 3009 5176 ut
3040 5135 3209 5177 nunc
3246 5135 3542 5198 agnosca-

435 5229 544 5284 tur
582 5221 743 5284 ratio
783 5222 981 5284 nostri
1027 5221 1296 5297 itineris,
1333 5223 1583 5285 decrevi
1625 5222 1806 5285 vobis
1851 5242 1990 5285 esse
2032 5223 2489 5286 consecrandas
2526 5241 2597 5284 ac
2633 5223 3025 5304 deputandas
3063 5233 3307 5306 septem
3342 5225 3539 5288 Colla-

437 5329 650 5392 tiones
693 5328 886 5390 trium
932 5329 1188 5391 Patrum
1232 5329 1586 5412 primorum
1630 5349 1788 5414 quos
1827 5331 2107 5394 vidimus
2154 5331 2221 5392 in
2267 5331 2389 5393 alia
2430 5347 2645 5392 eremo
2690 5338 3177 5405 commoranteS,
3220 5332 3356 5413 pari
3396 5332 3543 5396 stilo

433 3391 844 3715 QUUM
883 3393 1067 3455 multi
1109 3393 1321 3456 Sancti
1359 3393 1468 3475 qui
1509 3392 1890 3455 erudiuntur
1918 3397 2130 3454 vestro
2169 3391 2485 3473 exemp10,
2512 3410 2551 3455 o
2584 3394 2785 3455 sancti
2823 3395 3090 3468 FratreS,
3123 3396 3435 3461 Honorate
3474 3408 3537 3462 et
