4359 6267
817 496 936 559 414
1474 516 1890 563 conmriomm
1932 518 2016 561 ss.
2051 516 2295 561 runnu
2335 516 2509 562 mmm
2550 517 2613 562 11.
2658 534 2739 544 -
2778 516 3065 563 commo
3104 516 3260 563 xxm

816 686 984 765 quod
1017 704 1345 766 nunquam
1379 705 1720 768 possumus
1751 693 2146 748 sacrosancta
2178 705 2310 768 my·
2339 684 2389 747 A
2420 692 2636 747 menta
2668 704 2682 748 ε
2717 704 2859 766 quae
2890 704 3291 766 nequaquam
3322 684 3659 748 discuntur
3687 704 3919 766 praece-

816 783 1008 845 steria
1067 784 1254 865 digne
1322 785 1690 866 contingere
1757 791 2017 865 propter
2083 784 2311 846 merita
2417 783 2605 845 dente
2636 785 2906 865 quadam
2942 784 3182 846 ratione
3207 783 3662 857 verborum‚ut
3690 791 3917 845 oeterae

815 889 1050 955 nostra,
1085 901 1276 963 quam
1313 890 1382 943 ut
1412 902 1573 944 vana
1611 883 2021 964 persuasione
2059 882 2309 963 decepti
2419 890 2583 944 artes
2632 882 2950 953 humanae,
3001 882 3112 944 sed
3163 883 3374 964 potius
3422 890 3567 944 actu
3616 890 3681 943 et
3726 900 3916 963 expe·

813 998 886 1041 ae
927 980 1179 1053 tumidi,
1214 981 1604 1043 aestimemus
1642 999 1757 1044 nos
1797 982 2018 1061 dignos
2062 981 2311 1062 partioi-
2420 980 2692 1059 rientia3
2740 1000 2879 1062 quae
2921 981 3112 1043 etiam
3160 1000 3273 1062 per
3316 980 3627 1043 incuriam
3673 980 3915 1043 dissue-

815 1077 1067 1159 patione
1110 1096 1329 1141 eorum
1378 1088 1521 1160 post
1562 1099 1823 1141 annum.
2420 1086 2605 1141 scunt
2647 1088 2710 1141 et
2751 1079 3008 1153 abeunt,
3050 1088 3159 1141 aut
3199 1080 3400 1143 otiosa
3446 1080 3767 1142 oblivione
3810 1080 3917 1141 de-

895 1177 1289 1257 Quapropter
1323 1178 1622 1240 attentius
1663 1179 2080 1259 imploremus
2127 1179 2312 1241 mise·
2421 1186 2709 1259 pereunt,
2737 1178 2861 1241 nisi
2895 1177 3133 1240 fuerint
3164 1178 3532 1260 frequenter
3560 1179 3921 1240 examinata

817 1274 1156 1336 ricordiam
1189 1275 1322 1348 Dei,
1347 1284 1416 1336 ut
1442 1276 1763 1339 valeamus
1793 1278 1926 1339 haec
1958 1277 2311 1358 intelligere
2419 1284 2482 1338 et
2544 1277 2741 1358 polita
2802 1277 3247 1340 collationibus
3312 1277 3743 1359 spiritualium
3810 1296 3915 1358 pa-

818 1379 881 1433 et
921 1372 1244 1435 fructuose
1288 1380 1525 1448 tenere,
1559 1382 1748 1455 atque
1792 1382 1862 1436 ut
1899 1375 2157 1455 adjuvet
2196 1394 2310 1437 nos
2420 1383 2614 1448 trum,
2648 1383 2711 1437 et
2740 1375 3011 1437 sollicite
3042 1375 3343 1438 ventilata
3376 1376 3680 1439 doctrinis
3712 1383 3772 1436 et
3808 1394 3915 1437 ex-

817 1471 895 1533 ad
935 1470 1343 1556 percipienda
1381 1480 1488 1534 aut
1525 1472 1918 1557 perficienda
1953 1474 2086 1537 haee
2126 1474 2313 1537 doeu-
2420 1473 2749 1556 perientiis
2792 1472 3198 1556 quotidianis.
