4359 6267
1282 535 1362 579 na
1401 534 1730 581 msnrtms
1771 536 1856 581 ss.
1891 537 2152 583 ramum.
2195 556 2276 567 —
2314 538 2489 584 Lmen
2530 540 2567 583 v
3397 522 3471 585 61

374 720 496 765 one
543 710 608 763 et
655 703 1054 784 subjectione
1097 704 1370 787 propriae
1413 704 1620 767 carnis
1651 708 1675 765 Ζ
1719 706 1870 785 Eg0,
1902 705 1953 767 A
1981 726 2152 781 nem,
2187 708 2476 782 dicendo,
2511 708 2612 771 Sic
2649 727 2856 784 curro,
2890 726 3017 772 non
3053 710 3232 791 quasi
3272 710 3337 771 in
3377 710 3470 771 in·
3548 717 3683 763 ICor-
3708 733 3767 771 ut.

376 801 607 882 inquit,
651 802 745 864 sic
788 821 994 877 curro,
1035 822 1159 865 non
1201 803 1381 884 quasi
1427 804 1493 864 in
1533 803 1866 866 incertum.
1981 814 2226 868 certum
2262 825 2275 869 :
2309 806 2479 888 quod
2520 808 2879 889 specialiter
2915 808 3187 870 refertur
3224 808 3301 870 ad
3342 828 3473 871 suae
3500 783 3567 824 ²⁶‘

374 898 514 962 Non
571 902 772 963 currit
819 902 1000 982 quasi
1060 902 1126 963 in
1179 902 1516 975 incertum,
1569 903 1870 983 quoniam
1982 904 2213 967 mentis
2259 905 2700 981 intentionem,
2745 907 2972 988 suique
3020 906 3227 969 cordis
3271 906 3473 970 fervo-

377 1000 840 1081 concupiscens
889 1001 1212 1064 coelestem
1253 1002 1624 1076 Jerusalem,
1666 1001 1870 1065 fixum
1980 1021 2114 1064 rem
2146 1021 2274 1084 quo
2304 1003 2624 1066 Christum
2658 1012 2784 1067 toto
2813 1004 3198 1085 sequebatur
3224 1005 3470 1078 ardore,

377 1097 568 1160 habet
593 1118 722 1181 quo
751 1099 1195 1162 inflexibiliter
1219 1100 1373 1182 figat
1401 1119 1474 1162 ac
1510 1101 1739 1183 dirigat
1771 1101 1870 1163 sui
1979 1118 2127 1161 cum
2159 1100 2403 1181 Sponsa
2442 1102 2803 1178 decantans,
2836 1102 2979 1165 Post
3012 1110 3072 1164 te
3108 1103 3176 1164 in
3214 1103 3471 1165 odorem
3520 1112 3761 1165 eanc.1,a.

378 1196 588 1257 cordis
639 1196 1076 1259 intentionem.
1123 1198 1262 1259 Non
1311 1198 1510 1259 currit
1560 1199 1625 1260 in
1675 1199 1874 1261 incer·
1980 1206 2449 1279 unguentorum
2500 1206 2751 1263 tuorum
2802 1218 3172 1280 curremus;
3217 1209 3281 1263 et
3322 1219 3469 1263 cum

375 1300 537 1368 tum,
584 1296 695 1376 qui
738 1294 1122 1357 obliviscens
1167 1296 1536 1377 posteriora,
1581 1298 1660 1359 ad
1706 1297 1871 1378 prio—
1977 1296 2309 1377 Propheta,
2341 1298 2619 1361 Adhaesit
2648 1299 2859 1362 anima
2890 1318 3032 1361 mea
3058 1306 3313 1382 postte.
3349 1300 3469 1362 Sed
3508 1316 3761 1367 Panna.

375 1412 446 1453 ra
493 1393 778 1455 extendit
819 1412 887 1455 se
932 1394 1165 1475 ipsum,
1207 1395 1285 1455 ad
1330 1394 1716 1456 destinatum
1759 1414 1870 1457 seu
1979 1394 2169 1456 etiam
2220 1402 2603 1476 protestatur
2651 1416 2718 1458 se
2766 1397 2997 1459 vicisse
3046 1398 3220 1460 aliud
3268 1416 3469 1480 genus

376 1490 696 1552 intentum
764 1509 1153 1572 persequens
1220 1491 1512 1553 bravium
1579 1512 1871 1575 supernas
1979 1492 2369 1566 certaminis,
2411 1494 2629 1555 dicens
2665 1512 2679 1555 :
2722 1494 2825 1557 Sic
2868 1513 3103 1577 pugn0,
3148 1512 3275 1559 non
3317 1516 3469 1578 qua·
3540 1514 3680 1560 1c0r.
3704 1530 3761 1567 ax,

375 1589 727 1653 vocationis
775 1590 888 1650 Dei
937 1588 1002 1651 in
1054 1589 1304 1653 Christo
1347 1590 1514 1652 Jesu.
1561 1590 1654 1653 Ad
1702 1591 1870 1671 quod
1979 1590 2032 1651 si
2083 1610 2295 1652 aerem
2344 1591 2735 1670 verberans3
2786 1592 2897 1655 sed
2950 1594 3186 1675 castigo
3240 1611 3471 1677 corpus
3498 1582 3656 1628 ²⁶’²⁷·

376 1687 670 1748 bravium
714 1706 968 1770 semper
1010 1687 1292 1769 dirigens
1334 1690 1566 1751 mentis
1607 1709 1738 1752 suae
1782 1690 1872 1751 in·
1980 1707 2197 1750 meum
2237 1696 2301 1750 et
2340 1690 2629 1751 servituti
2669 1690 2963 1771 subjicio,
3001 1691 3176 1765 Quod
3218 1693 3473 1774 proprie

372 1785 634 1858 tuitum,
667 1792 857 1866 atque
895 1785 974 1848 ad
1015 1786 1174 1847 illud
1211 1794 1342 1849 toto
1382 1787 1589 1849 cordis
1623 1787 1870 1849 fervore
1982 1786 2259 1868 pertinet
2289 1788 2367 1873 ad
2408 1787 2652 1851 labores
2692 1790 3100 1852 continentiae
3138 1796 3202 1851 et
3232 1791 3311 1851 ad
3347 1808 3477 1854 cor-

376 1882 708 1956 festinanS,
741 1882 1130 1946 fiducialiter
1165 1884 1545 1947 exclamavit
1579 1903 1592 1947 ε
1625 1886 1868 1948 Bonum
1907 1882 1956 1945 B
1985 1885 2199 1967 porale
2238 1886 2583 1966 Jejunium,
2620 1894 2808 1969 atque
2850 1887 2928 1949 ad
2972 1888 3178 1950 carnis
3220 1887 3476 1951 afflicti-

373 1999 644 2063 agonem
689 1983 948 2057 certavi,
990 2003 1250 2046 cursum
1295 1984 1752 2057 consummavi,
1799 1984 1874 2046 fi-
1983 1999 2170 2045 onem
2208 2000 2221 2044 ε
2255 2002 2369 2066 per
2403 2002 2594 2064 quam
2636 1984 3003 2046 describens
3044 2003 3110 2045 se
3149 2003 3288 2047 esse
3328 1994 3479 2048 stre-

91 1300 346 1355 Philippau,

97 1366 156 1411 13,
180 1366 240 1406 Η.

95 1886 148 1961 -11
164 1888 270 1930 rim.
285 1903 342 1940 w,

113 2190 233 2233 Cant.
258 2206 286 2241 ι,
303 2196 344 2235 3.

121 2582 148 2624 11
167 2583 270 2625 Tim.
285 2599 340 2633 tv„

95 2648 132 2687 Β.

129 3074 298 3119 Itidem.

109 3956 336 4011 lumnam,

133 4154 254 4208 Apoc.
281 4170 336 4205 m.

375 2081 523 2141 dem
567 2082 835 2142 servavi.
873 2081 947 2142 Et
987 2082 1140 2162 quia
1179 2100 1248 2144 se
1288 2089 1546 2144 noverat
1587 2081 1873 2163 infatiga-

375 2177 594 2239 biliter
651 2179 1010 2241 cucurrisse
1066 2179 1271 2242 veloci
1332 2180 1667 2243 devotione
1725 2198 1870 2242 con-

376 2276 661 2339 scientiae
711 2295 840 2339 suae
893 2286 1037 2358 post
1087 2278 1348 2340 odorem
1401 2286 1870 2359 unguentorum

375 2374 633 2448 Christi,
664 2382 854 2456 atque
886 2375 1119 2437 vicisse
1159 2384 1480 2438 certamen
1519 2376 1869 2457 spiritualis

372 2473 596 2553 agonis
648 2473 1058 2553 castigatione
1111 2474 1383 2556 propriae
1439 2474 1669 2547 carnis,
1723 2493 1870 2537 cum

373 2569 618 2633 fiducia
651 2569 844 2632 infert
878 2570 1147 2633 dicendo
1182 2588 1196 2632 ε
1233 2572 1317 2632 De
1354 2578 1562 2633 cetero
1598 2572 1872 2653 reposita

371 2676 468 2729 est
501 2667 662 2729 mihi
697 2686 928 2731 corona
958 2668 1244 2748 justitiae,
1277 2687 1467 2749 quam
1505 2669 1724 2731 reddet
1758 2670 1871 2731 mi-

370 2767 438 2828 hi
471 2766 781 2828 Dominus
821 2765 888 2827 in
928 2766 1032 2829 die
1073 2767 1181 2828 illa
1207 2766 1418 2847 justus
1444 2767 1658 2848 judex.
1694 2768 1771 2829 Et
1801 2776 1870 2829 ut

367 2864 560 2927 nobis
617 2864 894 2925 similem
943 2864 1382 2927 retributionis
1439 2884 1618 2948 spem
1665 2865 1867 2947 aperi-

369 2971 486 3036 ret,
521 2962 576 3023 si
618 2980 766 3024 eum
807 2962 1041 3024 imitari
1076 2963 1142 3024 in
1181 2981 1380 3044 agone
1420 2983 1644 3025 cursus
1683 2964 1866 3026 istius

1983 2099 2182 2142 nuum
2216 2080 2499 2162 pugilem
2537 2082 2745 2143 carnis
2784 2102 2935 2155 suae,
2968 2101 3087 2145 nec
3115 2084 3475 2147 exercuisse

1980 2198 2048 2240 se
2089 2185 2307 2240 contra
2344 2197 2485 2240 eam
2527 2178 2801 2241 inaniter
2840 2180 3003 2241 ictus
3044 2181 3471 2256 continentiae,

1981 2276 2381 2358 triumphum
2422 2294 2675 2358 quoque
2716 2296 2944 2359 pugnae
2984 2296 3098 2360 per
3127 2279 3227 2341 sui
3257 2297 3474 2362 corpo-

1978 2374 2066 2435 ris
2117 2372 2674 2438 mortificationem
2730 2394 2795 2437 se
2847 2375 3285 2457 acquisivisse,
3331 2394 3475 2440 con-

1979 2470 2146 2544 tulit,
2195 2471 2547 2552 promeruit
2596 2472 2731 2533 sive
2780 2471 3059 2534 obtinuit
3106 2472 3475 2536 immortali-

1980 2570 2124 2630 tatis
2173 2586 2471 2631 coronam
2524 2569 3147 2651 incorruptionisque
3195 2571 3473 2653 palmam

1980 2666 2235 2749 spiritui
2270 2685 2385 2729 suo
2420 2667 2629 2730 carnis
2668 2687 2797 2730 suae
2831 2668 3079 2743 victori,
3115 2670 3251 2751 ipsa
3283 2688 3473 2732 carne

1979 2763 2354 2826 verberibus
2398 2755 2802 2827 continentia}
2844 2766 3164 2846 castigata,
3202 2767 3475 2848 jejunio-

1979 2880 2251 2943 rumque
2311 2862 2607 2925 caestibus
2666 2864 2971 2925 edomata.
3024 2864 3211 2926 Vides
3271 2866 3475 2946 legiti-

1980 2980 2158 3022 mum
2190 2960 2655 3023 colluctationis
2694 2961 3003 3036 ordinem,
3037 2962 3469 3044 spiritualium

369 3059 669 3133 velimuS,
706 3060 960 3141 adjecit,
1001 3060 1140 3123 Non
1181 3062 1388 3124 solum
1428 3069 1640 3124 autem
1682 3062 1864 3136 mihi,
1906 3058 1950 3122 G
1980 3077 2234 3141 quoque
2285 3078 2642 3140 pugnarum
2691 3067 3013 3133 eventum,
3066 3061 3470 3142 quemadmo-

368 3158 482 3220 sed
512 3157 816 3220 omnibus
847 3157 956 3239 qui
991 3158 1264 3239 diligunt
1294 3159 1638 3221 adventum
1673 3160 1813 3240 ejus
1850 3178 1863 3221 :

368 3256 796 3337 pronuntians
836 3274 951 3317 nos
982 3256 1120 3319 fore
1151 3257 1493 3340 participes
1533 3278 1662 3321 suae
1703 3276 1871 3320 coro-

365 3374 466 3415 nae
503 3354 569 3414 in
606 3353 709 3415 die
738 3353 990 3433 judieii,
1023 3354 1076 3415 si
1115 3355 1508 3435 acquirimus
1539 3355 1867 3417 victoriam

366 3452 740 3515 certaminis
796 3451 1207 3533 castigatione
1265 3454 1507 3535 proprii
1562 3455 1865 3536 corporiS,

365 3550 714 3631 diligentes
777 3550 1008 3613 Christi
1072 3551 1438 3625 adventum,
1500 3570 1625 3615 non
1685 3553 1868 3615 illum

365 3648 700 3711 dumtaxat
733 3648 1079 3709 adventum
1116 3649 1224 3729 qui
1267 3656 1329 3711 et
1363 3650 1727 3711 nolentibus
1765 3669 1870 3733 ap-

365 3746 644 3828 parebit,
690 3745 801 3807 sed
844 3746 1036 3807 etiam
1087 3746 1278 3808 istum
1323 3747 1434 3828 qui
1475 3748 1758 3829 quotidie
1802 3749 1869 3810 in

363 3843 610 3907 sanctis
652 3843 730 3905 fit
771 3843 1126 3906 animabus
1169 3844 1256 3906 De
1299 3863 1427 3926 quo
1473 3845 1757 3908 Christus
1804 3847 1866 3909 in

367 3941 719 4023 Evangelio
757 3941 846 4003 ait
880 3959 895 4003 ε
940 3942 1068 4022 Ego
1110 3949 1172 4003 et
1213 3943 1391 4005 Pater
1433 3963 1612 4005 meus
1655 3945 1867 4006 venie-

367 4060 520 4103 mus
578 4041 657 4101 ad
711 4059 882 4115 eum,
932 4047 996 4103 et
1049 4042 1442 4103 mansionem
1495 4042 1665 4123 apud
1718 4062 1868 4104 eum

365 4139 726 4217 faciemus3
767 4146 830 4201 et
869 4139 1099 4201 iterum
1137 4157 1150 4200 :
1185 4138 1346 4201 Ecce
1383 4147 1479 4202 sto
1514 4139 1594 4202 ad
1633 4141 1866 4202 ostium

1979 3157 2132 3218 dum
2161 3157 2297 3240 ipse
2324 3156 2555 3219 Christi
2581 3157 2816 3219 athleta
2845 3158 3113 3239 adeptus
3136 3158 3469 3221 victoriam

1979 3255 2055 3316 de
2089 3273 2278 3316 carne
2308 3254 2555 3328 rebelli,
2589 3274 2663 3317 ea
2693 3254 2963 3336 pedibus
2994 3256 3128 3318 suis
3157 3257 3467 3337 subjecta,

1977 3348 2263 3414 efficitur
2294 3352 2717 3433 triumphator
2749 3352 3090 3416 sublimis?
3122 3354 3198 3415 Et
3230 3354 3471 3418 idcirco

1979 3466 2105 3511 non
2159 3449 2359 3510 currit
2407 3448 2474 3510 in
2523 3449 2859 3523 incertum,
2914 3452 3214 3532 quoniam
3270 3452 3468 3515 confi-

1977 3547 2165 3609 debat
2223 3565 2291 3608 se
2349 3548 2639 3628 protinus
2698 3547 3128 3629 ingressurum
3185 3558 3469 3613 sanctam

1978 3644 2303 3707 coelestem
2349 3645 2712 3707 Jerusalem.
2765 3646 2867 3708 Sic
2920 3655 3158 3729 pugnat
3204 3647 3469 3729 jejuniis

1977 3750 2040 3803 et
2072 3741 2424 3805 afflictione
2461 3744 2691 3817 carnis,
2725 3756 2851 3807 'non
2882 3745 3061 3826 quasi
3093 3764 3305 3809 aerem
3336 3765 3473 3808 ver-

1978 3839 2230 3914 berans,
2284 3840 2347 3902 id
2394 3849 2511 3915 est,
2563 3859 2691 3904 non
2740 3842 3013 3905 inaniter
3061 3843 3223 3905 ictus
3271 3845 3469 3906 conti-

1979 3939 2211 4001 nentiae
2270 3940 2619 4021 porrigenS‚
2682 3958 2797 4022 per
2853 3959 3011 4021 quos
3075 3942 3471 4024 percutiebat

1976 4055 2102 4099 non
2141 4056 2417 4099 vacuum
2456 4056 2689 4112 aerem,
2722 4038 2832 4100 sed
2872 4040 3134 4120 spiritus
3175 4040 3316 4103 illos
3356 4042 3468 4123 qui

1979 4136 2044 4197 in
2087 4153 2162 4198 eo
2204 4143 2537 4197 versantur
2580 4136 2989 4217 castigatione
3042 4139 3141 4200 sui
3186 4141 3467 4222 corporis

365 4245 430 4300 et
471 4237 695 4318 pulso;
730 4237 783 4298 si
815 4237 958 4319 quis
997 4236 1272 4299 audierit
1303 4255 1524 4299 vocem
1562 4256 1766 4300 meam
1807 4246 1865 4301 et
1896 4237 1947 4298 D
1975 4233 2323 4314 affligebat.
2368 4234 2483 4307 Qui
2526 4236 2699 4296 enim
2742 4235 2917 4310 dicit,
2962 4236 3098 4299 Non
3142 4238 3323 4319 quasi
3372 4259 3469 4302 ae-

365 4336 696 4416 aperuerit
744 4335 1028 4416 januam,
1086 4335 1360 4398 introibo
1409 4323 1744 4409 ad‘illum,
1806 4345 1869 4407 et

365 4432 642 4497 coenabo
685 4452 832 4494 cum
876 4433 1008 4509 illc,
1053 4441 1115 4495 et
1158 4434 1294 4515 ipse
1339 4452 1609 4501 mecum.

717 4688 1220 4751 CAPITULUM
1282 4689 1530 4754 XVIII.

365 4836 490 4890 Per
530 4850 664 4907 quae
711 4828 934 4905 yeneriz
970 4838 1370 4894 certaminum
1410 4844 1590 4911 atque
1633 4840 1866 4911 palma-

439 4939 582 4979 rum
605 4924 942 4979 ascenderit
965 4926 1281 4997 Apostolus
1308 4928 1390 4982 ad
1415 4944 1696 4983 coronam
1721 4944 1870 4983 sum-

437 5014 532 5069 mi
569 5014 801 5085 αροηὶε.

1975 4350 2110 4393 rem
2142 4331 2507 4405 verberanS,
2540 4328 2816 4394 ostendit
2846 4352 2912 4395 se
2946 4334 3192 4416 aliquos
3229 4336 3294 4398 in
3324 4356 3468 4400 aere

1973 4430 2331 4504 verberare,
2366 4430 2658 4512 quamvis
2698 4449 2825 4493 non
2868 4433 3078 4514 ipsum
3118 4452 3329 4497 aerem
3367 4456 3470 4497 va-

1977 4547 2191 4602 cuum,
2238 4527 2510 4590 inanem.
2556 4529 2633 4590 Et
2674 4530 2975 4611 quoniam
3019 4532 3138 4594 ista
3180 4534 3469 4596 certami-

1976 4647 2132 4689 num
2174 4646 2406 4709 genera
2450 4635 2835 4711 susceperat,
2876 4637 2941 4691 et
2982 4631 3326 4695 multarum
3371 4652 3470 4696 co-

1974 4744 2273 4788 ronarum
2344 4725 2577 4786 ditatus
2644 4725 2979 4808 stipendiis
3048 4748 3160 4791 seu
3222 4731 3467 4795 meritis

1977 4822 2330 4897 incedebat,
2365 4841 2492 4885 non
2533 4822 2852 4888 immerito
2891 4827 3087 4910 coepit
3124 4824 3339 4891 subire
3377 4848 3469 4892 ro-

1976 4921 2309 4983 bustorum
2374 4921 2718 4984 luctamina
2780 4924 3109 5007 hostium3
3168 4946 3242 4990 ac
3300 4928 3465 5011 prio-

1978 5019 2156 5082 ribus
2211 5018 2587 5081 adversariis
2646 5024 2980 5103 superatiS,
3033 5044 3181 5088 cum
3228 5026 3468 5091 fiducia

1977 5118 2209 5180 clamat
2246 5123 2311 5179 et
2342 5117 2499 5179 dicit
2533 5136 2547 5179 :
2579 5119 2715 5181 Jam
2753 5138 2881 5182 non
2918 5131 3014 5185 est
3052 5125 3237 5187 nobis
3275 5127 3467 5190 collu-
3506 5146 3752 5202 Εριωωι,

1977 5216 2168 5279 ctatio
2207 5216 2509 5278 adversus
2550 5236 2805 5279 carnem
2836 5226 2897 5280 et
2926 5222 3321 5302 sanguinem,
3356 5226 3465 5288 sed
3497 5213 3561 5253 ¹²·

1977 5314 2281 5376 adversus
2322 5314 2717 5397 principat-us
2753 5324 2815 5378 et
2854 5326 3215 5399 potestateS,
3248 5321 3465 5385 adver-

517 5208 611 5272 Ec
652 5217 865 5272 tamen
897 5210 1236 5293 Apostolus
1269 5214 1704 5276 tantummodo
1737 5214 1872 5277 des-

537 5309 723 5372 cribit
754 5328 822 5371 se
853 5327 1328 5372 consummasse
1360 5310 1456 5373 sui
1485 5330 1707 5374 cursus
1736 5331 1875 5393 ago-
