4359 6267
89 1173 320 1229 Philippa

89 1240 145 1280 ΞΟ.

117 2266 130 2308 1
154 2267 242 2311 Cor.
268 2281 320 2320 ut,

1237 500 1318 547 DE
1361 500 1690 547 INSTITUTIS
1734 502 1818 546 SS.
1854 502 2115 548 PATRUM.
2159 522 2241 531 --
2281 502 2454 550 LIBER
2495 502 2557 549 Vl

3374 480 3451 549 73

347 667 457 729 Dei
494 667 772 731 erexerit
800 685 948 729 eum
987 667 1066 729 de
1096 685 1279 731 coeno
1321 686 1436 730 seu
1477 669 1611 731 luto
1641 674 1845 743 terrae,
1877 670 1928 731 A
1959 669 2323 733 illusionem
2381 681 2757 735 nocturnam
2806 680 2869 735 et
2918 673 3335 755 pollutionem
3383 673 3447 735 in

348 766 652 828 castitatis
681 766 933 828 virtute.
945 764 1131 827 Nulla
1160 784 1434 847 namque
1458 766 1694 828 virtute
1725 784 1852 827 car-

348 863 520 925 nales
569 864 864 925 homines
907 870 1038 924 tam
1091 881 1288 945 prope
1338 871 1671 945 aequantur
1720 864 1846 945 spi-

348 960 683 1023 ritualibus
725 961 968 1042 angelis
1019 960 1373 1025 imitatione
1425 963 1848 1025 conversatio-

347 1057 469 1132 niS,
500 1076 695 1139 quam
739 1058 941 1139 gratia
981 1077 1054 1119 ac
1100 1059 1328 1122 merito
1371 1059 1700 1134 castitatiS‚
1735 1079 1848 1141 per

345 1174 538 1237 quam
569 1156 1038 1237 municipatum
1068 1164 1132 1219 et
1162 1157 1731 1231 conversationem,
1751 1177 1847 1220 se—

347 1254 630 1315 cundum
672 1253 1069 1335 Apostolum,
1113 1255 1350 1318 habent
1395 1255 1461 1317 in
1507 1256 1707 1330 coelis,
1740 1257 1845 1318 ad-

348 1352 473 1414 huc
517 1351 586 1413 in
630 1359 797 1413 terra
838 1352 1138 1433 degentes
1173 1371 1187 1415 :
1221 1352 1328 1414 hic
1370 1353 1503 1433 jam
1549 1353 1614 1415 in
1659 1372 1846 1416 carne

348 1449 559 1531 fragili
619 1449 1016 1531 possidentes
1067 1451 1238 1533 quod
1289 1450 1534 1513 Sanctis
1584 1451 1844 1533 promit-

347 1547 505 1610 titur
543 1547 611 1609 in
648 1546 891 1621 futuro,
925 1549 1459 1632 corruptibilitate
1497 1549 1706 1611 carnis
1743 1551 1847 1612 de-

347 1647 576 1728 posita.

739 1874 1246 1939 CAPITULUM
1309 1875 1460 1937 VII.

349 2002 712 2075 Exemplum
738 2004 813 2059 de
837 2020 1029 2075 ayone
1057 2021 1160 2060 sea
1186 2004 1516 2060 certamine
1541 2002 1848 2058 mundiali

598 2093 923 2148 secundum
951 2109 1276 2149 sermonem
1305 2091 1601 2164 Apostoli.

491 2262 621 2323 UDI
659 2262 814 2343 quid
855 2263 1024 2324 dicat
1057 2263 1395 2345 Apostolus
1430 2280 1444 2325 τ
1477 2260 1697 2324 Omnis
1737 2258 1848 2341 qui

510 2360 577 2420 in
636 2378 834 2441 agone
895 2360 1238 2434 contendit,
1291 2360 1372 2423 ab
1424 2358 1723 2422 omnibus
1782 2376 1850 2419 se

347 2457 644 2519 abstinet.
681 2458 732 2519 A
767 2457 1003 2539 quibus
1043 2459 1344 2520 omnibus
1384 2458 1553 2520 dicat
1591 2457 1711 2519 hoc
1756 2456 1849 2517 in-

347 2554 703 2635 quiramuS,
747 2564 1060 2636 quatenus
1105 2555 1454 2636 spiritualis
1496 2554 1714 2635 agonis
1759 2555 1851 2616 in-

345 2653 767 2715 structionem
807 2654 1138 2734 acquirere
1169 2653 1491 2715 valeamus
1531 2670 1850 2734 compara-

343 2750 522 2812 tione
563 2750 836 2812 carnalis
866 2751 1104 2831 agonis.
1140 2750 1257 2823 Qui
1287 2752 1461 2812 enim
1505 2750 1570 2811 in
1613 2749 1849 2811 carnali

343 2846 722 2929 visibilique
764 2866 963 2928 agone
1008 2849 1266 2910 student
1311 2848 1591 2928 legitime
1639 2848 1851 2909 decer-

344 2952 503 3018 tare,
539 2962 666 3007 non
707 2944 944 3006 habent
984 2944 1348 3008 facultatem
1393 2946 1610 3008 utendi
1645 2944 1849 3007 omni-

345 3042 467 3105 bus
517 3042 682 3105 cibis
731 3060 892 3125 quos
944 3043 1144 3106 libido
1185 3044 1500 3106 desiderio
1546 3042 1846 3124 suggerit,
1886 3041 1929 3103 C
1963 3059 2237 3122 namque
2284 3042 2371 3102 ita
2419 3042 2786 3122 praecipitur
2838 3061 2851 3104 ε

343 3141 454 3202 sed
500 3140 631 3203 illis
671 3142 1112 3204 tantummodo
1155 3159 1312 3223 quos
1352 3140 1694 3223 disciplina
1737 3159 1849 3202 seu

343 3256 446 3300 ars
479 3238 857 3301 eorumdem
889 3238 1310 3301 certaminum
1341 3238 1560 3300 statuit
1589 3257 1728 3300 esse
1757 3257 1854 3300 su-

346 3336 634 3399 mendos.
679 3336 808 3398 Nec
847 3336 1055 3399 solum
1099 3354 1206 3397 eos
1249 3335 1569 3399 abstinere
1607 3343 1854 3417 oportet

341 3453 380 3495 a
429 3433 599 3496 cibis
658 3433 1022 3515 prohibitis,
1075 3441 1138 3495 et
1185 3432 1490 3495 ebrietate
1549 3434 1852 3514 omnique

345 3532 632 3613 crapula,
656 3550 884 3594 verum
913 3530 1104 3594 etiam
1133 3531 1214 3593 ab
1245 3532 1420 3593 omni
1453 3531 1698 3606 inertia,
1725 3532 1854 3593 otio

343 3640 539 3712 atque
598 3630 864 3702 desidia,
919 3636 986 3690 ut
1035 3629 1239 3691 virtus
1298 3647 1522 3691 eorum
1573 3648 1854 3691 crescere

345 3728 554 3810 possit
597 3727 920 3790 exercitiis
969 3726 1380 3808 quotidianiS‚
1423 3734 1486 3789 et
1524 3725 1663 3807 jugi
1709 3744 1854 3788 con-

345 3826 735 3889 sideratione
780 3826 1054 3908 propriae
1099 3825 1252 3887 artis
1295 3832 1360 3887 et
1403 3823 1690 3887 actionis
1726 3824 1856 3886 Sic-

344 3943 472 4006 que
517 3923 716 3985 alieni
763 3922 1142 3985 efficiuntur
1190 3923 1271 3985 ab
1322 3922 1498 3985 omni
1554 3921 1858 3985 sollicitu-

346 4021 498 4084 dine
559 4040 636 4083 ac
695 4020 976 4095 tristitia,
1038 4039 1074 4082 a
1130 4020 1544 4085 saecularibus
1603 4038 1856 4102 quoque

345 4119 647 4201 negotiis,
680 4124 745 4181 et
773 4118 852 4180 ab
891 4118 1128 4181 affectu
1166 4137 1242 4180 ac
1273 4136 1470 4201 opere
1511 4119 1855 4200 conjugali,

347 4224 417 4279 ut
461 4216 557 4279 nil
602 4217 778 4278 aliud
827 4216 1120 4279 noverint
1165 4224 1395 4299 praeter
1443 4236 1574 4279 suae
1623 4216 1860 4279 exerci—
1888 4219 1937 4279 D

351 4316 514 4377 tium
563 4314 944 4397 disciplinae,
994 4334 1112 4377 nec
1161 4316 1275 4377 ulli
1327 4314 1638 4377 mundiali
1692 4333 1858 4377 curae

353 4416 613 4497 penitus
645 4414 1070 4497 implicentur,
1086 4421 1412 4496 sperantes
1443 4414 1686 4475 victum
1711 4431 1862 4494 quo-

353 4512 670 4575 tidianum
701 4511 782 4573 ab
814 4528 888 4573 eo
919 4518 1166 4573 tantum
1197 4512 1308 4593 qui
1342 4512 1675 4574 certamini
1709 4530 1861 4593 prae-

353 4610 541 4683 sidet,
574 4629 613 4671 a
642 4627 770 4691 quo
800 4617 862 4672 et
892 4626 1140 4672 coronae
1168 4610 1436 4689 gloriam
1470 4609 1892 4691 praemiaque‘

355 4708 672 4788 condigna
741 4708 922 4769 laude
985 4707 1267 4770 victoriae
1331 4726 1461 4769 suae
1525 4705 1859 4770 confidunt

353 4806 707 4889 acquirere.
744 4805 946 4887 Atque
978 4806 1044 4867 in
1078 4812 1328 4867 tantum
1369 4803 1448 4866 ab
1480 4804 1654 4867 omni
1685 4804 1856 4867 coitu

355 4922 422 4965 se
457 4904 732 4967 mundos
774 4904 1161 4977 custodiunt,
1196 4911 1268 4965 ut
1302 4921 1504 4984 quum
1543 4920 1610 4964 se
1651 4902 1860 4985 dispo-

357 5010 523 5063 nunt
569 5003 650 5065 ad
695 5002 916 5083 agonis
963 5008 1308 5075 certamen,
1351 5001 1604 5062 laminis
1654 5001 1860 5081 plum-

359 5100 500 5161 beis
549 5108 762 5181 tegant
808 5100 1099 5182 proprios
1149 5116 1354 5173 reneS,
1400 5106 1469 5159 ut
1512 5098 1683 5178 rigor
1730 5117 1859 5160 me-

361 5197 496 5258 talli
525 5196 914 5278 genitalibus
945 5196 1251 5259 membris
1281 5196 1862 5279 applicitUS,valeat

363 5294 663 5357 cohibere
703 5295 1000 5359 humores
1029 5294 1361 5369 obscenos,
1395 5312 1474 5355 ne
1504 5293 1717 5356 forsan
1749 5312 1863 5375 per

615 5428 680 5477 T.
715 5428 795 5479 27.

1881 1853 1929 1915 B

1957 785 2181 832 somno
2222 769 2535 842 fallacem,
2577 770 2743 832 vires
2792 788 3012 833 eorum
3063 770 3248 850 longo
3298 776 3451 831 tem-

1957 884 2108 948 pore
2152 868 2499 949 acquisitae,
2544 868 2956 932 debilitentur
2991 869 3311 930 :scientes
3356 868 3449 929 in-

1957 965 2320 1028 dubitanter
2367 986 2434 1028 se
2482 986 2620 1029 esse
2671 968 3038 1041 vincendos,
3090 986 3209 1029 nec
3268 984 3457 1048 posse*

1957 1070 2275 1124 certarnen
2340 1064 2737 1145 propositum
2798 1064 3149 1146 adimplere
3206 1063 3452 1126 viribus

1957 1161 2309 1235 minoratiS,
2344 1162 2394 1224 si
2437 1161 2627 1224 fallax
2675 1163 2883 1245 imago
2922 1163 3127 1225 noxiae
3166 1163 3453 1243 volupta-

1956 1260 2036 1320 tis
2079 1259 2144 1321 in
2185 1277 2407 1323 somno
2448 1261 2801 1342 corruperit
2838 1261 3213 1324 firmitatem
3257 1262 3455 1323 conti-

1957 1358 2189 1421 nentiae
2232 1378 2345 1421 seu
2388 1359 2712 1441 pudicitiae
2756 1359 3217 1441 praeintentam.

2326 1602 2829 1666 CAPITULUM
2892 1604 3076 1667 VIII.

1956 1723 2042 1777 De
2085 1722 2541 1794 comparatione
2578 1724 3044 1795 purificationis
3096 1740 3301 1780 eorum
3341 1723 3451 1795 qui

2012 1811 2080 1865 in
2110 1816 2349 1889 terreno
2378 1826 2569 1881 ayone
2596 1817 2737 1867 sunt
2765 1812 3046 1868 habituri
3073 1818 3390 1868 certamen.

2036 1962 2289 2034 TAQUE
2316 1962 2368 2023 si
2394 1961 2823 2024 intelleximus
2848 1962 3251 2044 disciplinam
3284 1982 3456 2025 mun—

2053 2060 2201 2122 dani
2231 2060 2473 2140 agonis,
2498 2059 2683 2140 cujus
2714 2060 3007 2142 exemplo
3040 2059 3259 2121 beatus
3293 2060 3454 2142 Apo-

1960 2159 2158 2221 stolus
2208 2176 2323 2220 nos
2371 2157 2574 2220 voluit
2620 2158 2893 2231 erudire,
2938 2158 3172 2220 docens
3220 2165 3457 2240 quanta

1961 2256 2026 2318 in
2088 2257 2227 2319 istis
2284 2248 2588 2337 agonistis
2648 2256 2731 2317 sit
2787 2255 3165 2331 observatio,
3219 2263 3457 2338 quanta

1960 2353 2311 2436 diligentia,
2372 2360 2608 2436 quanta
2674 2354 2981 2427 custodia,
3047 2361 3117 2415 ut
3177 2354 3455 2415 sciamus

1960 2452 2112 2535 quid
2155 2471 2269 2515 nos
2308 2452 2643 2515 conveniat
2673 2451 2913 2531 facere;
2947 2470 3289 2533 pensemus
3333 2470 3459 2534 qua

1962 2552 2235 2632 puritate
2272 2560 2558 2635 oporteat
2590 2570 2703 2615 nos
2744 2552 3062 2615 custodire
3103 2552 3454 2614 castitatem

1962 2650 2243 2730 corporis
2275 2651 2473 2713 nostri
2504 2670 2575 2712 ac
2606 2650 2855 2725 animae,
2881 2647 3330 2732 quos'necesse
3359 2655 3455 2710 est

1961 2748 2243 2828 quotidie
2275 2749 2447 2810 vesci
2488 2750 2903 2811 sacrosanctis
2940 2748 3238 2811 carnibus
3268 2747 3451 2828 Agni,

1961 2864 2116 2925 quas
2175 2847 2367 2907 etiam
2427 2854 2741 2928 praecepta
2787 2847 3020 2909 veteris
3069 2844 3452 2908 Testamenti

1959 2942 2038 3003 ab
2081 2943 2429 3006 immundis
2470 2944 2807 3025 prohibent
2840 2944 3028 3024 tangI.
3063 2944 3133 3005 In
3171 2944 3452 3005 Levitico

1961 3138 2371 3200 manducabit
2401 3156 2656 3216 carnes:
2699 3147 2761 3200 et
2790 3139 3002 3200 anima
3031 3156 3450 3220 quaecumque

1960 3237 2307 3299 comederit
2349 3237 2425 3298 de
2469 3236 2765 3298 carnibus
2814 3236 3116 3298 sacrificii
3160 3236 3450 3298 salutaris

1960 3335 2129 3417 quod
2169 3342 2265 3397 est
2308 3334 2581 3407 Domini,
2617 3335 2681 3396 in
2721 3354 2846 3415 qua
2886 3341 2983 3397 est
3022 3333 3449 3409 immunditia,

1961 3432 2196 3513 peribit
2238 3450 2449 3495 coram
2499 3432 2784 3494 Domino.
2827 3433 3070 3505 Quanta
3116 3440 3212 3495 est
3260 3431 3455 3513 igitur

1961 3531 2163 3593 virtus
2205 3531 2520 3612 puritatiS,
2555 3530 2691 3592 sine
2733 3550 2859 3612 qua
2896 3538 2960 3593 et
2991 3531 3083 3592 illi
3127 3532 3236 3613 qui
3277 3537 3457 3593 erant

1962 3628 2082 3690 sub
2112 3629 2310 3691 veteri
2342 3629 2741 3691 Testamento
2778 3647 2903 3692 non
2944 3636 3236 3711 poterant
3267 3628 3457 3691 sacri-

1964 3726 2133 3789 ficiis
2164 3727 2395 3810 typicis
2437 3727 2761 3801 interesse,
2796 3736 2859 3789 et
2889 3727 3026 3790 sine
3058 3747 3184 3809 qua
3224 3746 3460 3807 neque-

1965 3832 2080 3886 unt
2119 3825 2405 3887 coronari
2450 3824 2561 3906 qui
2606 3825 2873 3907 cupiunt
2918 3843 3215 3888 coronam
3266 3824 3459 3904 hujus

1966 3923 2188 3985 mundi
2234 3922 2714 4005 corruptibilem
2757 3924 3081 4006 adipisci?

2366 4148 2869 4213 CAPITULUM
2929 4149 3052 4211 IX.

1967 4273 2268 4339 Quantam
2294 4269 2497 4325 cordis
2518 4268 2857 4341 puritatem
2884 4268 3201 4323 debeamus
3230 4284 3460 4341 semper

2372 4358 2661 4413 eoelzibere
2691 4358 2883 4413 oculis
2911 4358 3041 4412 Dei.

2107 4510 2246 4573 MNI
2292 4526 2440 4589 ergo
2496 4509 2782 4570 custodia
2838 4509 3255 4573 emundandae
3313 4517 3462 4572 sunt

2122 4607 2420 4689 primitus
2451 4605 2726 4668 tenebrae
2755 4624 2827 4667 ac
2856 4605 3072 4668 abdita
3100 4607 3301 4669 nostri
3333 4625 3463 4669 cor-

1966 4706 2082 4767 dis,
2112 4705 2287 4779 Quod
2318 4703 2490 4765 enim
2522 4710 2832 4765 certantes
2863 4703 2929 4764 in
2960 4721 3159 4784 agone
3190 4704 3460 4786 cupiunt

1966 4802 2255 4865 obtinere
2305 4802 2371 4862 in
2421 4801 2701 4882 corporis
2760 4801 3056 4882 puritate,
3107 4819 3223 4864 nos
3272 4801 3459 4865 debe-

1967 4920 2110 4963 mus
2151 4900 2219 4961 in
2260 4898 2548 4961 cordium
2588 4905 2948 4960 nostrorum
2989 4908 3231 4962 secreto
3264 4901 3456 4962 etiam

1968 4998 2312 5080 possidere.
2344 4998 2413 5057 In
2444 4995 2679 5077 quibus
2710 4996 3019 5058 Dominus
3050 4997 3334 5059 residens
3362 5018 3461 5060 ar-

1969 5096 2134 5159 biter
2182 5102 2372 5177 atque
2430 5093 2809 5175 agonotheta
2854 5094 2948 5173 (id
3006 5102 3102 5156 est
3153 5094 3351 5174 judex
3398 5102 3461 5157 et

1970 5214 2203 5277 praeses
2238 5191 2438 5255 nostri
2470 5191 2886 5272 certaminis),
2921 5210 3199 5271 pugnam
3232 5211 3455 5255 cursus

1971 5302 2035 5355 et
2088 5289 2455 5354 certaminis
2486 5288 2714 5351 „nostri
2765 5288 3005 5369 jugiter
3060 5288 3344 5351 intuetur
3394 5298 3459 5353 et

3176 5420 3205 5471 5

2905 3041 3122 3103 omnis
3174 3042 3449 3102 mundus
3476 3059 3741 3111 Lemmata,

3478 3124 3546 3173 20,
3588 3123 3717 3177 iuxta

3480 3183 3605 3228 Lxx.
