4359 6267
157 1287 352 1334 Laeana.

1067 520 1482 568 coLLATmNUM
1525 521 1610 566 SS.
1644 519 1888 565 Panum
1928 518 2103 565 LIBER
2145 521 2185 567 1.
2232 539 2313 549 -
2353 519 2637 568 COLLATIO
2681 522 2741 568 lx

779 738 1284 802 CAPITULUM
1345 737 1427 799 V.

569 888 653 943 De
703 888 908 943 causis
953 886 1178 960 quibus
1221 903 1382 942 mens
1429 892 1640 943 nostra

943 981 1260 1048 yravatur.

504 1183 600 1244 DV
607 1182 1022 1246 ERTENDUM
1063 1189 1274 1245 tamen
1318 1201 1395 1244 ex
1435 1181 1670 1264 quibus
1713 1200 1856 1242 cau-

529 1282 614 1344 sis
671 1282 832 1343 dixit
891 1282 1176 1344 Salvator
1233 1288 1512 1344 mentem
1571 1287 1851 1341 nostram

375 1380 623 1460 gravari.
655 1380 795 1442 Non
829 1381 1003 1442 enim
1043 1379 1256 1462 posuit
1295 1378 1624 1451 adulteria,
1659 1377 1852 1440 forni-

377 1478 660 1552 catione3‚
709 1475 1075 1552 homicidia,
1127 1477 1555 1560 blasphemias
1604 1484 1712 1538 aut
1761 1495 1855 1538 ra-

380 1576 566 1657 pinas,
599 1597 741 1659 quae
771 1577 987 1640 nullus
1022 1578 1269 1658 ignorat
1299 1574 1688 1638 damnabilia
1713 1593 1853 1636 esse

375 1681 548 1754 atque
595 1675 919 1753 mortalia3
959 1675 1071 1737 sed
1119 1675 1442 1756 crapulam
1484 1682 1545 1735 et
1587 1672 1852 1734 ebrieta-

375 1781 511 1844 tem,
552 1773 1010 1855 saecularesque
1056 1792 1260 1848 curaS,
1304 1792 1444 1854 quae
1485 1772 1700 1833 nullus
1746 1772 1851 1832 ho-

3333 499 3454 565 243

1879 688 1930 752 A
1961 689 2318 771 epularum,
2365 690 2488 752 nisi
2538 690 2850 754 fuerimus
2900 710 2937 753 a
2984 690 3233 752 cunctis
3280 689 3453 753 vitiis

1960 788 2197 870 expiati
2246 797 2436 870 atque
2486 789 2565 851 ab
2614 791 2787 852 omni
2837 790 3139 853 vitiorum
3198 787 3457 870 crapula

1963 887 2178 950 sobrii.
2226 887 2399 962 Quod
2450 888 2623 950 enim
2674 888 3007 952 saeculares
3053 907 3219 951 curae
3263 887 3455 949 inter-

1962 985 2114 1048 dum
2146 988 2371 1050 cadere
2397 987 2639 1070 possint
2672 987 2737 1050 in
2768 1005 2882 1050 nos
2912 988 3023 1070 qui
3055 987 3249 1049 nullis
3281 1006 3458 1049 mun·

1963 1083 2024 1145 di
2077 1084 2271 1166 hujus
2320 1086 2569 1148 actibus
2616 1087 3064 1159 admiscemur,
3118 1084 3457 1148 manifesta

1964 1181 2205 1244 ratione
2240 1191 2625 1246 monstratur
2655 1185 3007 1247 secundum
3046 1185 3326 1265 regulam
3360 1203 3454 1245 se-

1964 1280 2238 1355 niorum,
2272 1282 2380 1363 qui
2414 1282 2803 1344 definierunt
2832 1284 2908 1345 ad
2939 1283 3306 1346 saecularem
3337 1283 3457 1344 sol·
3552 1277 3559 1284 ’

1963 1377 2363 1441 licitudinem
2434 1381 2753 1461 pertinere
2822 1381 3136 1463 quidquid
3208 1380 3456 1443 excedit

1962 1477 2315 1557 quotidiani
2353 1477 2562 1541 victus
2606 1480 3045 1541 necessitatem
3092 1487 3153 1540 et
3193 1479 3457 1541 inevita-

1962 1574 2156 1636 bilem
2203 1576 2411 1638 carnis
2456 1595 2663 1638 usum.
2698 1577 2887 1639 Verbi
2930 1577 3151 1657 gratia,
3186 1577 3238 1639 si
3278 1577 3455 1639 volu-

1961 1673 2201 1734 crimus
2242 1675 2400 1736 duos
2446 1674 2679 1737 solidos
2722 1675 3050 1756 acquirere
3100 1674 3322 1756 majori
3372 1675 3457 1736 la-

1962 1769 2114 1833 bore
2145 1789 2219 1832 ac
2249 1789 2459 1854 opere,
2494 1791 2694 1854 quum
2727 1772 3047 1853 possimus
3088 1791 3214 1834 uno
3252 1773 3456 1836 solido

375 1872 602 1934 minum
647 1873 1112 1934 mundanorum
1157 1879 1337 1933 cavet
1379 1878 1488 1932 aut
1526 1869 1849 1932 damnabi-
1886 1870 1932 1932 B
1964 1870 2320 1932 necessaria
2372 1869 2661 1933 obtinere
2700 1889 2716 1950 ;
2767 1872 2867 1932 vel
2928 1871 2979 1932 si
3041 1889 3454 1953 procuremus

373 1969 448 2031 lia
471 1970 812 2050 judicat,in
841 1978 1086 2032 tantum
1121 1976 1188 2031 ut
1216 1969 1406 2032 etiam
1424 1968 1623 2050 (quod
1655 1968 1850 2050 pudet

373 2069 738 2150 exprimere)
766 2069 1024 2151 quidam
1057 2069 1167 2151 qui
1210 2087 1277 2132 se
1309 2069 1651 2131 monachos
1693 2088 1852 2129 nun-

373 2176 612 2249 cupant,
661 2168 1076 2249 implicentur
1123 2167 1298 2230 vitiis
1359 2167 1486 2229 illis
1544 2175 1846 2248 tanquam

375 2265 631 2329 innoxiis
669 2275 732 2328 ct
763 2265 916 2328 item
957 2266 1244 2328 utilibus
1279 2267 1428 2340 Quae
1466 2266 1588 2328 tria
1625 2283 1847 2327 secun-

372 2364 508 2427 dum
541 2365 812 2428 litteram
843 2363 1010 2427 facta
1034 2365 1328 2447 quamvis
1358 2371 1698 2446 aggravent
1721 2363 1850 2426 ani-

375 2482 550 2538 mam,
577 2473 637 2526 et
667 2483 704 2526 a
733 2464 863 2526 Deo
890 2471 1182 2545 separent
1213 2483 1352 2526 eam
1384 2482 1457 2526 ac
1487 2463 1848 2544 deprimant

372 2561 442 2622 ad
478 2570 739 2634 terrena,
773 2561 1046 2624 faciliter
1083 2570 1297 2624 tamen
1331 2561 1614 2623 vitantur
1647 2577 1660 2622 ε
1697 2579 1848 2642 prae-

373 2662 572 2722 sertim
608 2681 645 2722 a
689 2660 872 2724 nobis
923 2662 1034 2743 qui
1084 2669 1212 2722 tam
1265 2661 1449 2742 longa
1498 2660 1847 2722 remotione

373 2760 782 2841 disjungimur
810 2759 890 2821 ab
920 2761 1094 2822 omni
1135 2759 1614 2822 conversatione
1654 2757 1846 2838 hujus

373 2859 592 2932 saeculi,
624 2876 743 2920 nec
775 2857 970 2920 ullam
1013 2858 1268 2940 penitus
1299 2857 1697 2920 occasionem
1738 2856 1846 2917 ha-

371 2955 577 3018 bemus
608 2957 1013 3019 immiscendi
1044 2973 1159 3018 nos
1191 2956 1362 3017 curis
1394 2955 1714 3028 humanis,
1738 2962 1844 3016 aut

368 3056 624 3137 crapulis
654 3055 757 3118 vel
789 3054 1224 3118 ebrietatibus,
1260 3055 1710 3116 Verumtamen
1750 3060 1845 3114 est
1883 3055 1927 3119 C

366 3153 478 3215 alia
515 3171 766 3236 quoque
816 3153 1073 3235 crapula
1116 3161 1179 3215 et
1225 3152 1499 3215 ebrietas
1548 3151 1844 3234 spiritua-

369 3251 438 3314 lis
475 3272 606 3334 quae
647 3250 986 3314 difficilius
1027 3250 1322 3325 evitatur,
1355 3250 1845 3332 sollicitudoque

367 3351 668 3413 saecularis
733 3369 876 3432 quae
945 3349 1312 3431 frequenter
1375 3349 1642 3411 involvit
1704 3367 1841 3421 nos,

365 3448 536 3510 etiam
580 3449 642 3510 in
685 3448 1028 3511 solitudine
1070 3447 1469 3522 constitutOS,
1497 3455 1638 3529 post
1670 3447 1846 3509 abre-

367 3547 816 3611 nuntiationem
854 3546 1144 3610 omnium
1194 3545 1564 3608 facultatum
1608 3553 1847 3609 nostra-

367 3663 492 3706 rum
552 3643 924 3728 perfectam,
975 3651 1038 3707 et
1085 3644 1536 3706 abstinentiam
1587 3645 1721 3706 vini
1771 3664 1844 3706 ac

368 3744 682 3825 epularum
733 3751 1130 3817 cunctarum,
1172 3743 1249 3805 de
1293 3742 1531 3824 quibus
1573 3743 1660 3805 ait
1703 3744 1844 3806 Pro-

333 3881 346 3898 .
371 3841 542 3921 pheta
574 3860 588 3903 :
623 3841 1154 3924 Expergiscimini
1200 3841 1310 3922 qui
1359 3841 1521 3904 ebrii
1565 3843 1741 3915 estiS,
1784 3850 1844 3904 et

335 3956 485 4016 ‚non
511 3960 548 4003 a
573 3941 756 4020 vino;
791 3947 851 4002 et
881 3939 1044 4002 alius
1070 3957 1083 4001 :
1113 3939 1576 4022 Obstupescite,
1612 3941 1841 4022 inquit,

371 4045 428 4099 et
463 4039 884 4112 admiramini,
922 4038 1228 4100 fluctuate
1272 4046 1335 4100 et
1377 4039 1705 4116 vacillate3
1753 4039 1846 4099 in-

371 4134 712 4210 ebriamini,
763 4144 827 4198 et
876 4155 1002 4198 non
1051 4155 1088 4197 a
1135 4137 1320 4214 vino;
1365 4136 1732 4210 movemini,
1784 4144 1845 4199 et

1961 1967 2146 2030 nobis
2181 1967 2325 2031 fieri
2361 1970 2605 2031 tunicas
2636 1977 2760 2031 tres
2791 1977 2899 2031 aut
2929 1977 3220 2051 quatuor,
3253 1988 3452 2050 quum

1961 2067 2100 2130 duae
2150 2067 2480 2129 sufficiant
2529 2069 2605 2129 ad
2666 2088 2853 2130 usum
2904 2068 3029 2130 diei
3088 2087 3161 2129 ac
3210 2068 3451 2146 noctis3

1921 2184 2290 2247 ‚quumque
2339 2165 2622 2228 sufficiat
2661 2167 2821 2228 cella
2869 2167 2994 2230 u'na
3040 2174 3149 2228 aut
3192 2166 3333 2228 duae
3374 2167 3453 2228 ad

1961 2262 2469 2338 inhabitandum,
2524 2273 2964 2327 construamus
3014 2273 3285 2346 quatuor
3334 2264 3456 2326 cel-

1961 2361 2050 2424 las
2093 2369 2205 2424 aut
2246 2363 2552 2444 quinque,
2585 2372 2647 2425 et
2688 2363 2801 2426 has
2853 2364 3051 2446 magis
3095 2370 3347 2426 ornatas
3390 2370 3456 2425 et

1960 2460 2320 2542 capaciores
2368 2480 2561 2542 quam
2619 2463 2961 2524 necessitas
3017 2463 3234 2544 exigit,
3286 2463 3452 2524 dele-

1959 2559 2108 2620 ctati
2148 2559 2570 2641 amplitudine
2610 2561 2749 2642 ipsa
2785 2569 2849 2622 et
2880 2561 3229 2624 ambitione
3270 2581 3453 2623 mun-

1958 2658 2141 2731 dana,
2174 2657 2584 2738 praeferentes
2622 2677 2693 2720 ac
2732 2659 3050 2722 imitantes
3090 2661 3451 2742 passionem

1959 2855 2303 2917 festissima
2333 2856 2769 2936 experimenta
2799 2857 3144 2919 docuerunt*
3180 2876 3305 2921 non
3338 2857 3452 2920 fie-

1959 2955 2010 3015 ri
2057 2955 2196 3016 sine
2240 2955 2603 3016 daemonum
2647 2954 2972 3017 instinctu.

2360 3245 2465 3309 CA
2473 3246 2793 3310 PITULU
2796 3248 2863 3310 M
2930 3247 3045 3310 VI.

1952 3421 2038 3476 De
2085 3421 2321 3475 visione
2366 3421 2687 3492 cujusdam
2733 3423 2895 3476 senis
2942 3438 3122 3495 quam
3172 3425 3331 3479 vidit
3376 3426 3450 3481 de

2054 3509 2333 3583 inquieta
2362 3510 2605 3566 Fratris
2632 3510 2951 3581 cujusdam
2980 3515 3349 3584 operatione.

2097 3745 2268 3806 UUM
2310 3744 2482 3806 enim
2525 3745 2785 3827 quidam
2829 3747 3313 3828 probatissimus
3356 3769 3450 3812 se-

1960 3737 2090 3939 Q
2117 3843 2369 3904 niorum
2402 3844 2697 3906 transiret
2730 3846 2911 3926 juxta
2950 3847 3175 3908 cellam
3215 3849 3445 3910 Fratris

1955 3940 2072 4002 hac
2102 3943 2395 4023 passione
2425 3951 2487 4004 et
2516 3943 2713 4005 animi
2752 3945 3125 4025 aegritudine
3161 3945 3444 4010 laboran-

1957 4039 2057 4111 tis,
2090 4047 2310 4120 utpote
2354 4040 2461 4121 qui
2508 4041 2855 4104 desudabat
2896 4042 3265 4123 quotidiano
3307 4063 3448 4126 pro-

1957 4137 2162 4217 posito
2205 4156 2351 4198 cum
2397 4137 2835 4219 inquietudine
2883 4140 3089 4202 cordis
3130 4141 3205 4202 ad
3250 4142 3449 4204 aedifi-

371 4251 482 4296 non
523 4236 602 4298 ab
643 4235 968 4298 ebrietate.
1015 4234 1211 4315 Cujus
1255 4234 1580 4296 ebrietatis
1623 4234 1842 4297 vinum
1875 4239 1924 4300 D
1956 4236 2229 4297 candum
2278 4255 2351 4297 ac
2408 4238 2827 4317 reparandum
2888 4239 3234 4320 superflua,
3285 4241 3447 4302 vidit

373 4340 813 4416 consequenter
855 4351 1114 4395 necesse
1158 4340 1254 4395 est
1296 4350 1456 4406 esse,
1485 4332 1666 4413 juxta
1707 4333 1848 4396 Pro-

337 4430 632 4511 ·phetam,
666 4431 752 4494 fel
793 4450 905 4493 seu
947 4429 1227 4492 furorem
1260 4431 1626 4493 draconum.
1664 4431 1739 4493 Et
1769 4432 1845 4494 de

373 4549 484 4610 qua
512 4531 719 4593 radice
752 4530 1050 4612 procedat
1079 4529 1200 4592 hoc
1230 4529 1454 4590 vinum
1487 4529 1793 4592 advertite
1827 4548 1842 4592 t

339 4626 454 4689 ‚Ex
491 4629 693 4702 vinea,
737 4629 966 4710 inquit,
1007 4627 1421 4689 Sodomorum
1471 4626 1694 4690 vinum
1744 4647 1846 4690 eo-

375 4743 522 4800 rum,
553 4735 614 4789 et
655 4732 1046 4789 sarmentum
1091 4744 1308 4788 eorum
1355 4727 1432 4788 de
1476 4725 1840 4790 Gomorrha.

375 4823 468 4885 Vis
504 4824 649 4888 item
689 4842 1031 4905 agnoscere
1066 4823 1348 4885 fructum
1379 4824 1528 4886 vitis
1571 4824 1752 4887 istius
1783 4835 1846 4888 et

305 4961 316 4972 -
373 4939 610 5001 germen
650 4922 843 5003 hujus
880 4921 1231 4983 sarmenti?
1273 4923 1422 4994 Uva,
1455 4922 1564 4996 ait,
1598 4941 1842 4996 eorum,

375 5039 482 5082 uva
521 5021 707 5093 felliS,
741 5020 961 5081 botrus
1004 5019 1447 5081 amaritudinis
1495 5019 1670 5102 ipsiS.
1705 5021 1848 5095 Qui-

374 5117 480 5180 bus
518 5118 812 5182 omnibus
855 5117 976 5180 erit
1013 5134 1124 5179 cor
1167 5125 1453 5180 nostrum
1500 5137 1845 5200 praegrava-

373 5221 494 5279 tum
531 5217 788 5300 crapula
813 5215 1140 5278 ebrietatis
1183 5216 1381 5296 magis
1423 5217 1670 5291 nociva,
1703 5217 1844 5280 abs-

371 5331 482 5395 que
525 5315 824 5380 ebrietate
875 5313 1008 5376 vini
1057 5321 1120 5376 et
1167 5312 1504 5376 affluentia
1551 5317 1842 5379 omnium

1955 4334 2233 4394 Fratrem
2268 4332 2450 4394 illum
2490 4333 2887 4415 confringere
2927 4355 3148 4398 saxum
3190 4337 3449 4401 durissi-

1957 4449 2134 4492 mum
2195 4449 2341 4492 cum
2405 4431 2633 4494 malleo
2698 4432 2892 4514 gravi.
2956 4434 3129 4496 Vidit
3192 4455 3445 4519 quoque

1953 4530 2311 4611 AEthiopem
2346 4529 2541 4591 Fratri
2582 4531 2933 4593 adstantem
2974 4541 3033 4594 et
3074 4533 3265 4595 simul
3300 4554 3444 4597 cum

1956 4646 2029 4689 eo
2097 4626 2338 4707 junctis
2409 4628 2704 4691 manibus
2778 4631 3261 4711 percutientem,
3335 4635 3445 4716 qui

1953 4725 2144 4787 etiam
2179 4725 2395 4806 ignitis
2427 4724 2673 4787 facibus
2708 4727 3032 4808 instigavit
3061 4730 3337 4792 Fratrem
3368 4731 3445 4792 ad

1952 4823 2164 4905 operis
2214 4824 2398 4885 istius
2443 4825 2826 4887 instantiam.
2875 4826 3007 4899 Quo
3050 4828 3207 4902 viso,
3254 4847 3447 4891 senex

1953 4922 2315 4985 diutissime
2354 4922 2633 4984 substitit
2673 4923 2993 4986 admirans
3036 4926 3295 5006 pessimi
3326 4928 3449 4989 dae-

1955 5021 2163 5084 monis
2202 5020 2557 5102 improbam
2590 5021 3085 5103 instigationem,
3118 5032 3180 5085 et
3210 5031 3447 5086 tantam

1955 5119 2187 5182 Fratris
2229 5119 2401 5182 illius
2443 5118 2824 5181 illusionem.
2861 5121 3195 5201 Quumque
3237 5122 3449 5184 Frater

1953 5218 2153 5281 nimia
2196 5217 2567 5281 lassitudine
2611 5217 2847 5280 fractus
2887 5217 3074 5280 vellet
3119 5219 3447 5300 quiescere

1953 5326 2016 5380 et
2065 5318 2245 5399 operi
2286 5316 2487 5379 finem
2536 5315 2884 5399 imponere,
2936 5316 3277 5399 instigante
3322 5317 3445 5381 dae-
