4359 6267
1065 495 1484 543 COLLATIONUM
1527 497 1611 542 SS.
1646 497 1891 542 PATRUM
1932 496 2108 542 LIBER
2148 498 2188 542 1.
2235 515 2317 524 —·
2356 495 2641 542 COLLA'rlo
2682 497 2743 542 v1

3339 471 3455 538 201

1371 879 1444 990 C
1475 877 1560 990 Ο
1593 879 1673 988 L
1702 879 1782 988 L
1811 879 1981 988 AT
2013 879 2059 988 Ι
2093 876 2178 989 Ο
2278 878 2367 985 V
2399 878 2445 987 Ι

1479 1121 1858 1220 (Aetatis
1893 1120 2334 1213 Theodori)

1279 1371 1400 1424 DE
1503 1370 1764 1422 NECE
1860 1367 2535 1420 SANCTORUM.

627 1704 1138 1771 CAPITULUM
1203 1703 1574 1768 PRIMUM.

457 1856 803 1928 Descriptio
831 1855 1038 1918 eremi,
1065 1859 1122 1910 et
1149 1853 1478 1927 inquisitio
1507 1853 1580 1908 de
1607 1868 1745 1908 nece

911 1946 1288 2001 Sanctorum.

519 2141 811 2224 partibus
848 2141 1194 2204 Palaestinae
1229 2139 1410 2221 juxta
1443 2141 1658 2202 vicum
1693 2139 1848 2202 The-

457 2259 596 2315 cue,
632 2241 699 2303 in
742 2259 872 2323 quo
912 2248 1097 2304 natus
1139 2247 1237 2302 est
1277 2239 1467 2302 Amos
1513 2239 1841 2320 propheta,

357 2339 711 2402 vastissima
749 2339 1025 2402 solitudo
1064 2346 1161 2401 est
1199 2357 1402 2420 usque
1440 2337 1519 2399 ad
1548 2338 1846 2400 Arabiam

355 2457 424 2500 ac
471 2439 788 2502 Mortuum
851 2458 1045 2514 mare,
1100 2437 1209 2499 ubi
1264 2437 1509 2500 fluenta
1559 2437 1846 2500 Jordanis

359 2536 635 2617 ingressa
672 2537 1007 2610 deficiunt,
1041 2543 1104 2598 et
1143 2536 1390 2598 cineres
1430 2536 1844 2598 Sodomorum

357 2635 748 2717 amplissime
811 2635 1259 2697 extenduntur.
1324 2634 1393 2695 In
1459 2635 1575 2696 hac
1633 2652 1847 2695 eremo

357 2735 645 2796 monachi
684 2741 966 2797 summae'
995 2734 1142 2796 vitae
1179 2751 1252 2794 ac
1291 2733 1642 2796 sanctitatis
1683 2750 1849 2794 com-

1881 1650 1932 1714 A
1965 1669 2130 1725 rum,
2163 1650 2375 1712 virum
2416 1651 2483 1712 in
2519 1651 2995 1714 conversatione
3033 1651 3265 1714 actuali
3306 1671 3459 1734 prae—

1962 1749 2249 1831 cipuum,
2313 1749 2423 1831 qui
2483 1749 2849 1812 morabatur
2907 1751 2971 1812 in
3033 1749 3220 1813 Cellis
3276 1771 3291 1814 ι
3346 1751 3458 1832 qui

1965 1846 2140 1908 locus
2210 1847 2369 1909 situs
2441 1848 2608 1909 inter
2674 1848 2888 1930 Scythi
2950 1854 3014 1910 et
3070 1848 3361 1922 Nitriam,
3421 1867 3459 1910 a

1963 1945 2362 2008 monasteriis
2393 1964 2645 2028 quoque
2685 1946 2903 2009 Nitriae
2942 1947 3227 2028 quinque
3272 1947 3461 2008 milli-

1962 2043 2082 2106 bus
2120 2044 2384 2118 distans,
2418 2045 2724 2107 dividitur
2750 2045 2831 2107 ab
2862 2063 3079 2108 eremo
3118 2045 3355 2128 Scythi,
3391 2045 3457 2106 in

1960 2161 2086 2223 qua
2125 2161 2240 2205 nos
2279 2142 2742 2217 habitabamus,
2777 2143 3121 2206 solitudine
3150 2163 3223 2205 ac
3254 2144 3460 2226 spatio

1961 2241 2237 2303 millium
2269 2243 2603 2322 octoginta.
2640 2242 2974 2324 Quumque
3006 2242 3331 2324 querelam
3372 2241 3459 2303 fe-

1962 2340 2272 2402 cissemus
2313 2339 2635 2402 Theodoro
2674 2340 2752 2401 de
2801 2357 2957 2402 nece
3008 2340 3457 2421 praedictorum

1960 2439 2268 2512 virorum,
2319 2437 2701 2500 admirantes
2752 2445 2993 2499 tantam
3050 2437 3160 2500 Dei
3220 2437 3461 2519 patien-

1961 2538 2136 2611 tiam,
2160 2538 2330 2619 quod
2361 2537 2605 2598 scilicet
2633 2537 2803 2599 viros
2834 2543 2961 2598 tam
2994 2537 3212 2598 eximii
3245 2535 3458 2598 meriti

1960 2635 2356 2716 permisisset
2389 2635 2598 2697 taliter
2628 2635 2953 2710 trucidari,
2988 2644 3058 2698 ut
3087 2634 3152 2697 hi
3184 2634 3295 2717 qui
3327 2653 3456 2696 me-

1960 2733 2081 2796 rito
2129 2753 2260 2797 suae
2302 2733 2653 2795 sanctitatis
2701 2733 3053 2795 debuerant
3098 2733 3254 2795 alios
3304 2732 3458 2794 libe-

359 2833 574 2896 morati
623 2833 1004 2905 diutissime,
1040 2830 1359 2893 interfecti
1403 2840 1552 2892 sunt
1589 2838 1847 2912 repente
1883 2826 1929 2889 B
1963 2849 2098 2892 rare
2128 2831 2205 2892 de
2237 2831 2346 2893 tali
2378 2831 2819 2912 persecutione
2849 2838 2914 2892 et
2945 2830 3457 2904 tentatione,non

354 2947 389 2989 a
433 2929 944 2993 discurrentibus
993 2929 1481 2992 Sarracenorum
1534 2928 1851 2991 latruncu-

357 3027 448 3090 lis.
489 3029 571 3092 Et
609 3029 905 3111 quamvis
953 3027 1266 3090 sciremus
1314 3045 1536 3090 eorum
1585 3045 1851 3110 corpora

357 3145 498 3189 cum
557 3135 730 3190 tanta
787 3127 1196 3191 veneratione
1256 3135 1567 3208 praerepta
1626 3135 1755 3190 tam
1813 3145 1851 3188 a

355 3225 768 3305 pontificibus
812 3225 1089 3306 regionis
1139 3224 1312 3287 illius
1353 3243 1560 3307 quam.
1586 3224 1666 3287 ab
1711 3225 1852 3286 uni-

355 3341 534 3386 versa
589 3324 871 3386 Arabum
932 3322 1140 3406 plebe,
1203 3330 1268 3385 et
1324 3323 1491 3386 inter
1547 3323 1848 3405 reliquias

355 3429 702 3504 martyrum
762 3422 1038 3496 condita,
1091 3422 1179 3483 ita
1225 3428 1296 3482 ut
1345 3420 1846 3483 innumerabiles

353 3520 573 3602 populi
613 3539 649 3582 e
682 3520 931 3584 duobus
970 3519 1226 3603 oppidis
1265 3527 1736 3592 concurrenteS,
1771 3519 1848 3581 ad

351 3618 799 3698 gravissimum
838 3637 906 3682 se
947 3627 1246 3701 pararent
1283 3625 1626 3692 certamen,
1659 3625 1849 3699 atque

353 3735 574 3780 eorum
613 3719 932 3780 contentio
967 3736 1171 3800 usque
1203 3716 1280 3779 ad
1319 3716 1674 3798 gladiorum
1708 3732 1852 3777 con-

353 3814 603 3879 flictum
642 3834 972 3898 progressa
1012 3817 1116 3890 sit,
1159 3815 1314 3878 dum
1363 3815 1470 3897 pia
1517 3814 1850 3877 devotione

354 3913 520 3975 inter
557 3933 622 3976 se
661 3914 992 3995 litigabant
1021 3914 1131 3996 qui
1173 3931 1395 3977 eorum
1431 3913 1668 3994 justius
1712 3930 1850 3995 pos-

351 4012 632 4075 siderent
652 4013 1026 4076 Sanctorum
1054 4013 1311 4077 illorum
1342 4012 1736 4094 sepulturam
1762 4018 1850 4074 at·
1880 4014 1923 4077 C

353 4130 475 4192 que
536 4111 858 4194 reliquias,
913 4111 1056 4174 aliis
1110 4111 1532 4193 gloriantibus
1590 4111 1667 4173 de
1724 4110 1844 4174 hoc

353 4210 521 4290 quod
561 4209 771 4271 Sancti
818 4209 912 4272 illi
951 4211 1043 4272 eis
1087 4210 1362 4272 vicinius
1410 4209 1842 4282 morabantur,

353 4306 492 4369 aliis
536 4307 613 4369 de
656 4307 778 4371 hoc
822 4309 992 4390 quod
1034 4307 1112 4370 de
1156 4324 1378 4371 eorum
1422 4316 1587 4369 terra
1623 4325 1698 4369 ac
1740 4324 1848 4389 po-

357 4405 505 4486 pulo
552 4415 796 4486 essent3
839 4425 954 4470 nos
1003 4415 1214 4468 tamen
1263 4423 1391 4468 non
1443 4405 1848 4468 mediocriter

355 4501 586 4565 offensi
621 4522 733 4566 seu
772 4503 1110 4586 stupefacti
1140 4522 1214 4565 ac
1244 4504 1399 4566 moti
1429 4511 1559 4565 tam
1593 4522 1671 4566 ex
1708 4523 1846 4585 par-

357 4609 416 4662 te
453 4609 668 4664 nostra
707 4621 900 4684 quam
939 4619 1019 4663 ex
1067 4609 1242 4683 parte
1283 4602 1572 4664 Fratrum
1611 4601 1688 4664 de
1727 4603 1846 4665 hac

358 4717 423 4760 re
471 4699 652 4761 valde
699 4699 1287 4774 scandalizatorum,
1339 4708 1403 4761 et
1450 4700 1844 4782 inquirentes

359 4814 472 4858 cur
499 4797 620 4859 viri
649 4806 779 4860 tam
808 4797 1076 4861 virtuosi
1105 4798 1394 4881 tantique
1425 4798 1636 4860 meriti
1674 4800 1846 4880 apud

359 4895 560 4958 Deum
596 4897 681 4958 ita
717 4897 846 4960 sint
873 4917 912 4960 a
946 4897 1320 4961 latrunculis
1363 4897 1750 4978 interempti,
1783 4905 1846 4959 et

359 5012 472 5056 cur
511 4995 672 5058 Deus
713 4996 1089 5059 sustinuerit
1130 5004 1378 5059 tantum
1420 4995 1669 5058 facinus
1709 5015 1847 5078 per-

357 5095 589 5174 petrari
638 5095 805 5158 circa
861 5094 1136 5158 famulos
1193 5113 1364 5170 suos,
1418 5095 1506 5156 ita
1559 5103 1630 5155 ut
1675 5095 1846 5157 viros

1959 2929 2333 3011 eripuerunt
2390 2947 2457 2990 se
2517 2928 2689 3011 ipsos
2738 2928 2816 2991 de
2875 2928 3170 2990 manibus
3229 2928 3456 3011 impio-

1961 3046 2124 3101 rum,
2167 3033 2277 3089 aut
2314 3046 2429 3089 cur
2472 3027 2636 3089 Deus
2686 3027 3105 3090 concessisset
3151 3026 3296 3089 sieri
3340 3027 3458 3089 cri-

1959 3145 2105 3188 men
2144 3135 2273 3188 tam
2318 3125 2553 3208 grande
2595 3125 2660 3187 in
2703 3143 2919 3188 servos
2960 3143 3107 3188 suos
3148 3133 3275 3187 tam
3319 3144 3458 3187 san-

1957 3233 2090 3287 ctos
2139 3244 2214 3287 ac
2264 3225 2442 3288 caros
2483 3243 2497 3286 ε
2543 3225 2621 3286 ad
2670 3224 2805 3288 haec
2855 3224 3077 3288 beatus
3131 3223 3457 3306 respondit

1958 3323 2341 3387 Theodorus.

2374 3569 2881 3634 CAPITULUM
2941 3572 3029 3635 ΙΙ.

1958 3730 2290 3803 Responsio
2330 3728 2577 3786 abbatis
2606 3731 2903 3787 Theodori
2942 3730 3027 3787 ad
3062 3733 3454 3804 quaestionem

2499 3821 2903 3892 propositam.

2102 4011 2393 4076 UAESTIO
2438 4013 2558 4074 ista
2600 4013 2760 4075 solet
2798 4013 3054 4076 illorum
3100 4013 3290 4076 corda
3327 4021 3455 4076 tur-

1965 4011 2094 4212 Q
2131 4110 2277 4172 bare
2320 4111 2433 4193 qui
2476 4128 2701 4192 parum
2742 4109 2896 4172 fidei
2937 4117 3128 4192 atque
3171 4112 3452 4175 scientiae

1960 4208 2376 4290 possidenteS‚
2400 4207 2787 4270 arbitrantur
2818 4209 3044 4270 merita
3076 4209 3449 4272 Sanctorum

1957 4306 2274 4390 praemiari
2315 4307 2381 4368 in
2419 4306 2550 4369 vita
2587 4306 2707 4368 hac
2749 4305 2951 4381 brevi,
2992 4327 3191 4389 quum
3235 4314 3449 4371 tamen

1958 4404 2023 4466 in
2067 4405 2365 4486 praesenti
2411 4421 2538 4466 non
2586 4401 2704 4466 fiat
2744 4402 2885 4478 hoc,
2932 4405 3041 4466 sed
3093 4404 3159 4467 in
3205 4405 3441 4468 futuro.

1957 4503 2248 4567 Ceterum
2297 4519 2411 4564 nos
2460 4502 2572 4585 qui
2614 4519 2742 4566 non
2785 4521 3004 4564 sumus
3048 4503 3112 4565 in
3156 4504 3275 4566 hac
3316 4505 3446 4568 vita
3514 4531 3744 4584 lconxv,

1956 4609 2205 4663 tantum
2262 4608 2587 4683 sperantes
2647 4603 2712 4664 in
2772 4601 3017 4665 Christo
3064 4601 3173 4682 (ne
3227 4621 3449 4666 secun·
3481 4597 3543 4637 ¹⁹·

1955 4701 2107 4763 dum
2136 4699 2533 4783 Apostolum,
2568 4698 3060 4763 miserabiliores
3089 4701 3291 4765 simus
3320 4720 3453 4765 om-

1957 4797 2148 4861 nibus
2207 4797 2600 4873 hominibuS,
2652 4797 2802 4880 quia
2860 4817 3059 4880 quum
3118 4817 3245 4863 non
3298 4802 3455 4864 reci-

1958 4897 2210 4978 piamus
2261 4896 2328 4957 in
2377 4896 2507 4958 vita
2555 4895 2675 4958 ista
2724 4896 2890 4959 bona
2945 4896 3131 4960 nobis
3179 4898 3455 4980 desuper

1956 4995 2361 5076 repromissa,
2412 4994 2606 5057 etiam
2666 4995 2732 5058 in
2790 4994 3006 5059 futuro
3054 4997 3454 5078 privabimur

1954 5093 2068 5167 eiS,
2101 5093 2157 5155 si
2197 5093 2302 5155 tali
2333 5093 2775 5155 incredulitate
2808 5092 3153 5176 fallamur),
3187 5112 3316 5156 non
3354 5113 3453 5156 er·

358 5191 602 5256 cunctis
640 5193 965 5256 mirabiles
1006 5194 1283 5256 traderet
1319 5193 1617 5255 manibus
1661 5193 1847 5276 impi-
1873 5195 1926 5259 D
1953 5210 2033 5274 go
2073 5211 2283 5263 errare
2332 5191 2639 5254 debemus
2689 5193 3163 5256 incredulorum
3204 5192 3453 5275 opinio-

119 5297 331 5355 θήν-6η.
355 5307 564 5381 orum,
612 5293 817 5356 moesti
865 5291 1264 5376 perreximus
1309 5292 1388 5354 ad
1447 5291 1508 5354 S.
1562 5291 1841 5359 Theodo-

608 5425 670 5476 T.
703 5425 783 5477 27.

1954 5311 2152 5365 ne,ne
2181 5291 2466 5373 ignorata
2494 5289 2648 5353 fidei
2680 5293 2945 5354 veritate
2974 5299 3038 5356 et
3064 5310 3229 5356 verae
3257 5310 3452 5355 asser-

3138 5425 3201 5476 13
