4359 6267
1257 510 1337 555 ns
1378 510 1707 557 msrrruns
1751 510 1837 555 ss.
1871 509 2132 555 ramum.
2178 529 2260 538 —
2301 510 2476 556 mann
2516 511 2604 556 xn
3361 490 3480 554 123

390 678 479 739 sis
510 684 573 740 et
610 678 883 741 sordidis
922 677 1327 761 passionibus
1368 678 1525 741 tradi
1570 685 1889 741 mereatur
1914 677 1967 740 A
1992 678 2210 742 hibeat
2239 680 2303 741 in
2337 680 2770 763 penetralibus
2801 679 2898 742 sui
2931 680 3138 741 cordis
3167 697 3181 741 :
3216 679 3481 741 credens

390 774 710 855 superbia.
746 775 863 848 Qui
903 775 1076 836 enim
1115 775 1318 837 elatus
1356 776 1711 857 arrogantia
1751 793 1887 857 per·
1993 796 2060 839 se
2101 779 2236 841 suis
2277 777 2608 841 conatibus
2648 777 2934 840 obtinere
2971 796 3094 840 non
3132 796 3315 859 posse
3350 796 3485 859 per-

96 890 265 959 nam,
288 890 359 935 aa.
394 871 567 933 misit
605 891 673 934 se
704 872 949 935 adorari
980 880 1049 933 ut
1087 874 1309 945 Deum,
1344 873 1633 947 traditur,
1668 892 1888 935 secun-
1993 874 2337 938 sectionem
2369 896 2560 958 quam
2593 876 2786 957 cupit,
2818 883 3006 957 atque
3037 876 3115 938 ad
3145 894 3334 957 quam
3363 894 3487 937 ma·

96 956 161 995 ²⁸·
391 970 547 1031 dum
590 971 986 1052 Apostolum,
1031 972 1097 1033 in
1144 971 1468 1052 passiones
1523 971 1887 1053 ignominiae
1993 993 2271 1057 gnopere
2313 976 2531 1049 currit,
2566 974 2806 1057 absque
2838 975 2949 1037 Dei
2981 975 3372 1057 protectione
3412 993 3487 1036 ac

388 1074 582 1148 atque
612 1066 678 1128 in
710 1068 1055 1148 reprobum
1089 1088 1371 1142 sensum,
1406 1076 1471 1129 ut
1511 1068 1787 1149 patiatur
1815 1085 1889 1128 ea
1994 1090 2114 1154 ope
2151 1074 2275 1135 sibi
2308 1074 2597 1155 impensa
2633 1092 2745 1155 per
2775 1072 3024 1154 singula
3058 1091 3324 1155 quaeque
3357 1091 3487 1135 mo—

389 1182 534 1244 quae
582 1180 707 1226 non
758 1166 1165 1227 conveniunt.
1216 1166 1291 1228 Et
1350 1166 1500 1248 quia
1555 1172 1887 1227 attestante
1998 1178 2232 1233 menta.

390 1262 739 1343 Scriptura,
773 1263 1148 1325 Immundus
1185 1271 1282 1325 est
1320 1264 1531 1325 omnis
1570 1263 1681 1345 qui
1721 1263 1888 1325 exal-

391 1366 481 1422 tat
519 1378 629 1422 cor
666 1381 879 1435 suum,
914 1362 1031 1423 iste
1070 1362 1180 1444 qui
1226 1363 1471 1424 tumida
1514 1362 1721 1425 cordis
1764 1361 1889 1422 ela-

387 1458 563 1521 tione
595 1458 1031 1522 inflammatus
1069 1467 1185 1535 est,
1222 1460 1487 1522 traditur
1528 1458 1887 1522 confusioni

98 1274 359 1319 mevl.50

92 1340 213 1393 Μ’
242 1334 361 1378 '⁴¹¹‘
2327 1387 2831 1491 CAPITULuM
2893 1388 3146 1452 XXIII.

2050 1520 2207 1586 Quos
2234 1519 2590 1591 spiritualis
2619 1517 2907 1590 superbia
2928 1518 3152 1590 pulset,
3184 1534 3449 1592 quosque

387 1556 1225 1638 turpissimae.deludenduS‚
1259 1566 1323 1619 ut
1359 1558 1567 1619 taliter
1595 1556 1890 1618 humiliass

386 1662 491 1716 tus
534 1656 801 1718 sentiret
840 1656 1256 1737 semetipsum
1298 1674 1437 1719 esse
1485 1657 1887 1718 immundum

388 1754 803 1817 immunditia
850 1754 1059 1817 earnis
1107 1761 1167 1815 et
1228 1754 1619 1817 conscientia
1678 1754 1887 1834 impu-

386 1853 663 1915 rissimae
710 1853 1045 1935 passioniS,
1093 1853 1262 1934 quod
1306 1862 1451 1915 ante
1495 1854 1729 1915 sentire
1778 1871 1887 1915 no·
1923 1853 1970 1916 B

388 1950 563 2013 lebat
606 1971 737 2033 prae
780 1952 977 2013 animi
1022 1951 1119 2013 sui
1166 1951 1479 2030 elatione3
1513 1959 1581 2013 ut
1625 1951 1890 2032 ignomi-

388 2049 575 2111 niosa
615 2067 872 2131 quoque
917 2050 1207 2131 contagio
1250 2050 1458 2111 carnis
1512 2049 1892 2131 patefaceret

389 2147 709 2209 occultam
756 2148 1233 2209 immunditiam
1278 2148 1377 2209 sui
1422 2147 1652 2220 cordiS,
1699 2166 1891 2228 quam

390 2253 733 2326 operuerat
774 2246 931 2308 vitio
972 2245 1263 2307 elationis
1306 2263 1320 2306 ε
1362 2244 1580 2326 31611116
1626 2244 1893 2305 manife—

394 2352 493 2405 sta
522 2343 875 2425 pollutione
920 2343 1018 2405 sui
1051 2343 1333 2425 corporis
1372 2342 1747 2425 probaretur
1779 2344 1893 2404 im-

399 2460 625 2522 puruS,
672 2441 784 2521 qui
832 2458 959 2503 non
1005 2440 1317 2503 sentiebat
1360 2460 1426 2503 se
1473 2440 1709 2502 factum
1756 2458 1895 2502 esse

396 2540 810 2601 immundum
855 2557 969 2622 per
1010 2539 1377 2622 superbiam
1420 2538 1701 2620 spiritus.

770 2767 1275 2831 CAPITULUM
1336 2767 1524 2830 XXI.

396 2890 575 2957 Quod
608 2891 803 2945 omnis
839 2889 1049 2944 anima
1084 2888 1348 2960 superba
1382 2888 1682 2944 subdatur
1710 2889 1903 2960 spiri-

672 2976 944 3034 tualibus
973 2979 1272 3051 nequitiis
1300 2977 1637 3034 illudenda.

538 3132 589 3194 X
650 3131 887 3213 quibus
944 3130 1283 3193 manifeste
1342 3132 1666 3213 probatur,
1729 3134 1899 3213 quod

555 3230 767 3292 omnis
812 3230 1023 3291 anima
1068 3238 1313 3292 tumore
1358 3248 1647 3311 possessa
1688 3249 1904 3311 super-

398 3329 548 3402 biae,
586 3328 865 3389 tradatur
900 3326 1437 3390 intellectualibus
1478 3328 1671 3410 SyriS,
1706 3328 1769 3389 id
1808 3336 1905 3389 est

398 3425 849 3508 spiritualibus
888 3424 1213 3506 nequitiiS‚
1247 3432 1311 3487 et
1350 3425 1557 3486 carnis
1599 3426 1902 3506 passioni-

401 3523 529 3585 bus
578 3522 961 3594 involvatur,
1013 3529 1083 3583 ut
1140 3521 1362 3583 saltem
1412 3523 1681 3584 terrenis
1731 3522 1905 3584 vitiis

400 3620 743 3682 humiliata
792 3618 1253 3701 carnaliterque
1303 3619 1564 3701 polluta,
1611 3627 1906 3700 agnoscat

402 3738 473 3781 se
522 3737 663 3781 esse
713 3717 1132 3790 immundam,
1186 3736 1327 3799 quie
1378 3724 1623 3779 tumore
1675 3716 1906 3779 mentis

401 3825 638 3890 erecta,
673 3815 1030 3896 intelligere
1058 3822 1205 3877 ante
1239 3832 1363 3877 non
1399 3816 1599 3878 voluit
1632 3816 1906 3877 immun-

402 3916 553 3977 dam
594 3932 662 3976 se
702 3931 843 3975 esse
882 3911 1181 3974 effectam
1222 3931 1434 3975 coram
1466 3914 1593 3975 Deo
1634 3932 1747 3994 per
1778 3930 1911 3975 cor-

402 4014 509 4075 dis
544 4012 887 4074 elationem
930 4030 943 4075 :
986 4020 1299 4092 quatenus
1339 4010 1438 4073 vel
1478 4011 1569 4072 sic
1609 4011 1753 4093 quis
1794 4012 1908 4073 hu-

404 4110 718 4182 miliatus,
762 4108 1047 4171 discedat
1096 4128 1133 4170 a
1185 4108 1455 4189 pristino
1500 4125 1615 4170 suo
1670 4116 1907 4190 tepore,

2599 1606 2891 1661 camalis.

2150 1757 2494 1831 UCUSQUE
2543 1759 2777 1821 dixisse
2820 1757 3102 1820 sufficiat
3151 1758 3528 1839 (quantum.

2167 1857 2441 1918 tenuitas
2473 1857 2670 1918 nostri
2705 1856 2965 1936 ingenii,
2998 1855 3346 1918 auxiliante
3377 1854 3492 1915 Do-

2000 1954 2196 2027 min0,
2247 1954 2478 2035 potuit)
2519 1956 2595 2016 de
2641 1955 2957 2036 spirituali
3001 1953 3322 2037 superbia,
3369 1971 3494 2033 qua

1999 2052 2267 2133 perfecti
2309 2052 2429 2113 viri
2475 2060 2818 2127 tentantur,
2861 2060 2929 2113 ut
2973 2052 3270 2114 diximus.
3320 2050 3494 2124 Quod

2000 2149 2318 2230 superbiae
2354 2167 2553 2229 genus
2598 2168 2722 2212 non
2766 2157 2862 2212 est
2907 2150 3126 2211 multis
3170 2147 3495 2230 cognitum

2000 2266 2209 2328 neque
2260 2254 2614 2329 expertum,
2670 2248 2822 2329 quia
2869 2266 2986 2310 nec
3037 2247 3221 2309 multi
3271 2264 3494 2328 appre-

2002 2345 2278 2407 hendere
2329 2346 2586 2407 student
2636 2346 2979 2427 puritatem
3033 2345 3240 2407 cordis
3291 2342 3498 2425 perfe-

2003 2450 2192 2516 ctam,
2229 2450 2298 2504 ut
2335 2442 2584 2505 valeant
2624 2444 2957 2524 pervenire
2997 2444 3074 2506 ad
3113 2442 3342 2523 gradus
3383 2442 3498 2504 hos

2004 2541 2400 2623 praeliorum3
2446 2561 2564 2604 nec
2614 2549 2988 2623 procurat-ur
3031 2542 3160 2604 ulla
3209 2540 3499 2623 purgatio

2006 2639 2501 2721 praecedentium
2539 2640 2864 2715 vitiorum,
2891 2658 3164 2721 quorum
3205 2646 3495 2700 naturam

2005 2746 2195 2820 atque
2235 2738 2516 2801 remedia
2565 2737 2628 2801 in
2679 2737 3183 2820 praecedentibus
3226 2736 3496 2816 singulis

2009 2837 2243 2899 libellis
2290 2838 2764 2920 descripsimus
2811 2839 2931 2901 Sed
2981 2838 3122 2900 illos
3172 2838 3498 2898 dumtaxat

2008 2936 2262 3018 pulsare
2301 2936 2480 3009 solet,
2515 2936 2624 3017 qui
2664 2936 2931 2997 devictis
2969 2935 3143 2998 vitiis
3178 2935 3311 3016 jam
3347 2952 3499 3015 prae-

1936 3032 1980 3096 C
2010 3032 2177 3108 fatis,
2214 3052 2376 3114 pene
2411 3033 2477 3094 in
2512 3034 2794 3095 culmine
2825 3033 3134 3095 virtutum
3171 3040 3319 3095 sunt
3353 3050 3500 3093 con-

2012 3128 2236 3190 stituti.
2271 3129 2435 3201 Quos
2467 3128 2769 3210 quoniam
2805 3128 3264 3191 subtilissimus
3299 3128 3500 3191 hostis

2012 3244 2310 3307 superare
2353 3226 2641 3308 nequivit
2683 3226 2863 3309 lapsu
2918 3227 3177 3297 carnali,
3223 3226 3499 3306 dejicere

2013 3341 2119 3385 eos
2160 3331 2423 3386 conatur
2459 3342 2533 3385 ac
2572 3323 2983 3406 supplantare
3022 3324 3338 3406 spirituali
3381 3323 3504 3384 rui—

2014 3440 2096 3483 na
2129 3440 2143 3484 :
2178 3429 2466 3502 satagens
2515 3422 2656 3485 illos
2705 3441 2819 3505 per
2864 3422 3229 3505 superbiam
3281 3422 3506 3504 spolia-

2016 3538 2081 3580 re
2133 3518 2450 3580 universis
2496 3520 2956 3600 praeteritorum
3001 3538 3269 3602 operum
3319 3518 3504 3580 meri-

2015 3617 2095 3678 tis
2128 3616 2329 3678 multo
2359 3617 2571 3679 labore
2602 3618 2902 3698 quaesitiS.
2937 3618 3125 3679 Porro
3155 3636 3269 3679 nos
3298 3616 3504 3680 adhuc

2014 3714 2284 3775 terrenis
2316 3714 2716 3795 passionibus
2750 3715 3066 3777 involutos
3100 3731 3501 3795 nequaquam

2016 3810 2311 3893 dignatur
2353 3812 2473 3873 hoc
2519 3812 2704 3874 modo
2749 3820 3011 3885 tentare,
3055 3811 3164 3873 sed
3208 3810 3505 3891 supplan-

2016 3917 2105 3970 tat
2143 3927 2258 3971 nos
2297 3910 2609 3983 crassiori,
2643 3917 2727 3983 et,
2762 3917 2832 3970 ut
2870 3910 2956 3971 ita
2992 3909 3223 3982 dicam,
3266 3906 3503 3969 carnali

2018 4007 2306 4069 elatione.
2352 4007 2590 4069 ldcirco
2633 4008 3062 4069 necessarium
3106 4024 3244 4068 reor
3286 4023 3506 4067 secun-

2018 4104 2170 4165 dum
2198 4104 2683 4185 promissionem
2710 4112 2990 4167 nostram
3017 4123 3218 4186 pauca
3245 4103 3510 4164 dissere·

403 4217 468 4271 et
520 4206 949 4289 ignominiosa
1010 4206 1217 4267 carnis
1275 4205 1567 4287 passione
1626 4206 1911 4287 dejectus
1941 4211 1990 4272 D
2020 4220 2086 4263 re
2116 4202 2194 4263 de
2225 4202 2343 4263 hac
2382 4219 2634 4283 quoque
2675 4201 2992 4283 superbia,
3027 4220 3152 4283 qua
3192 4199 3508 4283 periclita-

402 4313 599 4387 atque
638 4303 971 4376 confusu8‚
1011 4303 1271 4365 festinet
1308 4304 1609 4386 deinceps
1652 4304 1799 4366 dare
1844 4322 1911 4366 se

405 4406 625 4486 ipsum
653 4402 986 4464 ardentius
1015 4401 1093 4463 ad
1133 4401 1532 4483 spiritualem
1571 4401 1905 4466 fervorem.

770 4627 1277 4692 CAPITULUM
1339 4628 1561 4692 XXII.

561 4749 737 4818 Quod
764 4749 1063 4821 perfectio
1102 4750 1333 4821 attinqi
1374 4750 1503 4804 nisi
1538 4750 1764 4805 virtute

768 4837 1145 4894 humilitatis
1181 4853 1305 4894 non
1325 4839 1547 4909 possit.

570 4988 949 5053 ANIFESTE
979 4989 1191 5071 itaque
1215 4996 1407 5072 patet,
1430 4989 1755 5051 neminem
1780 5008 1917 5071 pos·

590 5108 659 5152 se
686 5088 999 5169 attingere
1030 5088 1231 5150 finem
1262 5088 1671 5169 perfectionis
1702 5107 1774 5150 ac
1805 5108 1916 5171 pu—

408 5188 644 5263 ritatiS,
676 5186 805 5249 11131
840 5204 954 5269 per
984 5204 1198 5249 veram
1234 5185 1685 5260 humilitatem,
1719 5205 1911 5268 quam

408 5285 630 5373 primo
656 5284 984 5347 Fratribus
1012 5282 1343 5359 exhibens,
1368 5285 1497 5347 Deo
1525 5302 1778 5366 quoque
1816 5304 1917 5347 ex-

2020 4300 2072 4362 ri
2113 4300 2319 4363 solent
2348 4299 2566 4382 pusilli
2604 4319 2678 4362 ac
2718 4300 3098 4382 imperfecti,
3131 4308 3193 4361 et
3233 4299 3507 4362 maxime

2014 4398 2344 4478 juniorum
2387 4417 2460 4461 ac
2504 4398 2950 4481 incipientium
2995 4407 3257 4461 mentes.

2351 4627 2856 4693 CAPITULUM
2917 4627 3169 4691 XXIV.

2017 4748 2360 4819 Descriptio
2396 4748 2669 4804 carnalis
2710 4750 3035 4821 superbioe,
3071 4755 3129 4805 et
3167 4764 3303 4821 quae
3339 4746 3504 4803 mala

2088 4838 2157 4892 in
2201 4838 2485 4893 monacho
2523 4838 2775 4910 pariat,·
2822 4844 2880 4894 et
2923 4838 3086 4911 quod
3129 4838 3297 4894 homo
3345 4835 3501 4893 male

2086 4927 2408 5000 fund-atus,
2440 4927 2714 5000 quotidie
2741 4929 2825 4984 ad
2844 4928 3075 4999 pejora
3102 4927 3440 4984 dilabatur.

2169 5089 2289 5152 AEC
2327 5107 2477 5170 ergo
2517 5089 2785 5151 carnalis
2829 5090 3128 5173 superbia
3169 5110 3372 5172 quum
3413 5108 3507 5151 re-

2189 5187 2423 5249 sederit
2463 5187 2528 5249 in
2568 5194 2780 5250 mente
2821 5188 3112 5250 monachi
3155 5208 3232 5251 ex
3274 5188 3509 5271 princi-

2024 5284 2130 5367 pio
2189 5284 2676 5347 renuntiationis
2733 5285 2897 5347 male
2952 5285 3244 5350 inchoato
3297 5306 3370 5349 ac
3423 5294 3510 5349 te-
