4359 6267
1025 504 1442 555 COLLATIONUM
1482 504 1568 552 SS.
1603 504 1846 551 PATRUM
1885 504 2061 551 unm
2099 504 2162 549 11.
2212 522 2287 533 —-
2330 503 2615 553 COLLATIO
2654 504 2803 549 xxlv

750 730 1253 796 CAPITULUM
1315 730 1468 793 XX.

359 887 540 953 Quod
562 887 740 942 utilis
774 888 857 942 sit
895 888 1128 958 riqoris
1164 885 1442 941 remissio
1480 886 1548 939 in
1575 884 1862 939 Fratrum

967 976 1250 1031 adventu.

435 1161 742 1236 LLAQUE
772 1163 1178 1245 intercapedo
1207 1180 1320 1223 seu
1353 1160 1732 1242 interruptio
1763 1176 1859 1219 re-

457 1260 722 1323 missiva
769 1260 996 1341 rigoris
1043 1258 1397 1341 quotidiani
1446 1276 1522 1319 ex
1571 1256 1862 1319 humani-

355 1364 488 1419 tate
529 1358 932 1439 provenienS‚
966 1377 1108 1438 quae
1139 1357 1458 1419 interdum
1501 1354 1860 1417 admittitur

359 1464 624 1537 propter
663 1457 906 1517 Fratres
952 1455 1383 1527 adveniente3‚
1426 1453 1720 1535 quamvis
1768 1451 1857 1514 vi-

357 1552 584 1615 deatur
635 1554 900 1615 molesta
946 1572 1018 1616 ac
1069 1553 1390 1633 fugienda,
1441 1550 1723 1613 breviter
1769 1557 1859 1612 ta-

359 1670 512 1713 men
551 1652 856 1714 attendite
899 1670 1092 1733 quam
1135 1658 1332 1731 grata,
1365 1650 1543 1712 utilis
1579 1667 1654 1711 ac
1691 1648 1858 1711 salu-

357 1748 496 1810 bris
551 1750 816 1811 exsistat
873 1747 1129 1832 spiritui
1187 1756 1401 1811 vestro
1456 1767 1528 1809 ac
1586 1746 1854 1829 corpori.

3339 480 3460 544 425

1885 669 1936 733 A
1967 670 2383 735 celeberrima
2412 670 2582 734 fama
2610 689 2713 733 me
2744 687 2999 754 quoque
3027 687 3173 730 cum
3204 684 3461 730 summo

1966 768 2283 831 desiderio
2312 769 2501 831 traxit
2539 770 2617 831 ad
2646 777 2708 831 te
2747 766 3303 849 cognoscendum?
3335 765 3461 829 Cur

1967 883 2115 947 ergo
2175 866 2507 949 occuparis
2570 864 3053 929 oblectamentis
3114 871 3245 926 tam
3307 861 3457 923 vili-

1965 962 2122 1025 bus?
2154 963 2269 1025 Cui
2298 963 2635 1046 Apostolus
2662 981 2676 1026 :
2700 963 2883 1037 Quid,
2908 962 3139 1044 inquit,
3163 967 3259 1023 est
3288 958 3457 1041 quod

1967 1068 2179 1143 portas
2211 1063 2275 1124 in
2310 1064 2538 1123 manu?
2559 1060 2903 1143 Respondit
2927 1077 2941 1122 t
2965 1060 3183 1123 ArcuS.
3202 1058 3279 1121 Et
3302 1058 3463 1139 Apo·

1967 1159 2168 1222 stolus
2224 1178 2238 1223 :
2294 1160 2495 1234 Quare
2555 1177 2683 1223 non
2742 1166 2948 1239 gestas
3003 1177 3152 1221 eum
3209 1155 3463 1219 assidue

1967 1259 2269 1318 tensum?
2299 1256 2413 1329 Qui
2446 1257 2533 1319 ait
2558 1258 2686 1320 :Ne
2717 1254 3022 1320 fortitudo
3052 1254 3278 1335 rigoris
3310 1254 3465 1316 mol-

1970 1352 2162 1416 lescat
2210 1373 2283 1416 ac
2332 1361 2544 1436 pereat
2594 1374 2671 1417 ex
2721 1354 3088 1417 curvatione
3137 1352 3459 1425 continua,

1969 1452 2189 1534 sicque
2222 1453 2425 1533 rigore
2458 1472 2573 1535 per
2596 1454 2862 1516 nimiam
2894 1452 3249 1515 tensionem
3281 1451 3465 1513 amis-

1970 1570 2060 1627 sc,
2075 1553 2415 1616 violent-ior
2440 1554 2601 1615 ictus
2630 1572 2755 1617 non
2786 1552 2985 1635 possit
3014 1551 3242 1632 infligi,
3260 1570 3459 1633 quum

1969 1652 2321 1734 oportuerit
2376 1651 2639 1715 fortiora
2691 1651 2903 1732 iacula
2959 1651 3025 1712 in
3084 1649 3284 1713 feram
3344 1650 3461 1712 ali-

1969 1768 2162 1829 quam
2219 1749 2429 1828 dirigi.
2484 1749 2598 1812 Cui
2648 1748 2987 1831 Apostolus
3039 1767 3053 1811 :
3104 1747 3242 1809 Non
3288 1764 3458 1827 erg0,

361 1846 544 1927 Saepe
583 1846 816 1909 accidit
858 1865 985 1909 non
1024 1847 1230 1909 solum
1277 1846 1536 1909 novitiis
1578 1853 1642 1906 et
1685 1844 1862 1906 infir·
1895 1843 1944 1906 B
1973 1866 2010 1909 o
2035 1847 2315 1927 juveniS,
2346 1845 2629 1909 offendat
2660 1855 2720 1909 te
2752 1854 2877 1908 tam
2913 1865 3105 1928 parva
3138 1864 3211 1907 ac
3251 1844 3464 1907 brevis

361 1944 512 2017 miS,
554 1944 664 2005 sed
705 1954 766 2007 et
804 1945 1272 2027 expertissimis
1313 1963 1386 2007 ac
1428 1944 1750 2027 perfectiS,
1792 1950 1864 2003 ut

361 2042 660 2104 labantur
709 2043 773 2104 in
822 2044 1030 2106 cordis
1079 2051 1364 2126 teporem
1421 2051 1531 2105 aut
1579 2042 1895 2123 corporis·

359 2141 810 2222 aegritudinem
851 2160 1132 2223 gravem,
1167 2142 1287 2204 nisi
1330 2141 1597 2205 directio
1630 2148 1692 2203 et
1723 2160 1866 2204 cen-

359 2259 514 2301 sura
560 2240 796 2303 mentis
845 2258 1066 2303 eorum
1115 2240 1310 2304 fuerit
1355 2240 1639 2303 emollita
1686 2240 1867 2301 vicis-

359 2337 490 2399 sim
523 2338 1020 2401 relaxationibus
1049 2338 1410 2420 aliquantis.
1439 2339 1584 2401 Ideo
1612 2355 1738 2400 non
1773 2356 1866 2400 so-

360 2435 502 2497 lum
545 2436 858 2518 patienter
895 2437 1240 2512 toleranda,
1279 2438 1410 2499 imo
1449 2443 1513 2499 et
1549 2444 1866 2517 gratanter

359 2534 810 2615 amplectenda
856 2542 954 2597 est
1002 2554 1040 2597 a
1085 2534 1508 2617 prudentibus
1559 2542 1622 2596 et
1664 2534 1866 2616 perfe-

359 2632 506 2705 ctiS‚
526 2632 718 2695 etiam
749 2632 973 2695 crebra
997 2633 1276 2696 visitatio
1301 2634 1604 2696 Fratrum.
1631 2633 1862 2707 PrimO,

361 2730 670 2812 quoniam
711 2738 1014 2812 provocat
1051 2749 1168 2794 nos
1210 2731 1568 2793 desiderare
1613 2749 1867 2812 semper

357 2827 617 2891 avidius
658 2836 902 2890 secreta
943 2828 1242 2892 solitariae
1285 2828 1655 2891 mansionis,
1701 2829 1864 2890 Dum

360 2925 544 2989 enim
571 2926 953 3008 interpolare
979 2926 1230 2989 videtur
1260 2945 1518 2988 cursum
1551 2934 1864 2999 nostrum,

1973 1945 2276 2007 relaxatio
2317 1945 2515 2007 animi
2559 1945 2780 2018 nostri,
2818 1946 2928 2025 qui
2972 1944 3097 2006 nisi
3143 1942 3462 2005 interdum

1973 2043 2351 2106 remissione
2386 2043 2600 2124 aliqua
2632 2043 2868 2105 relevet
2898 2042 3031 2105 vim
3073 2042 3172 2104 sui
3212 2042 3462 2125 rigoriS,

1974 2160 2050 2203 ex
2094 2141 2421 2204 irremisso
2467 2142 2671 2223 rigore
2714 2142 3001 2215 lassatur,
3034 2148 3097 2202 et
3138 2141 3465 2224 obtempe-

1974 2258 2112 2302 rare
2143 2258 2271 2303 non
2312 2247 2520 2323 pot-est
2547 2240 2771 2302 virtuti
2813 2240 3465 2322 contemplationique

1974 2338 2239 2421 spiritus
2282 2347 2570 2421 tempore
2612 2347 2990 2422 opportuno,

2331 2593 2833 2657 CAPITULUM
2895 2595 3115 2658 XXII.

1974 2742 2410 2812 Interroqatio,
2434 2741 2705 2814 qualiter
2724 2743 2749 2797 i
2752 2742 2929 2797 nielli
2929 2743 3186 2814 gendum
3204 2745 3289 2799 sit
3308 2745 3471 2817 quod

2046 2831 2139 2886 ait
2155 2830 2447 2887 Salvator
2467 2849 2485 2885 :
2506 2832 2727 2902 Juyum
2744 2847 2937 2887 meum
2954 2847 3137 2888 suave
3155 2838 3265 2897 est,
3284 2840 3393 2889 etc.

361 3032 700 3087 conservat
756 3033 820 3085 et
878 3024 1336 3106 infatigabilem
1397 3025 1868 3106 quodammodo
1903 3029 1946 3093 C
2119 3029 2478 3092 ERMANUS
2512 3048 2527 3101 ;
2570 3029 2876 3103 Quoniam
2920 3030 3245 3093 contulisti
3285 3030 3470 3094 nobis

363 3122 579 3184 reddit
630 3122 929 3185 eumdem
979 3139 992 3183 ε
1040 3124 1154 3204 qui
1197 3123 1322 3184 nisi
1364 3124 1704 3205 aliquando
1753 3124 1866 3185 ali-

358 3238 498 3301 quo
543 3220 727 3283 obice
771 3221 1214 3294 retardaretur,
1260 3238 1389 3283 non
1435 3228 1648 3303 posset
1690 3222 1867 3283 inde-

357 3320 537 3381 fessa
587 3319 922 3381 vivacitate
975 3318 1204 3381 durare
1263 3338 1466 3401 usque
1519 3319 1584 3380 in
1640 3318 1862 3381 finem.

361 3416 682 3489 Secundo,
733 3417 1038 3498 quoniam
1096 3417 1356 3479 exhibet
1407 3417 1658 3499 corpori
1710 3417 1869 3479 refe-

2140 3128 2419 3190 remedia
2462 3135 2681 3190 contra
2720 3137 2965 3190 nostras
3014 3128 3365 3203 illusioneS,
3407 3138 3471 3191 et

1977 3226 2305 3290 diabolicae
2344 3225 2593 3289 insidiae
2630 3227 2867 3309 quibus
2904 3226 3323 3309 agitabamur,
3364 3228 3470 3291 de-

1977 3332 2158 3387 tectae
2195 3331 2345 3385 sunt
2380 3324 2537 3405 (Deo
2582 3326 2947 3407 praestante)
2986 3343 3100 3407 per
3134 3332 3309 3387 tuam
3361 3327 3471 3388 do-

1979 3421 2275 3495 ctrinam,
2318 3440 2655 3503 precamur
2693 3423 2877 3485 nobis
2914 3424 3143 3505 exponi
3186 3424 3355 3505 quod
3404 3424 3469 3485 in

361 3514 648 3576 ctionem
695 3532 844 3576 cum
887 3513 1101 3576 fructu
1143 3533 1257 3576 seu
1306 3514 1538 3576 merito
1581 3514 1872 3576 humani-

363 3612 542 3685 tatis,
595 3611 929 3675 conferens
977 3612 1162 3676 nobis
1211 3613 1385 3676 lucra
1433 3612 1676 3693 majora
1723 3631 1869 3674 cum

361 3710 658 3793 jucundo
687 3710 972 3792 corporis
997 3716 1504 3792 repausamento,
1528 3729 1720 3793 quam
1747 3710 1874 3772 sint

365 3808 487 3871 illa
520 3828 664 3890 quse
701 3808 953 3870 fuerant
987 3809 1375 3890 acquirenda
1411 3828 1524 3891 per
1557 3808 1876 3871 abstinen-

365 3909 528 3971 tiam
561 3908 954 3987 fatigantem.
989 3908 1192 3991 Super
1220 3928 1350 3989 qua
1377 3928 1446 3971 re
1476 3908 1754 3971 breviter
1782 3907 1875 3969 in-

364 4006 602 4071 dicabo
645 4006 1015 4088 exemplum
1059 4006 1488 4089 aptissimum.

1981 3518 2321 3599 Evangelio
2369 3520 2604 3582 dicitur
2654 3540 2668 3585 :
2718 3522 2949 3601 Jugum
3002 3540 3217 3583 meum
3276 3540 3469 3585 suave
3512 3546 3761 3595 uuum„

1979 3622 2097 3689 est,
2130 3624 2193 3678 et
2231 3635 2393 3679 onus
2436 3637 2651 3679 mcum
2696 3618 2851 3681 leve.
2886 3619 3061 3692 Quod
3092 3619 3345 3681 videtur
3376 3639 3470 3681 sa·
3498 3610 3565 3651 ³⁰·

1981 3713 2062 3775 tis
2099 3716 2485 3776 contrarium
2526 3715 2721 3779 verbo
2760 3715 2854 3777 illi
2891 3716 3237 3779 Psalmistae
3278 3734 3293 3777 t
3332 3717 3475 3779 Pro-
3512 3741 3592 3784 1³2.
3615 3747 3759 3794 mi.

1981 3819 2124 3894 pter
2152 3812 2349 3875 verba
2378 3813 2689 3875 labiorum
2724 3821 2976 3876 tuorum
3008 3831 3125 3895 ego
3156 3814 3469 3878 custodivi

1980 3908 2116 3970 vias
2147 3908 2375 3988 duras3
2407 3927 2606 3991 quum
2638 3916 2703 3971 et
2728 3910 3065 3991 Apostolus
3097 3911 3302 3973 dicat:
3329 3910 3472 3972 Om-
3528 3937 3759 3991 numu„

1981 4025 2094 4068 nes
2134 4007 2246 4089 qui
2287 4007 2392 4089 pie
2430 4006 2652 4069 volunt
2680 4008 2895 4070 vivere
2929 4008 2993 4069 in
3027 4008 3297 4083 Christo,
3330 4028 3470 4090 per-
3502 4004 3567 4045 ¹²·

1981 4106 2375 4169 secutionem
2408 4106 2747 4187 patientur.
2783 4106 2993 4181 Porro,
3028 4107 3196 4190 quod
3236 4108 3470 4170 durum

1903 4209 1954 4272 D
1981 4211 2078 4267 est
2109 4212 2174 4267 et
2204 4202 2756 4286 persecutionibus
2786 4204 3074 4286 plenum,
3108 4223 3237 4269 non
3266 4212 3475 4288 potest

749 4263 1252 4328 CAPITULUM
1313 4252 1500 4327 XXI·
1983 4321 2123 4367 esse
2163 4322 2357 4365 suave
2398 4321 2471 4365 ac
2516 4301 2672 4365 leve.

406 4412 775 4486 Exemplum
802 4413 876 4468 de
901 4414 1136 4469 Ioanne
1163 4412 1458 4486 apostolo,
1488 4413 1571 4469 ad
1589 4428 1841 4485 persua-

685 4504 946 4559 dendum
991 4504 1153 4576 quod
1195 4504 1424 4559 dictum
1465 4508 1572 4559 est.

2319 4559 2822 4626 CAPITULUM
2883 4558 3138 4625 XXIII.

505 4702 757 4766 ERTUR
778 4704 946 4785 quod
966 4702 1371 4766 beatissimus
1391 4704 1660 4768 Ioannes
1684 4722 1872 4768 evan·
1983 4703 2316 4778 Responsio
2345 4704 2429 4761 ad
2456 4704 2995 4775 interrogationem
3018 4701 3475 4777 praecedentem.

514 4801 754 4881 gelista,
772 4801 1193 4865 demulcendo
1223 4821 1369 4865 cum
1401 4803 1698 4866 manibus
1725 4804 1878 4867 mol—

368 4898 526 4961 liter
555 4899 902 4981 perdicem,
936 4900 1096 4962 vidit
1126 4908 1489 4964 venatorem
1524 4902 1870 4983 quemdam
2125 4902 2439 4967 BRAHAM
2464 4921 2478 4966 :
2504 4901 2695 4964 Facili
2730 4901 3114 4964 documento
3152 4898 3479 4982 experien-

363 4998 744 5060 venientem
798 4999 876 5061 ad
933 5018 1018 5061 se.
1072 4999 1188 5072 Qui
1239 5008 1500 5065 venator
1551 5002 1874 5065 admirans
2142 5004 2247 5067 tiae
2283 4999 2862 5063 demonstrabimus
2902 4999 3299 5062 verissimam
3338 5016 3479 5060 esse

367 5096 548 5179 quod
599 5096 700 5158 vir
742 5104 928 5161 tantae
970 5099 1387 5181 reputationis
1430 5119 1503 5162 ac
1545 5099 1732 5165 famae
1774 5102 1878 5165 de-
1985 5110 2349 5185 praetactam
2382 5098 2719 5163 Salvatoris
2754 5098 2953 5161 nostri
2988 5097 3389 5169 sententiam,
3424 5095 3480 5158 si

367 5196 578 5257 disset
626 5214 694 5257 se
747 5196 826 5259 ad
873 5196 1338 5261 oblectamenta
1387 5206 1513 5261 tam
1566 5219 1761 5282 parva
1805 5220 1878 5264 ac
1989 5198 2399 5285 perfectionis
2440 5198 2611 5260 viam
2653 5196 2930 5278 aggressi
2972 5194 3283 5257 fuerimus
3328 5194 3480 5275 legi—

369 5294 558 5370 vilia,
580 5294 744 5358 dixit
776 5313 790 5359 ε
824 5295 999 5360 Tune
1029 5316 1096 5359 es
1128 5298 1258 5373 ille,
1291 5298 1477 5380 cujus
1511 5298 1778 5381 insignis
1807 5320 1881 5365 ac
1989 5301 2145 5364 time
2187 5296 2542 5361 secundum
2579 5296 2971 5359 voluntatem
3009 5293 3232 5377 ipsius,
3268 5292 3485 5355 morti-

639 5430 705 5483 T.
739 5432 820 5483 27.
3168 5427 3231 5478 27
