4359 6267
117 1529 280 1586 Ερὶιεε.
291 1544 324 1584 ι,
335 1534 384 1575 5.

127 1921 384 1976 lxxxxvi,

151 2312 166 2354 1
189 2314 294 2357 Cor.
315 2328 382 2365 m,

119 2406 180 2418 κο

135 2509 260 2553 Prot.
271 2525 382 2565 xva,

119 2575 152 2613 2.
187 2576 312 2627 iuxta

119 2633 224 2679 111.

132 4177 304 4253 [Theu-
319 4195 382 4234 tv,

155 4272 267 4350 'tm
295 4314 337 4353 ι.

1083 464 1500 511 ΕΟῙ.Ῑ,ΑΤῙΟΝΠΜ
1542 465 1628 511 SS.
1663 463 1908 509 PATRUM
1949 463 2124 511 LIBER
2165 464 2230 510 11.
2274 482 2355 493 -
2397 463 2681 513 COLLA'rlo
2722 467 2869 512 xxlv

3403 446 3525 511 429

425 632 782 715 spiritualis
819 640 1036 697 nostra
1064 633 1322 698 dilectio
1352 642 1755 717 comparetur
1784 632 1922 695 istis
1953 632 2004 695 A
2034 632 2344 696 virtutum
2384 634 2813 717 quarumlibet
2854 643 3301 717 comparentur
3342 634 3522 698 brevi

423 747 594 812 quos
650 731 918 794 carnalis
975 750 1155 796 amor
1212 732 1563 814 conjungit,
1623 731 1925 813 centuplo

423 827 678 891 dulcior
715 828 1181 911 sublimiorque
1220 830 1528 893 consistit.
1576 823 1926 892 Confo'rmi-

419 932 543 999 ter,
579 925 856 989 suavitas
886 927 1294 990 continentiae
1325 927 1678 1009 conjugalis
1708 933 1924 988 centu-

421 1023 536 1105 plo
567 1024 772 1105 major
798 1025 922 1087 erit
949 1043 1025 1087 ea
1051 1044 1194 1107 quae
1223 1044 1300 1087 ex
1331 1044 1598 1088 sexuum
1627 1024 1928 1087 commix-

417 1121 600 1185 tione
642 1122 981 1205 praebetur.
1016 1125 1132 1187 Pro
1176 1124 1394 1188 laetitia
1436 1141 1688 1206 quoque
1730 1141 1923 1204 quam

421 1220 572 1301 quis
613 1220 838 1284 habuit
868 1222 936 1283 in
976 1222 1376 1303 possessione
1415 1221 1605 1284 unius
1643 1220 1776 1303 agri
1816 1227 1926 1282 aut

422 1317 678 1393 domuS,
710 1318 1078 1401 perfruetur
1104 1320 1337 1400 gaudio
1375 1318 1806 1401 spiritualium
1836 1318 1925 1379 di-

421 1416 728 1480 vitiarum
791 1418 1095 1499 centuplo
1159 1417 1479 1500 ampliori,
1546 1418 1657 1499 qui
1718 1424 1923 1478 trans-

421 1512 566 1577 iens
601 1515 669 1577 in
710 1516 1120 1598 adoptionem
1159 1515 1448 1579 filiorum
1477 1516 1613 1590 Dei,
1647 1514 1926 1597 posside-

421 1612 522 1675 bit
559 1614 858 1677 universa
901 1633 1044 1695 quae
1087 1622 1239 1677 sunt
1279 1613 1478 1677 Patris
1522 1613 1820 1687 coelestiS,
1855 1618 1925 1674 ut

422 1711 702 1793 propria.
746 1711 840 1775 Ad
889 1712 1315 1775 imitationem
1363 1730 1616 1795 quoque
1655 1711 1798 1773 *veri
1845 1730 1921 1773 ac

2030 748 2104 793 ac
2161 731 2424 797 lubricae
2471 733 2778 815 voluptati
2826 732 3128 796 vitiorum
3186 732 3524 795 contrario-

2029 847 2197 903 rum,
2223 828 2647 913 multiplicata
2670 830 3037 912 jucunditas
3065 829 3525 893 demonstrabit

2028 926 2164 989 haec
2213 928 2453 991 centies
2500 928 2779 993 meliora.
2826 928 3238 993 Centenarius
3284 927 3522 991 etenim

2029 1044 2335 1089 numerus
2388 1027 2767 1090 transfertur
2814 1028 2891 1089 de
2950 1027 3207 1090 sinistra
3253 1026 3333 1088 ad
3379 1026 3525 1087 dex-

2029 1131 2253 1197 teram,
2303 1132 2367 1186 et
2427 1124 2574 1188 licet
2624 1126 2915 1188 videatur
2968 1126 3257 1188 eamdem
3310 1131 3523 1186 tenere

2029 1221 2304 1303 figuram
2348 1222 2412 1284 in
2451 1224 2901 1305 supputatione
2941 1223 3308 1304 digitorum,
3340 1220 3523 1284 valde

2027 1326 2243 1382 tamen
2280 1320 2591 1383 excrescit
2629 1321 2694 1383 in
2740 1320 3175 1402 magnitudine
3213 1320 3523 1402 quantita-

2028 1419 2129 1481 tis.
2184 1419 2318 1481 Fiet
2365 1420 2539 1482 enim
2596 1426 2667 1482 ut
2714 1420 2827 1501 qui
2874 1419 3251 1483 videbamur
3302 1436 3521 1500 gerere

2028 1516 2300 1580 formam
2340 1517 2513 1581 hoedi
2544 1517 2611 1580 in
2640 1518 2916 1593 sinistra,
2948 1517 3234 1581 translati
3264 1518 3340 1580 ad
3371 1517 3517 1578 dex·
3544 1530 3821 1639 ganam,

2029 1620 2232 1677 teram
2277 1615 2619 1679 sortiamur
2662 1616 2962 1679 meritum
3003 1616 3160 1678 ovis.

2110 1713 2292 1776 Nunc
2321 1721 2714 1776 transeamus
2745 1714 2822 1775 ad
2851 1714 3271 1795 quantitatem
3307 1731 3522 1775 rerum

419 1810 738 1890 unigeniti
776 1810 920 1873 Filii
961 1811 1130 1873 dicet
1167 1830 1244 1873 ex
1282 1808 1521 1873 affectu
1558 1818 1622 1872 et
1659 1809 1915 1883 virtute,
1955 1812 2002 1875 B
2033 1830 2190 1893 quas
2230 1811 2515 1874 Christus
2554 1812 2871 1894 promittit
2906 1812 3092 1875 nobis
3130 1811 3198 1874 in
3238 1810 3368 1874 vita
3405 1811 3525 1873 hac

419 1906 650 1971 Omnia
687 1928 831 1989 quae
870 1908 1061 1971 habet
1103 1909 1302 1983 Pater,
1336 1927 1475 1971 mea
1513 1913 1663 1970 sunt
1675 1925 1693 1987 3
1724 1914 1789 1968 et
1829 1925 1920 1969 se—

419 2024 616 2067 curus
663 2026 738 2069 ac
790 2007 994 2081 laetuS,
1042 2024 1170 2070 non
1214 2025 1363 2069 cum
1405 2005 1643 2089 poenali
1685 2006 1920 2068 disten-

417 2105 592 2167 tione
641 2113 706 2167 et
753 2124 926 2179 cura,
980 2106 1278 2168 succedet
1326 2104 1565 2187 ubique
1616 2105 1798 2187 quasi
1855 2104 1921 2165 in

417 2202 722 2284 propriiS,
753 2203 1022 2266 audiens
1057 2202 1433 2285 Apostolum
1473 2201 1596 2264 sibi
1638 2201 1921 2283 quotidie

421 2298 880 2381 praedicantem
937 2318 951 2361 ε
1005 2299 1230 2363 Omnia
1288 2307 1496 2363 vestra
1555 2307 1724 2373 sunt,
1786 2298 1920 2361 sive

419 2399 726 2473 munduS,
778 2397 913 2460 sive
961 2398 1317 2480 praesentia,
1368 2397 1504 2461 sive
1559 2397 1810 2475 futura3
1857 2403 1922 2457 et

417 2496 870 2560 Salomonem:
906 2496 1140 2560 Fidelis
1169 2497 1293 2561 viri
1322 2504 1492 2560 totus
1522 2496 1799 2558 mundus
1827 2494 1919 2558 di-

412 2596 742 2659 vitiarum.

502 2693 709 2756 Habes
739 2711 889 2775 ergo
919 2693 1083 2756 hanc
1115 2694 1400 2776 centupli
1434 2692 1919 2756 retributionem

415 2792 488 2854 in
549 2791 988 2874 magnitudine
1027 2791 1239 2855 meriti
1297 2799 1360 2853 et
1413 2792 1478 2853 in
1538 2790 1918 2853 discretione

411 2898 550 2953 tam
617 2889 1139 2972 incomparabilis
1200 2888 1564 2952 eminentiae
1626 2888 1915 2968 designa-

2031 1927 2148 1992 pro
2179 1917 2549 1992 contemptu
2579 1910 3001 1973 mundialium
3032 1911 3521 1983 commodorum,

2031 2008 2387 2090 praesertim
2432 2009 2787 2071 secundum
2830 2009 3111 2071 Marcum
3151 2007 3218 2070 in
3260 2026 3524 2088 evange-

2031 2105 2119 2167 lio
2165 2124 2282 2169 suo
2326 2105 2643 2168 dicentem
2678 2126 2692 2169 :
2726 2106 2927 2169 Nemo
2969 2114 3065 2169 est
3096 2106 3218 2188 qui
3267 2105 3524 2187 reliquit
3552 2126 3738 2233 ,ffl‘ff'
3770 2138 3816 2177 x,

3607 2221 3620 2242 ,
3640 2193 3663 2233 ³
3694 2220 3708 2233 .

2029 2204 2311 2279 domum,
2353 2209 2463 2265 aut
2510 2203 2757 2278 fratreS,
2798 2210 2908 2265 aut
2956 2221 3223 2277 sororeS,
3262 2208 3372 2265 aut
3415 2221 3523 2285 pa-

2027 2310 2214 2376 trem,
2267 2310 2375 2364 aut
2423 2309 2713 2376 matrem,
2763 2310 2873 2364 aut
2918 2301 3112 2377 filios,
3163 2309 3272 2364 aut
3316 2318 3520 2383 agros,

2027 2408 2289 2482 propter
2349 2418 2449 2462 me
2498 2407 2561 2462 et
2610 2408 2871 2483 propter
2926 2399 3361 2481 Evangelium,
3412 2399 3525 2481 qui

2027 2515 2155 2560 non
2197 2498 2470 2580 accipiet
2499 2499 2738 2561 centies
2775 2505 3023 2560 tantum
3061 2516 3233 2559 nunc
3273 2498 3339 2560 in
3368 2504 3527 2561 tem-

2027 2613 2180 2678 pore
2221 2596 2364 2670 hoc,
2397 2596 2641 2672 dom08,
2673 2603 2737 2659 et-
2774 2595 3023 2671 fratreS,
3056 2603 3120 2657 et
3162 2612 3430 2670 sororeS,
3462 2600 3527 2657 et

2027 2702 2283 2769 matreS,
2314 2700 2378 2757 et
2408 2693 2603 2769 filios,
2635 2702 2697 2757 et
2735 2712 2917 2775 agros
2957 2713 3105 2756 cum
3146 2693 3527 2776 persecutio-

2027 2792 2243 2867 nibuS,
2294 2798 2358 2855 et
2406 2792 2474 2855 in
2532 2792 2764 2855 saeculo
2820 2791 3038 2855 futuro
3095 2792 3291 2855 vitam
3348 2798 3524 2856 aeter-

2027 2910 2197 2953 nam.
2260 2890 2637 2973 Centuplam
2700 2890 2874 2952 enim
2933 2890 3349 2972 quantitatem
3414 2910 3525 2972 pa-

407 2998 548 3051 tam
593 3005 607 3050 ε
650 2995 723 3050 ut
770 2989 823 3050 si
867 2988 1013 3070 quis
1063 3004 1180 3069 pro
1228 2994 1400 3051 certo
1449 2988 1728 3070 pondere
1775 2985 1917 3048 aeris
1950 2983 1994 3047 C
2029 2996 2283 3052 rentum
2330 3008 2444 3050 seu
2492 2987 2760 3051 fratrum
2803 2987 3091 3070 recipiet,
3130 2987 3522 3069 quicumque

408 3094 526 3149 aut
564 3085 720 3148 ferri
761 3094 871 3148 aut
908 3086 1168 3148 alterius
1208 3085 1454 3147 vilioris
1500 3084 1738 3147 metalli
1781 3083 1917 3145 red-

410 3186 525 3248 dat
561 3202 793 3246 aurum
833 3184 1132 3266 ponderis
1171 3184 1352 3258 tanti,
1388 3182 1664 3245 restituit
1696 3182 1916 3263 utique

413 3283 565 3366 plus
609 3300 803 3363 quam
851 3281 1243 3363 centuplum.
1280 3282 1372 3343 lta
1413 3281 1567 3342 dum
1613 3297 1729 3362 pro
1773 3297 1917 3343 con-

409 3386 668 3462 temptu
699 3380 1101 3461 voluptatum
1130 3388 1194 3442 et
1222 3387 1621 3443 terrenorum
1650 3378 1915 3440 affectu-

413 3498 529 3541 um
560 3485 1129 3560 recompensantur
1158 3477 1488 3559 spirituale
1519 3476 1823 3558 gaudium
1853 3484 1917 3538 et

412 3576 712 3659 pretiosae
769 3574 1047 3637 caritatis
1107 3575 1497 3656 jucunditaS,
1559 3573 1918 3657 spiritualia

410 3692 674 3756 quoque
713 3672 1094 3735 charismata
1106 3691 1124 3753 3
1166 3674 1506 3756 plusquam
1543 3673 1916 3755 centuplum

409 3772 726 3846 redditur,
759 3771 1012 3833 etiamsi
1043 3772 1151 3834 illa
1181 3770 1308 3833 sint
1338 3770 1522 3853 plura
1550 3790 1743 3853 quam
1775 3790 1918 3834 cen-

411 3877 573 3932 tum.
627 3870 934 3933 Praeterea
982 3876 1052 3931 ut
1098 3868 1321 3931 crebra
1380 3869 1755 3950 repetitione
1801 3868 1917 3931 fiat

413 3968 538 4031 hoc
579 3966 837 4041 clarius,
869 3984 1018 4029 ecce
1059 3974 1204 4029 ante
1245 3966 1440 4029 habui
1479 3967 1817 4048 conjugem
1849 3968 1916 4029 in

416 4066 716 4148 passione
757 4064 1057 4127 desiderii
1104 4064 1369 4146 fragilis,
1412 4066 1701 4128 eamdem
1745 4084 1917 4127 nunc

2028 3087 2352 3149 transierit
2381 3086 2448 3148 in
2487 3085 2982 3148 sincerissimam
3022 3086 3351 3148 caritatem
3388 3104 3522 3148 om-

2028 3185 2209 3247 nium
2271 3184 2518 3247 Christo
2574 3183 3094 3258 deservientium,
3158 3190 3524 3266 contempto

2026 3300 2242 3346 amore
2294 3281 2484 3345 unius
2533 3282 2752 3364 patris,
2794 3287 2905 3343 aut
2954 3282 3195 3355 matriS,
3238 3300 3351 3345 seu
3398 3280 3520 3343 filii

2027 3381 2265 3443 intuitu
2315 3380 2547 3445 Christi
2596 3398 2610 3443 :
2658 3398 2775 3463 pro
2821 3398 2952 3444 uno
2998 3380 3298 3443 videlicet
3347 3387 3524 3463 patre

2026 3487 2136 3542 aut
2185 3478 2377 3540 fratre
2428 3478 2761 3542 inveniens
2803 3485 2896 3542 tot
2936 3487 3146 3562 patres
3193 3486 3257 3541 et
3298 3477 3523 3541 fratres

2027 3596 2177 3640 eum
2244 3576 2615 3641 ferventiori
2681 3596 2754 3639 ac
2822 3577 3241 3660 praestant-iori
3308 3594 3524 3640 amore

2026 3684 2332 3738 amantes,
2396 3676 2712 3738 Ditabitur
2767 3694 3022 3757 quoque
3081 3672 3523 3758 multipliciori

2027 3793 2323 3855 agrorum
2353 3782 2417 3837 et
2446 3774 2778 3837 domorum
2810 3773 3230 3856 possessione,
3255 3772 3367 3854 qui
3398 3791 3525 3834 una

2027 3873 2218 3935 domo
2274 3878 2533 3953 propter
2589 3869 2910 3933 Christum
2970 3869 3211 3945 relicta,
3261 3868 3524 3932 habebit

2025 3971 2104 4033 ad
2135 3988 2325 4032 ‘usum
2364 3987 2554 4030 suum
2593 3975 2809 4049 parata
2839 3967 3176 4031 innumera
3213 3974 3522 4031 monaste-

2026 4069 2122 4130 ria
2167 4076 2468 4149 tanquam
2526 4084 2642 4128 sua
2688 4065 2753 4128 in
2801 4068 2976 4129 omni
3036 4066 3257 4130 mundi
3316 4072 3515 4147 parte,

415 4164 626 4227 habeo
674 4164 740 4225 in
790 4163 1316 4226 sanctificationis
1375 4163 1610 4226 honore
1659 4169 1723 4225 et
1769 4181 1917 4225 vera
1947 4169 1996 4232 D
2027 4166 2374 4228 succedens
2406 4163 2495 4226 ibi
2529 4164 2709 4246 quasi
2740 4164 2883 4246 jure
2914 4165 3139 4227 domus
3177 4182 3325 4226 suae.
3361 4162 3519 4235 Quo-

417 4262 654 4325 Christi
699 4262 1060 4326 dilectione.
1096 4262 1230 4325 Una
1271 4270 1368 4323 est
1412 4279 1589 4336 uxor,
1623 4262 1732 4324 sed
1776 4281 1918 4324 cen-

417 4361 676 4443 tuplum
726 4360 928 4423 crevit
976 4360 1275 4424 meritum
1319 4360 1625 4423 castitatis
1666 4368 1729 4423 et
1765 4359 1919 4423 cari-

418 4458 587 4522 tatis.
642 4460 708 4522 Si
755 4466 970 4522 autem
1026 4459 1408 4542 appenderis
1462 4478 1576 4541 pro
1626 4460 1918 4543 passione

419 4556 658 4619 furoris
696 4564 760 4619 et
798 4556 908 4619 irae
945 4557 1267 4619 assiduam
1310 4557 1634 4619 lenitatem
1676 4557 1918 4639 patien-

418 4656 550 4729 tiae,
601 4672 718 4737 pro
775 4653 988 4716 labore
1047 4654 1450 4717 distentionis
1508 4663 1572 4717 et
1618 4655 1921 4719 sollicitu-

420 4753 592 4816 dinis
632 4752 914 4834 quietem
955 4752 1335 4826 securitatis,
1369 4771 1485 4835 pro
1527 4752 1922 4817 infructuosa

419 4859 485 4915 et
530 4850 766 4933 poenali
816 4850 1075 4925 tristitia
1123 4850 1347 4912 mundi
1396 4850 1590 4932 hujus
1638 4850 1921 4915 fructum

421 4948 702 5012 tristitiae
763 4947 1135 5030 spiritualis,
1198 4966 1312 5030 pro
1372 4949 1648 5012 vanitate
1704 4950 1922 5031 gaudii

417 5047 796 5130 temporalis
853 5046 1208 5109 ubertatem
1261 5046 1467 5111 solatii
1529 5047 1849 5112 interioris
1903 5069 1917 5113 :

417 5144 676 5210 videbis
726 5144 794 5206 in
838 5145 1332 5207 commutatione
1382 5146 1611 5207 horum
1660 5146 1924 5209 affectu-

419 5264 538 5307 um
571 5242 853 5325 centupli
884 5242 1388 5305 retributionem.
1410 5244 1584 5317 Quod
1615 5245 1669 5308 si
1701 5245 1925 5308 merita

2027 4263 2216 4326 modo
2263 4262 2436 4323 enim
2485 4279 2612 4325 non
2664 4261 2892 4343 recipit
2939 4260 3333 4342 centuplum,
3386 4260 3518 4323 imo

2027 4362 2361 4444 plusquam
2410 4359 2781 4441 centuplum
2824 4359 2908 4440 (si
2955 4358 3048 4421 fas
3096 4364 3193 4421 est
3238 4357 3515 4440 adjicere

2026 4458 2270 4541 aliquid
2328 4457 2736 4540 promissioni
2795 4456 3046 4520 Domini
3104 4458 3353 4537 nostri),
3404 4458 3515 4538 qui

2029 4557 2397 4639 relinquens
2427 4557 2647 4619 decem
2674 4562 2785 4617 aut
2809 4553 3033 4635 viginti
3057 4554 3364 4636 obsequia
3394 4574 3519 4617 ser-

2029 4673 2255 4718 vorum
2289 4652 2575 4716 infidelia
2604 4660 2668 4715 et
2698 4660 2933 4727 coacta,
2960 4651 3227 4715 fulcitur
3255 4652 3519 4717 servitu-

2029 4761 2090 4815 te
2131 4759 2479 4834 spontanea
2516 4758 2609 4814 tot
2648 4752 3069 4832 ingenuorum
3111 4758 3301 4833 atque
3341 4751 3520 4814 nobi-

2031 4852 2237 4914 lium?
2267 4850 2441 4924 Quod
2481 4868 2701 4912 verum
2738 4868 2875 4911 esse
2915 4849 3211 4930 potuistis
3251 4849 3520 4931 probare

2031 4948 2307 5032 propriis
2348 4948 2824 5030 experimentiS,
2857 4946 2969 5028 qui
3012 4946 3250 5008 relictis
3299 4966 3519 5027 paren-

2030 5048 2203 5110 tibus
2262 5055 2323 5109 et
2369 5045 2667 5109 domibus
2723 5044 3021 5127 propriiS,
3073 5044 3373 5107 invenitis
3430 5045 3522 5107 in-

2031 5163 2331 5208 numeros
2382 5152 2613 5226 patres,
2662 5151 2915 5215 matreS,
2960 5142 3205 5215 fratreS,
3248 5160 3515 5218 sororeS,

2035 5245 2257 5307 domos
2316 5250 2379 5304 et
2440 5260 2621 5323 agros
2684 5250 2746 5303 et
2804 5239 3216 5303 fidelissimos
3278 5259 3513 5316 servos,
