4359 6267
1079 556 1494 604 COLLATmNmt
1535 557 1620 602 SS.
1654 557 1896 603 PATRUM
1937 557 2110 603 LIBER
2151 558 2215 603 11.
2262 577 2339 586 -
2380 557 2666 604 COLLATIO
2706 560 2816 604 xm

3382 537 3496 603 301

206 749 390 796 lemn,
415 727 656 798 divinae,
703 726 1034 790 subdendo
1079 744 1092 788 ε
1141 727 1216 788 Ει
1257 726 1457 808 gratia
1498 725 1638 806 ejus
1690 725 1754 787 in
1797 744 1898 786 me
1930 726 1980 787 A
2011 724 2109 786 bis
2142 733 2401 808 propter
2442 745 2675 790 nomen
2719 747 2955 800 meum,
2991 745 3116 789 non
3150 727 3501 789 secundum

181 815 225 853 lt).

415 844 602 888 vacua
638 842 764 888 non
805 825 950 898 fuit,
985 827 1096 888 sed
1135 825 1564 888 abundantius
1600 824 1730 886 illis
1769 842 1900 886 om-

415 924 592 986 nibus
624 923 946 1002 laboravi3
979 942 1106 986 non
1137 931 1350 986 autem
1387 941 1522 1004 ego,
1558 923 1665 984 sed
1698 923 1899 1004 gratia

413 1022 516 1084 Dei
561 1041 832 1086 mecum.
881 1023 1086 1096 Quum
1131 1022 1303 1085 enim
1347 1022 1456 1095 ait,
1501 1021 1637 1083 Non
1683 1028 1895 1084 autem

413 1139 540 1202 cg0‚
579 1121 688 1184 sed
735 1121 938 1202 gratia
981 1122 1092 1183 Dei
1139 1139 1414 1194 mecum,
1457 1121 1733 1182 ostendit
1776 1120 1897 1182 vir-

411 1228 598 1282 tutem
649 1219 1068 1302 protectionis
1113 1219 1364 1281 divinae.
1415 1219 1493 1280 Et
1533 1236 1734 1300 quum
1783 1218 1892 1294 ait,

409 1320 664 1391 Mecum,
708 1325 975 1380 testatur
1020 1318 1287 1399 grat-iam
1331 1317 1442 1380 Dei
1493 1324 1892 1398 cooperatam

408 1436 538 1479 esse
565 1416 687 1478 sibi
731 1435 856 1479 non
896 1416 1098 1480 otioso
1138 1435 1345 1498 neque
1387 1433 1631 1490 securo,
1667 1416 1776 1477 sed
1810 1415 1893 1477 la-

407 1515 642 1578 boranti
681 1535 756 1577 ac
799 1515 1153 1578 desudanti.
1190 1516 1406 1596 ltaque
1437 1514 1746 1576 Dominus
1786 1532 1893 1576 vo-

409 1613 535 1676 lens
576 1621 752 1676 motu
796 1614 1090 1676 humanae
1127 1612 1491 1676 affectionis
1534 1612 1892 1694 exprimere

331 1785 336 1788 ⁴
407 1733 527 1775 suae
574 1714 826 1795 pietatis
881 1713 1445 1794 dispensationem,
1497 1719 1561 1774 et
1608 1730 1890 1774 amorem

185 2320 226 2362 Is.
237 2335 320 2370 mx,
333 2326 386 2364 05.

209 2713 350 2758 Ibidem.

193 3893 315 3939 Emit.
325 3913 382 3949 xx,

185 3957 230 4003 U.
247 3961 296 4002 Η.

407 1830 586 1892 quem
626 1811 814 1874 nobis
855 1810 1138 1874 tribuere
1178 1810 1498 1872 indefessa
1535 1810 1768 1892 pietate
1799 1810 1891 1872 di-

2009 825 2144 886 vias
2185 833 2426 887 vestras
2468 826 2685 899 malas,
2724 844 2931 907 neque
2974 825 3325 887 secundum
3370 843 3502 886 sce-

2009 922 2139 984 lera
2188 931 2395 986 vestra
2446 924 2744 1004 pessima,
2798 924 3023 986 domus
3082 923 3290 986 Israel.
3344 923 3501 984 Hinc

2006 1022 2311 1083 asseritur
2348 1022 2428 1084 ab
2470 1023 2785 1084 universis
2812 1021 3155 1084 catholicis
3189 1020 3498 1095 Patribus,

2006 1120 2116 1201 qui
2168 1119 2629 1202 perfectionem
2689 1121 2897 1184 cordis
2954 1122 3315 1184 didicerunt
3372 1137 3500 1182 non

2006 1217 2179 1280 inani
2230 1219 2682 1301 disputatione,
2726 1220 2834 1282 sed
2884 1221 3072 1301 digna
3119 1218 3500 1282 conversati-

2003 1335 2146 1391 one,
2182 1318 2301 1379 hoc
2342 1318 2543 1380 divini
2590 1320 2871 1381 muneris
2912 1338 3049 1380 esse
3091 1318 3394 1400 primum,
3429 1325 3499 1378 ut

2001 1417 2257 1479 accedat
2291 1417 2725 1498 unusquisque
2754 1418 2832 1479 ad
2862 1417 3345 1480 desiderandum
3375 1435 3501 1479 om·

2003 1533 2082 1576 ne
2132 1516 2303 1597 quod
2353 1515 2592 1578 bonum
2648 1524 2764 1591 est,
2818 1518 2928 1579 sed
2980 1517 3065 1578 ita
3114 1525 3183 1578 ut
3234 1517 3496 1598 plenum

2001 1614 2085 1676 sit
2125 1615 2341 1677 liberae
2383 1614 2725 1676 voluntatis
2764 1614 3100 1677 arbitrium
3141 1615 3204 1677 in
3250 1624 3495 1697 partem

2004 1720 2357 1794 utramque.
2414 1713 2779 1776 Secundum
2836 1733 2985 1778 vero
3042 1732 3204 1796 opus
3262 1714 3497 1777 divinae

1999 1812 2217 1892 gratiae
2247 1820 2559 1884 asserunt,
2596 1820 2665 1874 ut
2702 1812 2880 1875 effici
2916 1815 3165 1876 valeant
3194 1815 3498 1876 exercitia

408 1919 643 1993 gnatur,
678 1930 797 1974 nec
838 1912 904 1974 in
946 1911 1250 1974 creaturis
1292 1909 1624 1973 inveniens
1670 1911 1892 1973 carita-
1923 1911 1971 1974 B
2001 1911 2262 1992 praefata
2300 1911 2633 1985 virtutum,
2667 1911 2753 1972 ita
2794 1919 2865 1972 ut
2905 1911 3291 1993 possibilitas
3334 1912 3499 1974 arbi-

409 2019 530 2072 tem
568 2011 669 2073 cui
711 2029 861 2072 eum
900 2010 1155 2092 dignius
1194 2017 1609 2091 compararet,
1644 2027 1894 2091 compa-

414 2109 561 2171 ravit
591 2128 740 2172 eum
771 2108 1134 2170 tenerrimis
1172 2107 1392 2170 matris
1419 2108 1797 2182 visceribuS,
1831 2117 1894 2170 et

413 2207 598 2269 utitur
648 2208 768 2270 hoc
826 2207 1142 2288 exemp10‚
1194 2207 1494 2287 quoniam
1555 2206 1760 2268 carius
1818 2225 1894 2269 eo

415 2305 674 2368 inveniri
710 2307 774 2367 in
807 2305 1115 2367 creaturis
1157 2323 1283 2366 non
1321 2304 1486 2367 valet
1521 2323 1535 2366 :
1568 2305 1892 2386 Numquid

411 2403 690 2466 oblivisci
725 2410 934 2485 potest
964 2403 1195 2465 mulier
1227 2401 1533 2465 infantem
1575 2423 1786 2476 suum,
1824 2411 1893 2465 ut

411 2519 528 2563 non
569 2502 947 2564 misereatur
989 2499 1130 2563 filio
1174 2501 1336 2563 uteri
1383 2501 1530 2563 sui?
1571 2502 1893 2563 Verumta-

414 2618 546 2661 men
609 2617 741 2664 non
811 2607 1146 2662 contentus
1211 2600 1328 2662 hac
1397 2599 1888 2680 comparatione,

411 2697 788 2760 transcendit
825 2717 966 2760 eam
1008 2697 1368 2771 confestim,
1403 2697 1733 2760 subdendo
1767 2715 1782 2759 t
1817 2698 1893 2759 Et

411 2796 456 2858 si
501 2796 601 2858 illa
643 2796 844 2858 oblita
889 2795 1104 2870 fuerit,
1147 2813 1264 2877 ego
1307 2803 1520 2858 tamen
1568 2814 1696 2858 non
1735 2795 1891 2858 obli-

409 2893 597 2957 viscar
639 2895 756 2957 tui.

762 3113 1267 3178 CAPITULUM
1327 3113 1509 3177 XIV.

519 3247 763 3302 Summa
791 3249 1016 3300 nostroe
1043 3243 1264 3299 salutis
1292 3243 1648 3316 deputanda
1674 3249 1762 3298 est

886 3334 1114 3389 coelestz'
1139 3334 1382 3405 qratioe.

519 3487 612 3550 ER
671 3486 842 3569 quod
903 3485 1181 3548 evidenti
1238 3488 1480 3550 ratione
1541 3487 1881 3568 colligitur,

548 3581 862 3649 summam
909 3593 1138 3648 nostrae
1185 3586 1407 3648 salutis
1456 3586 1882 3668 deputandam

407 3703 534 3746 esse
563 3683 804 3748 coelesti
834 3684 1073 3765 gratiae,
1107 3703 1234 3746 non
1276 3684 1520 3746 meritis
1560 3684 1884 3747 actionum

409 3792 774 3857 nostrarum,
811 3783 938 3845 Deo
977 3802 1093 3864 per
1127 3784 1501 3865 Prophetam
1537 3785 1832 3865 loquente
1867 3803 1881 3846 ε

410 3880 906 3944 Recordabimini
950 3881 1198 3943 viarum
1241 3889 1596 3943 vestrarum
1645 3889 1707 3942 et
1755 3899 1888 3943 om-

411 3979 578 4041 nium
609 3980 923 4042 scelerum
954 3987 1334 4053 vestrorum,
1367 3987 1430 4042 et
1462 3981 1885 4063 displicebitis

409 4075 578 4139 vobis
629 4077 784 4160 ipsis
835 4079 900 4140 in
944 4077 1204 4140 malitiis
1249 4078 1519 4156 vestris3
1564 4087 1626 4140 et
1670 4079 1884 4141 scietis

405 4175 545 4256 quia
591 4193 704 4258 ego
751 4177 1079 4251 DominuS,
1123 4196 1324 4258 quum
1369 4176 1744 4240 benefecero
1788 4194 1890 4238 vo-

1999 2009 2103 2071 trii
2148 2029 2274 2071 non
2315 2009 2591 2072 tollatur.
2628 2010 2837 2073 Tertio
2877 2011 2953 2071 ad
2998 2010 3262 2091 gratiam
3308 2011 3497 2093 perti-

1999 2127 2150 2170 nere
2190 2116 2523 2182 testantur,
2570 2117 2636 2170 ut
2677 2109 2944 2170 virtutes
2988 2108 3315 2190 acquisitae
3360 2127 3497 2189 per-

1999 2214 2361 2282 severanter
2420 2214 2773 2280 serventur,
2827 2207 2937 2268 sed
2988 2207 3073 2268 ita
3120 2213 3189 2268 ut
3238 2205 3495 2268 libertas

2000 2305 2432 2386 captivitatem
2475 2322 2601 2366 non
2644 2305 2892 2367 sentiat.
2929 2305 3031 2367 Sic
3062 2303 3297 2366 etenim
3330 2305 3497 2366 D'eus

1999 2404 2445 2466 universorum
2478 2404 2831 2466 credendus
2872 2411 2966 2466 est
3006 2402 3221 2466 omnia
3260 2403 3328 2464 in
3365 2420 3498 2465 om-

1998 2502 2189 2565 nibus
2231 2503 2502 2584 operari,
2538 2510 2607 2564 ut
2648 2502 2890 2575 incitet,
2925 2509 3211 2584 protegat
3249 2509 3313 2564 6ι
3353 2519 3497 2564 con-

1997 2600 2235 2674 firmet,
2290 2617 2414 2662 non
2465 2608 2534 2662 ut
2580 2601 2825 2663 auferat
2886 2601 3241 2663 libertatem
3301 2619 3494 2681 quam

1997 2700 2196 2761 semel
2236 2699 2512 2761 donavit.
2550 2701 2758 2773 Porro,
2794 2700 2845 2760 si
2887 2699 3039 2780 quid
3082 2699 3359 2760 humana
3397 2716 3495 2759 ar-

1995 2797 2473 2878 gumentatione
2526 2804 2587 2858 et
2638 2797 2879 2860 ratione
2929 2803 3258 2858 versutum
3310 2796 3496 2858 colle-

1996 2904 2170 2958 ctum
2213 2896 2505 2958 videatur
2541 2895 2641 2958 his
2683 2896 3001 2976 derogare,
3036 2894 3368 2956 vitandum
3399 2901 3493 2956 est

1995 2994 2209 3077 potius
2239 3013 2431 3076 quam
2462 2995 2539 3057 ad
2568 2995 3062 3057 destructionem
3089 2991 3241 3056 fidei
3268 3011 3495 3074 propo-

1921 3099 1965 3162 G
1996 3094 2277 3156 nendum
2309 3100 2416 3154 aut
2447 3093 2941 3174 provocandum.
2977 3092 3111 3154 Non
3154 3091 3327 3153 enim
3363 3110 3491 3154 me-

1995 3212 2213 3254 remur
2242 3191 2439 3254 fidem
2470 3210 2547 3253 ex
2581 3191 2929 3265 intellectu,
2949 3191 3059 3252 sed
3092 3190 3485 3253 intellectum

1993 3311 2070 3354 ex
2103 3290 2256 3364 fide,
2282 3290 2820 3373 quemadmodum
2852 3289 3161 3372 scriptum
3194 3296 3289 3350 est
3313 3288 3485 3351 :Nisi

1993 3389 2413 3463 credideritiS,
2448 3407 2572 3451 non
2605 3387 3009 3468 intelligetis3
3041 3388 3193 3469 quia
3221 3394 3291 3448 ut
3318 3387 3486 3450 arbi-

1995 3495 2143 3562 tror,
2179 3489 2367 3569 plene
2399 3487 2853 3569 comprehendi
2894 3504 3019 3549 non
3061 3493 3268 3568 potest
3304 3487 3487 3550 ratio-

1993 3606 2072 3649 ne
2102 3587 2382 3648 humana
2421 3585 2695 3669 qualiter
2731 3586 2897 3647 Deus
2936 3585 3151 3648 omnia
3188 3593 3487 3667 operetur

1994 3685 2059 3748 in
2091 3685 2301 3758 nobiS,
2336 3693 2397 3746 et
2439 3684 2641 3746 nihilo
2682 3684 2896 3745 minus
2935 3690 3137 3745 totum
3168 3682 3485 3745 adscriba-

1994 3792 2096 3845 tur
2136 3783 2337 3846 libero
2380 3783 2664 3856 arbitri0,
2699 3801 2897 3864 quum
2938 3781 3244 3843 Dominus
3285 3781 3485 3863 loqui-

3540 3302 3606 3346 Ῑε.
3628 3317 3697 3353 vu,
3714 3306 3754 3345 9.

1993 3891 2096 3944 tur
2139 3903 2152 3946 :
2198 3883 2259 3945 Si
2308 3881 2657 3955 volueritiS,
2700 3889 2762 3943 et
2803 3880 3133 3942 audieritis
3178 3899 3300 3955 me,
3342 3899 3483 3962 quae
3527 3898 3780 3951 ιὸειι.ι,ι9.

1993 3981 2159 4042 bona
2201 3987 2348 4042 sunt
2391 3987 2573 4041 terrae
2618 3978 2981 4040 comedetis.

2075 4079 2204 4140 Hoc
2238 4077 2384 4140 cibo
2415 4095 2529 4139 nos
2570 4075 2981 4138 confirmatos
3011 4075 3076 4137 B.
3114 4076 3481 4140 Chaeremon

1994 4175 2148 4238 fecit
2188 4195 2318 4239 non
2357 4175 2591 4238 sentire
2631 4173 2911 4236 laborem
2952 4174 3109 4236 tanti
3151 4173 3415 4237 itineris.
