4359 6267
155 2899 247 2941 Prot.
261 2915 350 2947 uxi.

157 2964 172 2986 δ

92 3299 94 3310 ·
177 3285 255 3328 ltid.
271 3301 350 3336 nu.

159 3351 203 3388 21¹.
219 3351 312 3401 juxta

92 4283 95 4316 :
167 4257 339 4310 aazias

177 3685 283 3730 fialae.
307 3703 352 3740 tv,

1031 540 1446 587 COLLATloNUM
1491 541 1575 586 SS.
1610 539 1852 586 PATRUM
1893 539 2068 584 Lmen
2109 540 2171 584 11.
2212 557 2291 566 -·
2331 539 2617 586 COLLA'rlo
2657 539 2763 584 XIV

3325 518 3447 584 305

373 710 644 792 quamvis
693 709 887 774 abbas
929 712 1197 774 Joannes
1246 729 1394 774 eum
1445 728 1695 772 summa
1740 710 1846 771 ad·
1872 709 1924 772 A
1953 708 2030 771 ad
2078 711 2226 772 vitae
2270 710 2779 772 emendationem
2836 709 3445 791 instructionemque

373 809 686 872 miratione
730 818 1033 884 narraret,
1075 811 1324 873 nullum
1374 819 1584 873 tamen
1633 827 1844 872 mona-

373 908 613 970 chorum
653 908 940 971 hortatus
977 917 1075 972 est
1114 917 1182 971 ut
1221 910 1344 972 tale
1383 909 1538 992 quid
1579 916 1840 971 attenta-

372 1015 474 1078 ret,
505 1008 706 1068 sciens
745 1008 916 1090 quod
961 1008 1161 1070 multa
1196 1008 1276 1070 ab
1315 1007 1639 1090 aliquibus
1678 1006 1840 1069 bene

371 1113 549 1188 gesta,
599 1106 836 1170 fuerint
881 1107 1026 1170 aliis
1072 1127 1146 1170 ea
1198 1108 1431 1171 imitari
1481 1107 1841 1171 volentibus

371 1205 598 1268 occasio
647 1225 888 1286 magnae
937 1207 1158 1277 ruinae,
1201 1225 1320 1269 nec
1357 1224 1544 1288 posse
1585 1206 1665 1268 ab
1708 1223 1841 1268 om-

374 1304 548 1366 nibus
595 1305 884 1386 usurpari
929 1324 1070 1386 quae
1117 1304 1440 1387 aliquibus
1489 1305 1842 1368 concedun-

375 1411 470 1464 tur
505 1422 540 1464 a
579 1405 704 1465 Deo
748 1422 1010 1465 munere
1053 1404 1334 1486 speciali.

666 1658 1242 1723 CAPITULUM
1311 1658 1520 1721 VIII.

719 1800 803 1854 De
828 1798 1157 1870 spirituali
1185 1775 1462 1854 scientia.

487 1996 580 2058 En
622 2003 1014 2060 revertamur
1053 1997 1134 2060 ad
1180 1997 1670 2059 declarationem
1722 1997 1841 2059 sci-

513 2091 694 2154 entiae
746 2092 824 2153 de
877 2110 1004 2173 qua
1059 2099 1388 2174 sumptum
1449 2099 1546 2153 est
1603 2090 1842 2153 collati-

370 2192 498 2254 onis
551 2191 740 2272 hujus
799 2190 1151 2252 exordium.
1205 2191 1442 2272 ltaque,
1495 2190 1661 2252 sicut
1708 2190 1840 2271 jam

371 2291 649 2364 diximuS‚
696 2289 977 2372 practica
1015 2297 1306 2351 versatur
1347 2289 1516 2351 circa
1563 2289 1842 2350 diversas

372 2388 774 2470 professiones
821 2407 896 2450 ae
939 2387 1197 2466 studia3
1249 2387 1530 2451 theorica
1576 2405 1727 2450 vero
1777 2386 1840 2449 in

370 2488 508 2549 duas
555 2486 863 2549 dividitur
912 2494 1142 2568 parteS,
1193 2495 1344 2569 puta
1392 2486 1458 2548 in
1508 2486 1844 2568 expositio-

373 2605 503 2647 nem
532 2603 642 2647 seu
673 2603 934 2647 sensum
967 2584 1364 2658 historicum,
1398 2591 1461 2646 et
1491 2584 1845 2666 intelligen-

371 2684 506 2745 tiam
535 2684 953 2766 spiritualem.
990 2683 1165 2745 Unde
1205 2691 1266 2745 et
1308 2683 1601 2746 Salomon
1642 2703 1840 2764 quum

371 2789 782 2844 enumerasset
835 2781 1260 2863 multiplicem
1311 2781 1608 2844 Ecclesiae
1653 2782 1842 2862 grati-

372 2899 482 2954 am,
511 2881 752 2943 addidit
785 2899 800 2942 :
836 2879 1069 2943 Omnes
1109 2879 1280 2943 enim
1326 2880 1658 2942 domestici
1703 2881 1842 2960 ejus

375 2980 566 3041 vestiti
613 2988 762 3042 sunt
819 2979 1206 3061 duplicibus
1252 2980 1440 3041 Porro
1491 2979 1842 3060 spiritualis

373 3079 632 3142 scientiae
682 3078 804 3140 tria
851 3086 1001 3141 sunt
1041 3095 1273 3159 genera
1317 3095 1330 3140 :

374 3176 538 3258 logia,
569 3177 892 3259 allegoria,
933 3184 996 3238 et
1035 3194 1330 3258 anagoge.
1367 3177 1454 3238 De
1501 3176 1736 3258 quibus
1777 3176 1843 3238 in

373 3275 705 3338 Proverbiis
763 3276 1000 3337 dieitur
1050 3293 1064 3336 ε
1117 3275 1279 3336 Ecce
1336 3275 1642 3357 descripsi
1703 3294 1841 3337 eam

375 3374 478 3436 tibi
533 3374 872 3457 tripliciter
927 3393 1120 3456 super
1177 3373 1577 3436 latitudinem
1637 3375 1846 3436 cordis

377 3472 474 3535 tui.
514 3475 607 3536 Ad
663 3473 994 3536 historiam
1047 3481 1258 3535 autem
1311 3473 1584 3555 pertinet
1633 3472 1844 3553 cogni-

375 3571 454 3634 tio
485 3557 946 3654 praeteritarum
989 3589 1062 3633 ac
1105 3570 1460 3632 visibilium
1507 3589 1743 3646 rerum,
1779 3579 1847 3633 ut

375 3690 552 3750 quum
599 3671 690 3732 ait
737 3669 1075 3752 Apostolus
1121 3687 1134 3731 :
1178 3668 1498 3751 Scriptum
1548 3677 1664 3742 est,
1698 3669 1847 3751 quia

375 3767 666 3830 Abraham
709 3769 868 3831 duos
909 3766 1080 3829 filios
1120 3767 1365 3841 habuit,
1401 3787 1600 3830 unum
1632 3768 1710 3830 de
1739 3787 1845 3829 an-

376 3866 525 3943 cilla,
555 3876 614 3930 et
662 3867 933 3930 alterum
973 3867 1051 3928 de
1091 3865 1308 3928 libera.
1346 3867 1435 3929 Ad
1483 3867 1846 3948 allegoriam

375 3966 670 4045 pertinent
711 3985 852 4047 quae
891 3973 1266 4047 sequuntur,
1300 3965 1536 4048 quibus
1567 3965 1849 4028 affirmat

377 4062 470 4124 illa
505 4084 640 4145 quae
681 4063 1094 4125 historialiter
1135 4063 1300 4124 facta
1341 4072 1509 4138 sunt,
1555 4063 1848 4145 pra-figu-

375 4179 525 4225 rasse
574 4162 841 4226 formam
891 4161 1150 4225 alterius
1203 4163 1602 4237 sacramenti,
1634 4162 1848 4224 dicen-

375 4359 610 4439 quidem
643 4359 708 4421 in
745 4365 958 4422 monte
989 4359 1139 4422 Sina
1171 4359 1235 4421 in
1267 4359 1638 4421 servitutem
1669 4379 1850 4440 gene-

375 4475 522 4531 rans,
552 4478 692 4540 quae
735 4465 832 4520 est
872 4459 1072 4538 Agar;
1118 4457 1268 4521 Sina
1308 4458 1482 4520 enim
1527 4476 1708 4520 mons
1751 4466 1849 4520 est

377 4555 432 4616 in
467 4557 708 4630 Arabia,
751 4563 870 4618 ete.
904 4557 1199 4637 Anagoge
1243 4575 1393 4620 vero
1436 4557 1513 4619 de
1552 4556 1846 4638 spiritua-

378 4653 527 4718 libus
565 4656 884 4739 mysteriis
922 4655 1209 4718 ascendit
1251 4657 1329 4718 ad
1369 4655 1744 4718 sublimiora
1783 4664 1847 4719 et

377 4755 690 4818 sacrati0ra
727 4762 992 4829 secreta,
1025 4754 1192 4816 sicut
1230 4774 1429 4836 quum
1467 4754 1555 4816 ait
1586 4755 1847 4836 Aposto-

251 4861 298 4905 Ξ,
345 4849 462 4914 .lus
493 4870 505 4915 :
537 4853 680 4927 Quae
723 4872 978 4916 sursum
1021 4860 1117 4915 est
1165 4853 1531 4926 Jerusalem,
1565 4873 1707 4935 quae
1751 4861 1846 4916 est

289 4991 298 5006 .
333 4991 342 5002 -
381 4957 556 5014 mater
582 4959 837 5031 nostra;
869 4951 1182 5035 scriptum
1219 4959 1312 5014 est
1353 4951 1549 5024 enim,
1583 4951 1840 5027 Laetare,

378 5049 608 5125 steriliS,
641 5069 783 5132 quae
823 5068 948 5113 non
990 5050 1182 5132 paris,
1213 5069 1478 5132 erumpe
1517 5057 1580 5111 et
1618 5051 1842 5126 clama,

378 5163 502 5225 quae
529 5167 649 5211 non
695 5147 993 5230 parturis,
1027 5147 1328 5228 quoniam
1369 5148 1553 5210 multi
1586 5148 1708 5210 filii
1740 5150 1846 5212 de-

379 5251 560 5321 sertae,
592 5247 790 5329 magis
821 5265 1016 5328 quam
1047 5245 1188 5327 ejus
1218 5265 1359 5328 quae
1389 5246 1580 5309 habet
1609 5247 1838 5310 virum.

379 5339 722 5428 Tropologia
751 5353 846 5410 est
876 5345 1131 5409 moralis
1163 5345 1496 5428 expositio,
1519 5345 1844 5429 pertinens

1951 809 2290 884 actualem,
2336 817 2407 870 ut
2454 809 2507 872 si
2556 828 2670 892 per
2716 811 2849 872 haec
2900 809 3025 872 duo
3073 815 3447 870 testamenta

1954 906 2385 989 intelligamus
2448 909 2779 971 scientiam
2847 906 3191 989 practicam
3258 915 3447 989 atque

1956 1006 2302 1069 theoricam
2330 1025 2347 1086 3
2379 1008 2478 1070 vel
2512 1016 2681 1071 certe
2719 1009 2770 1070 si
2814 1027 2927 1089 per
2954 1007 3298 1070 Jerusalem
3338 1013 3447 1068 aut

1954 1104 2104 1167 Sion
2145 1106 2576 1188 intelligamus
2617 1106 2895 1169 hominis
2934 1105 3235 1178 animam,
3266 1104 3448 1184 juxta

1953 1202 2110 1266 illud
2149 1223 2162 1266 ε
2199 1204 2431 1278 Lauda,
2451 1204 2821 1279 Jerusalem,
2854 1204 3228 1283 Dominum;
3262 1203 3448 1265 lauda
3496 1217 3740 1270 Paean..

1952 1303 2152 1364 Deum
2184 1311 2382 1374 tuum,
2411 1304 2577 1366 Sion.
2605 1304 2835 1385 Sicque
2867 1303 3148 1385 praedicti
3177 1310 3449 1385 quatuor
3478 1283 3543 1323 ¹²·

1951 1419 2175 1462 sensus
2207 1401 2477 1483 intelligi
2510 1409 2776 1482 possunt
2804 1421 2918 1483 per
2944 1401 3134 1474 idem,
3154 1399 3247 1462 sic
3277 1400 3447 1480 quod

1952 1519 2078 1561 una
2133 1501 2482 1582 eademque
2538 1499 2881 1562 Jerusalem
2947 1499 3450 1582 quadrupliciter

1952 1605 2158 1680 potest
2210 1598 2478 1680 intelligi
2524 1617 2537 1661 :
2588 1606 2804 1680 utpote
2856 1598 3207 1660 secundum
3260 1597 3451 1660 histo-

1952 1696 2134 1770 riam,
2161 1697 2383 1759 civitas
2412 1699 2807 1776 Judaeorum3
2841 1697 3193 1759 secundum
3224 1695 3451 1777 allego-

1954 1795 2136 1870 riam,
2181 1795 2463 1858 Ecclesia
2508 1796 2779 1874 Christi3
2828 1795 3181 1857 secundum
3223 1812 3448 1875 anago-

1877 1889 1924 1952 B
1953 1912 2096 1975 gen,
2150 1894 2427 1956 coelestis
2477 1894 2585 1956 illa
2636 1895 2861 1956 civitas
2910 1913 3051 1975 quae
3102 1901 3199 1956 est
3247 1901 3452 1955 mater

1953 1993 2244 2055 omnium
2276 2000 2597 2070 nostrum3
2620 1993 2974 2054 secundum
3006 1992 3445 2074 tropologiam,

1951 2091 2165 2154 anima
2214 2092 2513 2165 hominiS,
2555 2111 2696 2172 quae
2747 2090 3113 2172 frequenter
3160 2090 3280 2152 sub
3329 2091 3450 2153 hoc

1953 2191 2213 2252 nomine
2246 2191 2537 2252 laudatur
2564 2199 2672 2253 aut
2705 2190 3068 2271 increpatur
3096 2209 3131 2251 a
3163 2189 3441 2252 Domino.

2033 2290 2318 2371 Denique
2350 2289 2428 2350 de
2458 2290 2559 2350 his
2590 2295 2860 2370 quatuor
2887 2288 3230 2370 generibus
3259 2306 3448 2371 expo-

1953 2387 2258 2450 sitionum
2298 2387 2387 2449 ait
2414 2387 2752 2470 Apostolus
2787 2405 2801 2449 τ
2836 2387 3017 2449 Nunc
3055 2393 3291 2462 autem,
3324 2387 3445 2449 fra·
3501 2405 3739 2456 ianm,

1953 2495 2100 2560 tres,
2119 2487 2172 2547 si
2205 2503 2437 2548 venero
2468 2486 2544 2547 ad
2571 2504 2683 2548 vos
2715 2485 2949 2567 linguis
2980 2484 3267 2567 loquenS,
3291 2485 3446 2566 quid
3476 2473 3516 2512 ⁶·

1954 2583 2134 2647 vobis
2196 2584 2485 2664 proder0‚
2540 2582 2660 2645 nisi
2710 2582 2893 2645 vobis
2946 2583 3168 2664 loquar
3212 2591 3321 2644 aut
3380 2583 3443 2644 in

1954 2683 2359 2756 revelatione,
2410 2691 2519 2745 aut
2574 2683 2638 2744 in
2689 2682 2976 2756 scientia,
3028 2688 3133 2743 aut
3194 2681 3258 2743 in
3309 2700 3450 2764 pro-

1953 2783 2191 2864 phetia,
2242 2789 2347 2842 aut
2409 2781 2474 2843 in
2527 2782 2858 2844 doctrina?
2907 2782 3225 2845 Revelatio
3274 2782 3447 2844 enim

1954 2886 2194 2961 spectat
2227 2879 2303 2941 ad
2341 2879 2729 2960 allegoriam,
2766 2899 2879 2961 per
2917 2899 3107 2962 quam
3148 2879 3449 2942 historica

1953 2978 2229 3039 narratio
2259 2985 2573 3040 reseratur
2603 2977 2918 3059 spirituali
2950 2977 3345 3057 expositione
3374 2997 3447 3039 ac

1379 3084 1596 3159 utpote
1640 3085 1844 3160 tropo·
1880 3076 1923 3141 C
1954 3094 2182 3154 sensu3
2235 3084 2305 3138 ut
2352 3076 2403 3138 si
2448 3076 2627 3139 verbi
2674 3077 2894 3158 gratia,
2948 3076 3210 3160 mystice
3262 3077 3450 3138 inter-

1957 3175 2190 3256 pretari
2222 3193 2527 3237 conemur
2556 3175 2725 3256 quod
2755 3175 2843 3237 ait
2873 3175 3208 3258 Apostolus
3244 3193 3257 3236 :
3291 3176 3450 3249 Quo·
3478 3191 3738 3239 midan-4.

1956 3274 2127 3336 niam
2171 3281 2382 3356 patres
2428 3273 2623 3336 nostri
2668 3292 2890 3336 omnes
2932 3274 3053 3336 sub
3102 3274 3271 3336 nube
3318 3273 3449 3336 fue-

1957 3383 2126 3448 runt,
2159 3382 2220 3436 et
2252 3392 2473 3436 omnes
2506 3375 2572 3436 in
2602 3375 2809 3456 Moyse
2840 3373 3135 3456 baptizati
3179 3383 3348 3448 sunt,
3382 3375 3446 3437 in

1956 3472 2127 3534 nube
2157 3481 2219 3534 et
2252 3473 2315 3535 in
2350 3473 2530 3547 mari,
2565 3481 2625 3536 et
2657 3492 2878 3536 omnes
2918 3475 3206 3536 eamdem
3238 3493 3448 3536 escam

1957 3571 2353 3653 spiritualem
2388 3573 3017 3645 manducaverunt,et
3046 3591 3260 3635 omnes
3291 3591 3456 3634 eum-

1956 3671 2100 3733 dem
2140 3678 2360 3752 potum
2407 3670 2805 3752 spiritualem
2846 3670 3144 3734 biberunt
3186 3673 3263 3734 de
3309 3690 3454 3734 con-

1957 3768 2247 3850 sequenti
2280 3785 2387 3830 eos
2420 3775 2597 3850 petra
2616 3786 2632 3846 ;
2666 3777 2844 3851 petra
2873 3778 3083 3832 autem
3116 3778 3249 3832 erat
3281 3771 3454 3834 Chri-

1957 3873 2110 3928 stus.
2146 3867 2294 3940 Quae
2337 3866 2553 3928 omnia
2593 3866 2930 3948 allegorice
2975 3867 3337 3930 referuntur
3372 3870 3451 3931 ad

1958 3965 2280 4028 Christum
2311 3973 2374 4027 et
2403 3966 2481 4027 ad
2512 3965 2653 4046 ejus
2683 3966 3101 4048 Baptismum,
3126 3974 3187 4028 et
3220 3985 3451 4048 corpus

1957 4072 2016 4125 et
2059 4065 2433 4146 sanguinem
2466 4083 2607 4146 quae
2639 4065 2922 4145 quotidie
2957 4065 3289 4126 sumimus,
3326 4066 3455 4127 Sci-

1957 4164 2128 4225 entia
2175 4181 2428 4244 quoque
2478 4163 2558 4225 ab
2606 4163 2905 4244 Apostolo
2964 4163 3306 4237 nominata,
3356 4172 3451 4227 est

343 4259 444 4321 -do
465 4279 478 4322 :
500 4261 635 4324 Haec
665 4261 840 4323 enim
873 4269 1021 4322 sunt
1061 4261 1186 4322 duo
1219 4268 1612 4334 testamenta,
1647 4281 1844 4324 unum
1879 4263 1928 4324 D
1959 4260 2327 4342 tropologia,
2353 4281 2478 4343 qua
2507 4262 2804 4343 prudenti
2835 4262 3297 4324 examinatione
3329 4262 3453 4324 dis-

1957 4361 2278 4422 cernimus
2334 4360 2629 4423 universa
2675 4379 2816 4442 quae
2868 4361 2947 4423 ad
3000 4361 3447 4424 discretionem

1958 4459 2278 4540 pertinent
2318 4459 2652 4531 actualem,
2688 4466 2902 4521 utrum
2952 4459 3078 4522 sint
3121 4459 3304 4523 utilia
3346 4461 3447 4524 vel

1955 4556 2251 4618 honesta:
2275 4563 2341 4616 ut
2372 4575 2571 4636 quum
2600 4556 2784 4636 jubet
2812 4558 3151 4639 Apostolus
3182 4567 3251 4620 ut
3277 4561 3445 4642 apud

1955 4673 2069 4718 nos
2109 4653 2278 4737 ipsos
2316 4654 2701 4734 judicemus,
2732 4675 2812 4717 an
2854 4656 3071 4719 deceat
3110 4658 3443 4722 mulierem
3475 4681 3737 4730 asumma.

1954 4753 2160 4836 capite
2198 4771 2324 4816 non
2366 4753 2574 4816 velato
2614 4772 2792 4817 orare
2836 4756 3073 4835 Deum3
3106 4777 3245 4838 quae
3288 4761 3447 4821 ratio

1955 4853 2259 4916 moralem
2292 4851 2576 4915 continet
2608 4852 3117 4934 intelligentiam,
3150 4859 3448 4938 quemad-

1955 4953 2213 5014 modum
2283 4951 2521 5014 dictum
2594 4959 2707 5013 est.
2772 4951 3105 5033 Prophetia
3169 4972 3443 5036 quoque,

1952 5069 2143 5133 quam
2175 5050 2365 5112 tertio
2393 5049 2531 5112 loco
2562 5049 2911 5112 nominavit
2936 5049 3449 5132 Apostolus,ana-

1951 5167 2152 5231 gogen
2186 5149 2493 5229 designat,
2528 5168 2643 5229 per
2669 5167 2860 5230 quam
2900 5166 3109 5212 sermo
3149 5150 3447 5212 transfer-

1955 5256 2057 5308 tur
2097 5247 2173 5308 ad
2221 5245 2571 5309 invisibilia
2612 5254 2676 5308 et
2718 5245 2951 5320 futura,
2988 5257 3056 5310 ut
3098 5257 3190 5310 est
3232 5248 3389 5310 illud
3426 5267 3440 5311 :
3486 5300 3720 5345 tramu-

1953 5345 2265 5410 Nolumus
2308 5351 2521 5408 autem
2566 5363 2677 5409 vos
2724 5345 3032 5428 ignorare,
3076 5345 3323 5423 frat-reS,
3367 5348 3443 5411 de
3476 5335 3674 5416 1³‚14.'
3726 5333 3738 5356 ’
