4359 6267
599 1864 614 1904 ¹

619 1601 700 1644 Pa.
721 1613 859 1651 cxviii,

623 1667 662 1706 3.

619 1796 702 1840 Job
722 1810 764 1848 x,
789 1799 854 1848 to,

625 1864 662 1902 l.

621 2097 718 2142 Jer.
739 2110 767 2149 ι,
794 2099 834 2138 5.

622 2681 776 2725 Eccle.
788 2693 859 2730 ιιι,

597 2747 639 2787 7.

627 3869 737 3915 Gen.
757 3883 801 3922 u,
817 3873 857 3913 7.

887 515 1007 580 240

1578 533 1994 580 COLLATIONUM
2036 535 2121 580 SS.
2156 533 2400 578 Panum
2439 532 2615 578 LIBER
2658 535 2696 579 1.
2742 551 2823 562 ·-·
2866 533 3152 580 GOLLATIO
3192 533 3302 580 VIII

886 709 1155 768 vemus'l
1185 707 1345 780 Quid
1384 705 1502 766 hac
1533 704 1845 766 divisione
1877 703 2108 765 clarius
2148 702 2378 785 poterit
2406 702 2459 765 A
2490 721 2635 764 nem
2667 702 2954 776 nubium,
2986 702 3218 766 similis
3248 719 3357 765 ero
3383 703 3746 782 Altissim03
3776 703 3989 767 factus

2490 809 2585 864 est
2624 801 2893 863 mendax
2938 810 3001 864 et
3046 802 3111 863 in
3154 801 3419 865 veritate
3461 819 3587 864 non
3634 802 3830 877 stetit,
3872 803 3985 865 sed
4014 819 4270 870 Jmmm,
4305 833 4307 870 :

884 801 1240 866 affirmari?
1271 804 1425 867 Nam
1467 803 1759 865 homines
1798 801 1958 863 dixit
1993 820 2132 863 esse
2168 808 2377 883 patres

885 909 1114 964 nostrae
1172 903 1402 975 carniS,
1464 908 1526 963 et
1581 900 1788 964 solum
1848 901 2049 963 Deum
2106 899 2379 962 asseruit

885 1007 1247 1063 constanter
1284 1008 1526 1083 patrem
1567 999 1965 1078 animarum3
2010 1017 2375 1081 quanquam

883 1105 946 1158 et
974 1098 1042 1159 in
1075 1098 1213 1180 ipsa
1249 1097 1628 1161 formatione
1659 1098 1868 1160 carnis
1906 1104 2137 1160 nostrae
2168 1097 2375 1159 solum

885 1195 1336 1272 ministerium,
1371 1195 1434 1259 id
1463 1203 1558 1259 est
1587 1195 2021 1258 ministerialis
2050 1203 2114 1257 et
2143 1196 2374 1257 instru-

887 1293 1182 1356 mentalis
1247 1294 1578 1356 causalitas
1640 1294 1722 1356 sit
1785 1292 2203 1356 adscribenda
2264 1293 2377 1356 ho-

889 1392 1193 1467 minibus,
1245 1393 1618 1475 principalis
1673 1401 1886 1454 autem
1939 1392 2218 1455 conditio
2265 1411 2377 1454 seu

887 1490 1241 1554 efficientia
1269 1493 1398 1556 Deo
1427 1492 1716 1554 omnium
1755 1492 2044 1566 creatori,
2078 1492 2378 1573 quemad-

890 1591 1150 1654 modum
1193 1591 1390 1653 David
1430 1597 1695 1653 testatur
1735 1607 1748 1652 ε
1790 1590 2006 1652 Manus
2048 1596 2169 1653 tuae
2219 1590 2381 1652 fece-

889 1696 1037 1750 runt
1095 1707 1218 1764 me,
1275 1695 1438 1768 etc.;
1493 1697 1556 1752 et
1613 1697 1870 1752 sanctus
1923 1688 2039 1752 Job
2099 1689 2381 1771 loquitur

888 1788 1016 1850 Deo
1049 1807 1063 1850 :
1098 1786 1316 1851 Nonne
1355 1789 1521 1850 sicut
1559 1788 1654 1850 lac
1695 1787 1970 1850 mulsisti
2009 1807 2133 1861 me,
2166 1793 2231 1849 et
2260 1787 2378 1849 sic-

2490 900 2566 961 de
2599 901 2856 982 proprio
2894 901 3195 982 nequitiae
3234 920 3365 964 suae
3392 900 3690 963 thesauro
3728 902 3986 963 menda-

2490 1000 2661 1061 cium
2712 998 3063 1081 proferenS,
3105 1018 3233 1063 non
3282 999 3488 1062 solum
3532 1001 3825 1075 mendax,
3870 1001 3983 1063 sed

2487 1098 2681 1160 etiam
2742 1098 2943 1180 ipsius
3002 1098 3315 1160 mendacii
3374 1097 3578 1160 factus
3626 1106 3721 1160 est
3778 1107 3979 1181 pater,

2489 1213 2617 1278 quo
2663 1196 2909 1259 homini
2956 1196 3255 1258 deitatem
3314 1196 3713 1278 promittenS,
3762 1197 3980 1260 dicen—

2488 1295 2569 1358 do
2602 1314 2616 1358 ε
2652 1295 2843 1356 Eritis
2872 1295 3039 1358 sicut
3066 1295 3192 1374 dii;
3231 1295 3297 1356 in
3328 1296 3591 1357 veritate
3621 1314 3749 1359 non
3778 1297 3976 1372 stetit,

2488 1394 2598 1456 sed
2640 1393 2722 1455 ab
2765 1393 2948 1456 initio
2984 1393 3201 1456 ,factus
3242 1403 3339 1456 est
3380 1395 3721 1469 homicida,
3764 1396 3977 1476 ipsum

2485 1492 2685 1555 Adam
2714 1493 2792 1555 ad
2822 1499 3055 1555 statum
3087 1492 3488 1556 mortalitatis
3517 1494 3895 1575 perducens,
3919 1503 3983 1556 et

2484 1589 2731 1672 justum
2770 1589 2927 1653 Abel
2968 1610 3081 1653 sua
3122 1591 3529 1673 instigatione
3566 1611 3681 1673 per
3720 1611 3983 1654 manum

2490 1689 2641 1753 Cain
2686 1690 3001 1753 occidens.

2570 1789 2692 1851 Sed
2746 1789 2877 1870 jam
2935 1788 3330 1871 subsequens
3388 1806 3614 1851 aurora
3660 1790 3987 1853 concludit

889 1895 960 1946 ut
999 1905 1254 1948 caseum
1289 1905 1390 1949 me
1430 1886 1813 1967 coagulasti?
1844 1886 2104 1949 Ossibus
2143 1895 2207 1948 et
2241 1905 2379 1948 ner·
2415 1886 2463 1949 B
2490 1888 2984 1969 disputationem
3018 1886 3547 1969 collationemque
3578 1897 3855 1950 nostram
3882 1890 3991 1951 du-

889 1983 1008 2058 viS,
1050 1991 1168 2046 etc.
1213 1985 1519 2047 Dominus
1566 2003 1820 2067 quoque
1867 1985 1954 2046 ait
1998 1986 2078 2047 ad
2123 1985 2381 2047 Jeremi-

889 2101 991 2144 am
1044 2102 1058 2146 :
1108 2083 1479 2164 Priusquam
1539 2092 1600 2145 te
1649 2083 1990 2146 formarem
2051 2083 2116 2145 in
2175 2091 2377 2158 uter0,

889 2180 1038 2243 novi
1081 2187 1162 2242 te.
1209 2181 1617 2244 Ecclesiastes
1658 2199 1810 2244 vero
1856 2182 2008 2244 satis
2055 2182 2384 2245 evidenter

889 2295 962 2338 ac
994 2278 1250 2360 proprie
1282 2280 1564 2361 pandens
1595 2287 1885 2342 naturam
1919 2279 2124 2341 carnis
2156 2287 2219 2341 et
2248 2279 2381 2342 ani-

891 2395 1011 2439 mae
1057 2377 1557 2457 perscrutatione
1607 2385 1782 2440 ortus
1832 2377 2263 2460 principiique
2306 2397 2383 2440 ex

891 2492 1017 2554 quo
1061 2483 1527 2556 processerunt,
1570 2483 1634 2536 et
1677 2476 2180 2538 consideratione
2229 2474 2382 2538 finis

889 2573 968 2634 ad
997 2591 1190 2654 quem
1221 2572 1510 2648 tendunt,
1537 2581 1599 2636 et
1629 2575 1705 2636 de
1736 2575 2130 2656 separatione
2161 2592 2381 2637 eorum

888 2669 969 2732 ab
1017 2670 1294 2732 invicem
1343 2672 1694 2753 disputanS,
1746 2672 1905 2735 dixit
1949 2691 1962 2736 ε
2009 2672 2381 2754 Priusquam

891 2777 1295 2832 convertatur
1334 2771 1546 2853 pulvis
1577 2771 1642 2833 in
1672 2779 1906 2834 terram
1946 2771 2112 2834 sicut
2141 2770 2286 2845 fuit,
2320 2780 2383 2834 et

889 2868 1154 2950 spiritus
1183 2877 1535 2932 revertatur
1564 2870 1642 2933 ad
1674 2870 2038 2945 Dominum,
2067 2871 2178 2953 qui
2210 2869 2383 2933 dedit

888 2968 1092 3031 illum.
1137 2967 1296 3041 Quid
1345 2969 1625 3050 apertius
1674 2969 1884 3031 dicere
1934 2970 2140 3051 potuit
2188 2988 2379 3051 quam

2490 2005 2673 2048 arum
2709 1984 2841 2047 fere
2873 1986 3158 2047 noctium
3200 1986 3404 2067 spatio
3433 1987 3891 2060 continuatam,
3924 1995 3989 2050 et

2492 2086 2569 2147 de
2611 2083 3111 2166 profundissimo
3147 2084 3569 2165 quaestionum
3622 2085 3845 2166 pelago
3882 2105 3989 2147 ru-

2493 2182 2833 2245 sticitatem
2872 2189 3151 2244 nostram
3192 2183 3446 2244 attraxit
3477 2183 3555 2244 ad
3588 2183 3989 2246 tutissimum

2494 2281 2730 2343 silentii
2782 2289 3053 2362 portum.
3098 2281 3167 2341 ln
3212 2299 3338 2363 quo
3382 2281 3700 2363 profundo
3748 2290 3992 2364 quanto

2493 2380 2685 2443 flatus
2726 2378 2998 2460 Spiritus
3038 2379 3247 2440 Sancti
3287 2397 3401 2442 nos
3442 2379 3793 2442 introduxit
3835 2381 3994 2444 inte-

2493 2479 2649 2552 rius,
2683 2485 2857 2539 tanto
2889 2477 3033 2560 plus
3073 2496 3326 2560 semper
3358 2479 3763 2560 aperiebatur
3793 2479 3991 2542 diffu-

2494 2579 2622 2641 sior
2651 2577 2939 2659 quaedam
2982 2576 3377 2639 immensitas
3417 2577 3617 2639 aciem
3652 2578 3991 2641 oculorum

2496 2676 2880 2759 praecedens,
2931 2695 3005 2738 ac
3049 2677 3231 2755 juxta
3278 2676 3631 2739 Salomonis
3679 2679 3992 2740 seutenti-

2494 2794 2595 2838 am
2650 2794 2664 2837 :
2716 2774 2992 2855 Longius
3051 2774 3165 2835 fiet
3213 2794 3248 2836 a
3298 2774 3484 2837 nobis
3542 2775 3745 2856 magis
3792 2795 3989 2857 quam

2492 2880 2647 2948 erat,
2680 2880 2743 2934 et
2770 2879 2865 2934 est
2899 2872 3025 2934 alta
3065 2872 3485 2954 profunditaS,
3518 2875 3661 2954 quis
3705 2873 3991 2936 inveniet

2491 2974 2677 3033 eam?
2715 2970 3138 3044 Quamobrem
3182 2969 3522 3032 Dominum
3566 2971 3995 3052 deprecemur

890 3074 960 3129 ut
1008 3085 1263 3128 carnem
1323 3067 1763 3149 pronuntiaret
1812 3085 2259 3130 conversuram
2316 3068 2379 3129 in
2418 3068 2459 3130 C
2492 3077 2561 3132 ut
2607 3070 2799 3132 timor
2846 3069 2987 3150 ejus
3025 3077 3088 3132 et
3128 3068 3376 3144 caritaS,
3418 3089 3561 3151 quae
3608 3071 3835 3132 cadere
3884 3091 3994 3134 ne-

886 3168 1176 3228 terram?
1226 3165 1422 3238 Quam
1473 3183 1730 3228 carnem
1789 3166 2048 3228 nomine
2097 3166 2381 3248 pulveris

887 3262 1264 3343 designavit,
1318 3263 1470 3344 quia
1521 3264 1598 3325 de
1651 3264 1895 3326 semine
1947 3264 2228 3326 hominis
2281 3285 2384 3326 su·-

891 3361 1007 3422 mit
1067 3360 1419 3435 exordium,
1473 3368 1535 3424 et
1587 3362 1728 3443 ejus
1788 3363 2142 3425 ministerio
2196 3365 2382 3426 semi-

892 3467 1097 3522 natur.
1152 3459 1459 3542 Spiritum
1510 3479 1660 3524 vero
1714 3463 1985 3524 assernit
2036 3463 2385 3526 rediturum

894 3559 973 3620 ad
1030 3559 1227 3621 Deum
1287 3579 1474 3621 suum
1522 3567 1845 3623 auctorem
1894 3578 1907 3623 :
1955 3562 2065 3643 qui
2121 3563 2385 3644 spiritus

896 3675 1024 3720 non
1071 3665 1406 3738 generatur
1457 3677 1570 3740 per
1611 3658 1944 3742 utriusque
1989 3679 2175 3722 sexus
2220 3679 2387 3724 com-

900 3755 1295 3830 mixtionem,
1340 3757 1449 3818 sed
1487 3775 1525 3818 a
1565 3757 1692 3819 Deo
1732 3758 2138 3838 peculiariter
2179 3760 2383 3822 datur.

898 3854 1074 3928 Quod
1122 3854 1314 3916 etiam
1361 3853 1689 3917 evidenter
1737 3857 2116 3938 exprimitur
2158 3877 2273 3940 per
2315 3859 2388 3920 il-

901 3953 1027 4014 lam
1063 3951 1173 4014 Dei
1214 3951 1720 4015 insufflationem
1758 3973 1884 4036 qua
1919 3955 2229 4018 animavit
2261 3957 2388 4038 pri-

897 4049 1090 4113 mitus
1131 4049 1350 4112 Adam.

964 4148 1054 4210 Ex
1085 4146 1320 4230 quibus
1351 4147 1834 4212 auctoritatibus
1865 4157 2122 4224 constat,
2141 4151 2389 4214 nullum

2491 3169 2627 3242 scit,
2673 3175 3033 3250 perseveret
3082 3167 3428 3230 immobilis
3479 3169 3545 3230 in
3595 3169 3805 3244 nobiS,
3848 3190 3993 3252 quae

2492 3285 2607 3330 nos
2648 3267 2713 3328 in
2754 3266 3053 3329 omnibus
3098 3266 3287 3329 faciat
3325 3266 3667 3348 sapienteS,
3700 3275 3765 3330 et
3794 3289 3833 3330 a
3861 3269 3993 3332 dia-

2494 3366 2623 3428 boli
2684 3365 2827 3427 telis
2886 3372 3172 3446 protegat
3228 3373 3289 3427 et
3348 3374 3681 3428 conservet
3738 3385 3994 3449 semper

2496 3463 2743 3528 illaesos.
2776 3463 3178 3545 Impossibile
3227 3483 3501 3546 namque
3549 3473 3667 3538 est,
3709 3465 3993 3547 aliquem

2496 3583 2572 3627 ex
2605 3563 2744 3625 istis
2776 3563 3147 3625 custodibus
3182 3563 3507 3626 incurrere
3538 3563 3801 3645 laqueos
3834 3583 3999 3628 mor-

2498 3660 2599 3722 tis.
2644 3660 2964 3722 Postremo
3016 3659 3182 3721 inter
3230 3659 3543 3742 perfectos
3585 3668 3650 3723 et.
3698 3662 4001 3744 imperfe-

2500 3766 2633 3821 ctos
2671 3759 2789 3820 ista
2820 3758 3119 3820 distantia
3157 3778 3268 3821 seu
3299 3757 3663 3822 differentia
3692 3768 3814 3836 est,
3849 3763 4001 3843 quia

2502 3857 2567 3918 in
2597 3856 2752 3920 viris
2793 3856 3094 3939 perfectis
3124 3857 3350 3918 caritas
3390 3857 3541 3932 fixa,
3576 3865 3769 3940 atque
3812 3867 3885 3921 ut
3917 3860 4002 3923 ita

2500 3955 2794 4029 dixerim,
2841 3955 3168 4029 maturior,
3214 3954 3507 4018 stabilius
3554 3974 3995 4037 perseveram,

2500 4053 2653 4116 facit
2689 4071 2797 4116 eos
2841 4053 3095 4115 firmius
3139 4073 3213 4115 ac
3254 4053 3507 4116 facilius
3552 4054 3616 4116 in
3660 4055 4001 4119 sanctitate

2500 4153 2763 4231 durare3
2806 4153 2871 4214 in
2921 4151 3313 4233 imperfectis
3353 4170 3503 4215 vero
3550 4153 3778 4214 caritas
3822 4155 4001 4217 velut

897 4265 1080 4329 posse
1110 4246 1321 4309 vocari
1356 4255 1599 4328 patrem
1641 4248 1983 4330 spirituum
2017 4250 2142 4312 nisi
2184 4251 2391 4314 solum
2421 4254 2470 4314 D
2501 4249 2775 4313 debilius
2817 4250 3121 4313 collocata
3156 4268 3228 4312 ac
3260 4249 3511 4350 facilius
3550 4250 3995 4332 refrigescenS,

894 4346 1118 4420 Deum,
1150 4347 1262 4427 qui
1293 4345 1556 4427 spiritus
1587 4345 1740 4407 facit
1770 4366 1846 4408 ex
1879 4347 2102 4424 nihile,
2136 4351 2390 4431 quando

893 4444 1032 4506 vult
1046 4461 1062 4522 3
1104 4443 1394 4506 homines
1438 4462 1590 4507 vero
1639 4447 1955 4508 nominari
2002 4455 2211 4530 patres
2262 4469 2392 4511 car-

895 4541 996 4603 nis
1034 4549 1266 4604 nostrae
1293 4543 1752 4605 tantummodo.
1785 4544 1945 4606 Hinc
1976 4546 2288 4622 diabolus,
2323 4548 2390 4611 in

899 4647 1209 4721 quantum
1251 4639 1513 4722 spiritus
1557 4647 1621 4702 et
1663 4642 1922 4723 angelus
1973 4643 2176 4707 bonus
2223 4665 2391 4709 crea-

897 4747 1000 4801 tus
1029 4745 1144 4813 est,
1161 4747 1406 4820 patrem
1437 4757 1564 4802 non
1589 4739 1780 4804 habet
1803 4742 1926 4804 nisi
1952 4744 2175 4820 Deum,
2200 4766 2390 4809 suum

899 4845 1266 4901 creatorem.
1319 4837 1435 4911 Qui
1486 4857 1686 4920 quum
1739 4840 2120 4923 superbiret,
2171 4845 2389 4907 dicens

611 4951 868 5002 12.x1v‚14-
901 4937 968 5000 in
1019 4937 1206 4999 corde
1254 4953 1371 4999 suo
1417 4953 1430 4998 τ
1475 4937 1828 5000 Ascendam
1879 4959 2070 5022 super
2114 4942 2392 5005 altitudi-

2502 4348 2813 4431 permittit
2852 4367 2957 4410 eos
3003 4349 3128 4410 cito
3171 4367 3244 4410 ac
3290 4349 3521 4430 saepius
3566 4348 3871 4412 vitiorum
3914 4351 4001 4412 la-

2500 4448 2683 4530 queis
2727 4447 3063 4529 implicari.

2582 4544 2823 4618 Quibus
2865 4546 3121 4618 auditiS‚
3165 4545 3249 4606 ita
3290 4545 3579 4607 accendit
3621 4563 3737 4608 nos
3784 4563 4002 4608 sermo

2504 4643 2859 4707 collationis
2900 4643 3105 4718 istius,
3140 4650 3209 4704 ut
3238 4643 3603 4705 recedentes
3634 4662 3673 4705 a
3707 4643 3867 4706 cella
3896 4663 4002 4706 se-

2502 4743 2624 4816 niS,
2654 4762 2801 4804 cum
2834 4742 3059 4822 majori
3092 4740 3324 4803 mentis
3354 4740 3576 4804 ardore
3604 4742 3683 4803 ad
3714 4749 4001 4806 nostram

2502 4840 2726 4904 cellam
2771 4849 3234 4904 reverteremur
3275 4859 3467 4922 quam
3516 4841 3594 4902 ad
3644 4840 3847 4922 ipsius
3887 4861 4000 4904 ve-

2501 4959 2816 5003 neramuS.

4014 886 4087 926 u.

4030 1309 4151 1352 Gen.
4166 1321 4215 1355 m,
4232 1309 4264 1346 5.

4048 2798 4267 2843 Ecclesu,
4305 2811 4307 2858 Ξ

4020 2864 4091 2910 2⁵,
4126 2864 4238 2916 juta
4305 2867 4307 2870 '

4022 2923 4141 2967 LXX.
