4359 6267
1182 507 1263 555 DE
1318 508 1645 555 msrtrurls
1702 508 1787 555 SS.
1832 507 2093 554 PATRUu.
2148 526 2229 537 -
2283 508 2459 555 LIBER
2509 508 2596 554 ΧΠ

3315 484 3433 550 115

1496 982 1963 1091 LIBER
2066 983 2292 1091 Xll

1282 1347 1399 1399 DE
1481 1346 1881 1399 SPIRITU
1967 1326 2507 1400 suPEafflAE.

628 1722 1129 1785 CAPITULUM
1191 1720 1559 1785 PRIMUM.

366 1914 524 1981 Quod
552 1918 825 1969 octavum
850 1912 1149 1967 certamen
1179 1914 1263 1967 sit
1289 1918 1501 1968 contra
1538 1913 1844 1985 superbioe

540 2011 863 2083 spiritum;
891 2015 948 2065 et
975 2010 1049 2066 de
1075 2016 1303 2066 natura
1329 2011 1651 2083 superbioe.

494 2250 803 2313 CTAVUM
840 2258 903 2313 et
945 2252 1245 2314 ultimum
1294 2252 1479 2315 nobis
1522 2260 1843 2316 certamen

528 2356 625 2409 est
687 2356 906 2411 contra
966 2349 1283 2431 superbiae
1346 2350 1662 2432 spiritum.
1724 2352 1841 2425 Qui

367 2446 613 2507 morbus
654 2446 802 2508 licet
832 2448 914 2509 sit
945 2447 1209 2510 ultimus
1252 2449 1317 2510 in
1358 2449 1665 2511 conflictu
1696 2469 1841 2513 con-

364 2551 451 2605 tra
490 2552 767 2626 peccata,
797 2553 861 2606 et
899 2553 1221 2608 extremus
1265 2554 1536 2628 ponatur
1571 2548 1637 2610 in
1678 2548 1841 2610 ordi—

365 2660 457 2714 ne,
488 2643 729 2723 origine
764 2650 972 2705 tamen
1012 2663 1086 2705 ac
1119 2652 1405 2726 tempore
1439 2647 1684 2727 primus
1722 2652 1836 2707 est.

364 2738 495 2801 Haec
543 2746 637 2802 est
685 2739 1081 2804 ferocissima
1128 2742 1332 2805 bestia
1377 2751 1567 2825 atque
1617 2742 1839 2826 praedi-

1871 1714 1922 1775 A

2350 1720 2851 1785 CAPITULUM
2911 1722 3033 1786 III.

2086 1918 2260 1983 Quod
2293 1917 2584 1989 superbia
2620 1917 2804 1973 simul
2839 1917 3082 1988 auferat
3118 1934 3316 1974 omnes

2560 2006 2836 2062 virtutes.

2097 2248 2354 2311 ULLUM
2393 2248 2586 2330 igitur
2624 2256 2721 2310 est
2749 2250 2976 2311 vitium
3017 2251 3185 2331 quod
3223 2268 3444 2313 omnes

2112 2347 2379 2408 virtutes
2441 2347 2528 2408 ita
2589 2347 2938 2421 exhauriat,
2999 2355 3062 2409 et
3117 2348 3444 2412 hominem

1951 2444 2181 2526 spoliet
2223 2464 2297 2507 ac
2345 2446 2621 2507 denudet
2663 2446 2836 2507 omni
2883 2446 3214 2509 sanctitate
3255 2454 3444 2528 atque

1946 2542 2218 2623 justitia,
2260 2543 2425 2605 sicut
2469 2543 2783 2625 superbiae
2829 2544 3090 2605 crimen.
3126 2545 3274 2617 Quae
3315 2551 3447 2606 tan-

1950 2660 2141 2722 quam
2191 2642 2503 2723 generalis
2549 2660 2622 2704 ac
2672 2641 2936 2723 pestifer
2984 2641 3264 2716 morbus,
3315 2660 3443 2704 non

1952 2747 2351 2802 contentatur
2395 2739 2726 2802 debilitare
2775 2759 2968 2801 unam
3025 2740 3255 2803 animae
3302 2758 3441 2822 par-

364 2838 471 2899 ctis
517 2839 765 2901 cunctis
807 2838 1168 2914 immanior,
1206 2840 1519 2921 perfectos
1567 2842 1839 2903 maxime
1876 2840 1922 2901 B
1950 2845 2103 2911 tem,
2162 2839 2274 2900 sed
2338 2845 2530 2901 totam
2591 2838 2840 2901 mortali
2903 2838 3254 2920 corrumpit
3311 2838 3441 2901 exi-

360 2941 619 3009 tentans,
670 2936 1019 3018 diriorique
1070 2956 1287 3000 morsu
1335 2940 1683 3021 depascens
1732 2956 1838 3001 eos

361 3033 459 3114 qui
490 3053 649 3115 pene
681 3033 746 3096 in
779 3036 1328 3099 consummatione
1350 3037 1661 3099 virtutum
1693 3044 1841 3099 sunt

362 3132 557 3213 positi.

776 3404 1283 3469 CAPITULUM
1328 3406 1414 3469 11.

664 3589 835 3657 Quod
876 3588 1184 3660 superbiae
1228 3588 1347 3645 duo
1393 3590 1522 3645 sint

972 3694 1215 3749 qenera.

472 3928 861 3992 UPERBIAE
913 3929 1041 3991 duo
1097 3936 1247 3990 sunt
1291 3946 1523 4009 genera
1573 3946 1587 3990 :
1640 3949 1839 3991 unum

1952 2936 2072 3013 tio;
2098 2936 2436 2999 collocatos
2467 2954 2720 3018 quoque
2752 2936 2817 2998 in
2850 2936 3159 2998 virtutum
3189 2936 3444 3019 fastigio

1954 3042 2219 3096 conatur
2275 3034 2667 3115 gravissimis
2736 3034 3188 3097 tentationibus
3248 3036 3442 3098 truci-

1954 3133 2120 3194 dare.
2185 3132 2384 3195 Omne
2446 3151 2720 3215 namque
2782 3132 3010 3195 vitium
3073 3140 3444 3197 contentum

1953 3238 2051 3293 est
2096 3232 2388 3294 terminis
2437 3232 2571 3294 suis
2617 3250 2690 3293 ac
2739 3232 2996 3313 proprio
3043 3231 3214 3311 fine3
3260 3240 3323 3294 et
3372 3234 3443 3294 li-

1955 3337 2056 3391 cet
2114 3330 2444 3392 contristet
2499 3349 2573 3393 ac
2630 3329 2921 3393 debilitet
2977 3330 3133 3393 alias
3190 3348 3444 3413 quoque

1954 3428 2245 3502 vir‘tuteS,
2298 3435 2509 3491 tamen
2569 3435 2786 3491 contra
2843 3447 3037 3490 unam
3085 3428 3448 3510 specialiter

1954 3533 2171 3600 certat,
2223 3533 2286 3587 et
2334 3544 2472 3588 eam
2532 3525 2972 3608 principaliter
3029 3505 3337 3607 oppriinit
3383 3532 3447 3587 et

1955 3623 2307 3705 impugnat.
2343 3624 2419 3687 Et
2462 3632 2532 3686 ut
2569 3625 2690 3686 hoc
2734 3624 2948 3705 ipsum
2993 3624 3226 3687 clarius
3268 3624 3448 3686 intel-

1952 3722 2206 3803 ligatur,
2257 3741 2405 3785 ecce
2464 3721 2610 3803 gula
2664 3722 3150 3804 temperantiam
3209 3722 3446 3784 directe

1954 3820 2329 3901 corrumpit,
2387 3819 2584 3883 libido
2631 3820 2986 3882 castitatem
3035 3820 3442 3892 contaminat,

1955 3918 2048 3978 ira
2079 3918 2631 3980 mansuetudinem
2663 3917 2830 3980 tollit
2859 3935 2872 3980 :
2908 3917 2996 3979 ita
3025 3926 3095 3979 ut
3125 3917 3444 3980 interdum

493 4023 678 4105 quod,
730 4030 803 4085 ut
859 4022 1161 4096 diximus,
1213 4022 1423 4103 pulsat
1481 4022 1842 4103 spirituales
1880 4020 1923 4084 C
1953 4015 2185 4097 aliquis
2230 4016 2341 4077 uni
2379 4016 2536 4077 vitio
2575 4015 2849 4090 deditus,
2882 4033 3008 4078 non
3055 4016 3308 4097 penitus
3345 4016 3449 4077 de-

362 4139 757 4203 summosque
784 4121 992 4199 viros3
1033 4119 1207 4182 aliud
1245 4120 1415 4202 quod
1453 4120 1643 4182 etiam
1685 4120 1843 4183 inci-

364 4219 596 4299 pientes
624 4227 813 4300 atque
845 4218 1128 4281 carnales
1159 4219 1509 4299 impugnat.
1526 4218 1603 4279 Et
1632 4237 1847 4299 quam-

362 4316 452 4377 vis
490 4316 671 4379 noxia
699 4316 973 4379 elatione
1006 4324 1346 4396 utrumque
1387 4334 1588 4396 genus
1628 4335 1843 4398 super-

364 4412 477 4477 biae
514 4414 874 4476 inflectatur
912 4430 986 4473 ac
1028 4420 1354 4475 moveatur
1385 4420 1604 4475 contra
1642 4413 1843 4476 Deum

364 4518 422 4573 et
474 4512 805 4591 homines;
864 4510 1214 4592 spiritualis
1272 4518 1484 4573 tamen
1544 4512 1845 4593 superbia

364 4609 484 4672 Deo
530 4610 885 4693 specialiter
932 4610 1321 4682 adversatur,
1375 4610 1643 4672 carnalis
1690 4629 1843 4674 vero

364 4708 435 4768 ad
477 4708 757 4771 homines
807 4706 1062 4789 proprie
1113 4706 1387 4787 pertinet
1428 4727 1502 4769 ac
1546 4708 1835 4771 refertur.

364 4803 627 4887 Denique
676 4804 992 4887 superbiae
1040 4804 1235 4885 hujus
1284 4805 1592 4887 originem
1633 4825 1705 4869 ac
1751 4826 1843 4869 re—

368 4902 557 4965 media
582 4922 1064 4986 prosequemur,
1083 4910 1393 4984 quantum
1426 4904 1551 4966 Deo
1577 4904 1839 4984 juvante

366 4998 649 5075 valemus,
684 5001 750 5063 in
799 4999 1259 5082 posterioribus
1306 5001 1590 5083 partibus
1638 5000 1838 5064 libelli

368 5095 551 5159 istius.
580 5098 762 5161 Nunc
806 5116 961 5161 vero
1003 5099 1419 5180 proponimus
1468 5117 1670 5180 pauca
1713 5098 1838 5161 dis—

1955 4114 2253 4176 stituatur
2292 4113 2640 4175 virtutibus
2688 4113 2866 4192 aliis3
2908 4114 3017 4175 sed
3063 4113 3168 4175 illa
3211 4112 3447 4175 virtute

1953 4218 2200 4273 tantum
2246 4211 2493 4273 sublata
2536 4231 2677 4293 quae
2723 4210 3081 4275 succumbit
3125 4210 3279 4274 vitio
3322 4210 3447 4273 sibi

1955 4310 2268 4371 contrario
2297 4328 2370 4371 ac
2400 4308 2804 4391 repugnanti,
2838 4309 3038 4391 possit
3066 4309 3167 4371 vel
3199 4328 3276 4370 ex
3307 4327 3449 4391 par-

1952 4415 2015 4469 te
2056 4407 2332 4489 reliquas
2371 4408 2646 4469 retinere
2685 4407 2973 4469 virtutes.
3007 4408 3197 4469 Porro
3235 4426 3454 4488 super-

1954 4505 2059 4568 bia
2106 4524 2306 4586 quum
2360 4504 2686 4567 infelicem
2745 4505 3097 4586 possederit
3145 4512 3447 4578 mentem,

1954 4603 2243 4665 funditus
2312 4604 2510 4665 diruit
2571 4623 2644 4666 ac
2708 4604 3021 4666 subvertit
3090 4604 3448 4666 machinam

1952 4709 2145 4764 totam
2193 4702 2502 4765 virtutum
2548 4709 2847 4783 tanquam
2893 4709 3195 4785 tyrannus
3237 4702 3450 4765 saevis-

1951 4803 2173 4875 simuS‚
2199 4808 2382 4883 capta
2412 4801 2870 4864 sublimissima
2900 4802 3106 4865 cordis
3136 4821 3298 4865 arce.
3334 4802 3449 4864 Ex-

1952 4899 2119 4962 celsa
2148 4918 2402 4983 quoque
2433 4899 2786 4963 sanctitatis
2826 4900 3061 4963 moenia
3089 4908 3270 4964 terrae
3299 4901 3443 4963 viti-

1950 5015 2132 5060 orum
2165 5017 2500 5080 coaequans
2529 5016 2602 5059 ac
2634 4998 2930 5072 miscenS,
2964 5016 3092 5061 non
3130 4998 3443 5080 permittit

1949 5097 2252 5179 deinceps
2281 5097 2560 5178 aliquam
2592 5094 2934 5177 spiritualis
2965 5095 3272 5157 libertatis
3304 5095 3444 5158 ima-

369 5210 555 5257 serere
611 5196 691 5258 de
748 5195 959 5278 prima
1014 5204 1075 5257 et
1134 5196 1449 5277 spirituali
1512 5195 1834 5278 superbia,
1868 5202 1917 5264 D
1947 5195 2163 5275 ginem
2213 5212 2352 5257 esse
2401 5193 2466 5255 in
2515 5194 2728 5256 anima
2775 5193 2900 5256 sibi
2949 5193 3254 5273 subjecta.
3305 5192 3442 5255 Imo

374 5307 503 5369 quae
538 5292 852 5375 praecipue
897 5300 1097 5356 tentat
1138 5293 1468 5374 perfectos,

1954 5310 2081 5376 quo
2129 5291 2352 5355 durius
2409 5291 2647 5374 ceperit
2697 5310 2860 5367 eam,
2910 5298 3084 5353 tanto
3134 5290 3441 5371 gravioris
