4359 6267
591 3033 852 3140 ¹13³ltt'lt‘ppat,

622 3336 637 3380 Ι
661 3337 774 3380 Tim.
795 3351 853 3389 w,

592 3403 656 3444 Η.

601 3462 636 3505 n
653 3462 765 3505 Tim.
779 3465 851 3513 ι,6.

585 3828 621 3874 u
635 3828 738 3874 Cor.
751 3833 832 3880 vul
842 3861 852 3871 .

634 4330 738 4373 Act.

582 4395 649 4443 22,
671 4395 738 4436 23.

574 5017 791 5069 Parvum
803 5022 816 5061 Ι
828 5050 838 5061 .

590 5217 654 5260 Ia.
671 5230 763 5269 ιη’,
778 5219 818 5260 2.

881 475 1001 543 300

1565 494 1982 543 coLLA'rloNUM
2023 496 2109 542 SS.
2137 494 2383 541 PATRUH
2425 495 2599 541 LIBER
2640 495 2703 540 11.
2750 514 2831 523 —
2870 495 3157 542 COLLATlo
3198 495 3313 541 xm

881 666 1194 748 sapientia
1242 674 1306 728 et
1354 665 1704 740 intellectu,
1748 665 1953 728 caruit
1998 664 2268 727 consilio
2315 671 2379 726 et
2408 663 2459 727 A
2488 663 2743 725 dentem
2773 671 2837 726 et
2867 663 3409 726 contradicentem
3441 661 3621 723 mihi.
3648 661 4000 742 Exspectat

883 763 1298 844 fortitudine3
1349 772 1412 826 et
1459 764 1657 846 impie
1705 763 1929 826 altiora
1977 763 2297 836 sectando,
2343 781 2380 824 a
2488 779 2603 824 nos
2650 762 2837 836 Deus,
2873 762 3039 824 sicut
3077 761 3359 844 loquitur
3397 779 3513 843 per
3556 759 3943 842 Prophetam
3982 775 3996 820 :

883 863 1168 925 veritatis
1199 863 1467 926 scientia
1507 870 1568 925 et
1603 862 1982 925 obedientiae
2014 863 2247 944 pietate
2279 861 2381 922 de-

880 961 1088 1042 jectus
1117 969 1234 1036 est,
1268 981 1386 1024 nec
1427 962 1567 1044 ipso
1607 962 1829 1024 saltem
1872 961 2100 1023 timore
2132 959 2256 1022 sibi
2288 977 2383 1020 re-

885 1059 1082 1140 liquo,
1126 1068 1196 1121 ut
1237 1060 1318 1122 ab
1364 1060 1717 1122 interdictis
1767 1059 1865 1123 vel
1915 1067 2085 1122 metu
2128 1065 2381 1121 caveret

885 1175 1110 1238 poenae,
1129 1158 1238 1240 qui
1269 1161 1442 1237 [non]
1468 1158 1829 1220 abstinebat
1853 1176 2067 1221 amore
2089 1157 2374 1239 justitiae.

962 1255 1265 1318 Liberum
1305 1275 1455 1338 ergo
1493 1255 1853 1330 arbitrium,
1888 1257 1952 1318 id
1992 1264 2087 1318 est
2127 1255 2218 1317 rei
2256 1255 2377 1316 sibi

884 1353 1133 1436 placitae
1182 1363 1568 1436 spontaneus
1626 1356 1972 1437 appetitus,
2027 1354 2136 1416 ubi
2191 1373 2378 1416 usum

883 1451 1196 1515 bonorum
1226 1472 1368 1535 quae
1398 1462 1729 1535 acceperat
1759 1452 2091 1527 fastidivit,
2127 1461 2190 1514 et
2223 1453 2378 1515 vile-

881 1552 1210 1614 scentibus
1249 1551 1371 1614 sibi
1414 1551 1636 1614 salutis
1679 1572 1808 1615 suae
1848 1552 2185 1634 praesidiis‚
2220 1551 2382 1614 insa-

882 1669 1030 1713 nam
1073 1651 1488 1733 cupiditatem
1528 1651 1605 1713 ad
1647 1651 2106 1734 experientiam
2147 1670 2383 1732 praeva-

881 1747 1207 1812 ricationis
1237 1749 1530 1822 intendit,
1562 1749 1726 1811 bibit
1755 1750 2044 1812 omnium
2074 1749 2379 1812 vitiorum

881 1864 1224 1921 venenum,
1271 1856 1334 1909 et
1383 1856 1578 1910 totam
1625 1855 1916 1910 naturam
1962 1847 2242 1911 hominis
2290 1848 2381 1909 in-
2416 1845 2464 1907 B

881 1945 1318 2027 temperantiae
1363 1965 1492 2008 suae
1535 1945 1844 2008 ebrietate
1883 1944 2241 2008 madefecit.
2288 1947 2382 2008 ln-

881 2042 980 2116 de,
1014 2043 1387 2125 priusquam
1428 2044 1672 2106 edendo
1711 2062 1967 2106 carnem
2001 2044 2143 2106 Filii
2174 2043 2380 2106 homi-

881 2141 982 2202 nis
1031 2149 1093 2203 et
1144 2141 1420 2204 bibendo
1479 2142 1855 2224 sanguinem
1905 2143 2070 2224 ejuS‚
2123 2143 2379 2205 letalem

882 2239 1125 2321 digerat
1154 2241 1556 2314 cruditatem,
1592 2240 1826 2303 labitur
1857 2241 2187 2316 memoria,
2214 2249 2381 2303 errat

878 2337 1144 2418 judicio,
1197 2346 1376 2401 nutat
1425 2339 1700 2412 incessu,
1751 2359 1959 2421 neque
2008 2339 2141 2403 ullo
2192 2341 2380 2403 modo

883 2437 1149 2500 idoneus
1187 2446 1285 2500 est
1321 2439 1398 2500 ad
1439 2439 1598 2500 illud
1639 2438 1880 2501 bonum
1919 2439 2288 2521 eligendum
2318 2447 2379 2502 et

882 2537 1468 2618 concupiscendum
1513 2555 1640 2619 quo
1686 2557 1752 2600 se
1793 2545 2018 2621 sponte
2059 2539 2377 2620 privavit3

881 2633 1032 2716 quia
1063 2652 1191 2697 non
1221 2635 1386 2698 sicut
1420 2635 1628 2717 potuit
1667 2636 1798 2698 Deo
1837 2653 1964 2698 non
2007 2636 2380 2718 impellente

883 2750 1199 2808 corruere,
1236 2734 1321 2796 ita
1351 2741 1558 2816 potest
1587 2734 1716 2797 Deo
1746 2753 1874 2796 non
1914 2735 2196 2816 erigente
2237 2754 2381 2799 con-

881 2849 1157 2912 surgere.
1192 2832 1282 2894 Ne
1321 2832 1558 2894 etenim
1601 2833 1934 2894 credamus
1975 2850 2089 2895 nos
2123 2851 2251 2896 non
2283 2834 2377 2895 in·

882 2929 1096 3011 digere
1126 2930 1344 2993 divino
1373 2929 1613 2993 auxilio
1642 2932 1719 2993 ad
1750 2931 2176 2994 exercendum
2218 2950 2379 3014 opus

2490 861 2824 942 Propterea
2872 867 3195 942 exspectat
3245 860 3432 935 DeuS,
3482 866 3554 920 ut
3610 857 4255 926 misereatur1„m,1s,

2492 959 2705 1021 vestri.
2744 958 3067 1021 Confortat
3096 976 3233 1032 nos,
3270 958 3623 1020 secundum
3653 956 3829 1039 quod
3862 956 3995 1016 ait:

2492 1057 2567 1118 Et
2615 1074 2731 1138 ego
2778 1056 3028 1119 erudivi
3066 1075 3197 1130 eoS,
3230 1065 3293 1118 et
3332 1055 3682 1119 confortavi
3726 1054 3999 1117 brachia
4026 1076 4258 1120 omnm.

2490 1175 2734 1230 eorum,
2785 1164 2850 1218 et
2895 1156 2963 1218 in
3014 1175 3115 1218 me
3165 1155 3603 1237 cogitaverunt
3648 1153 3991 1216 malitiam.

2492 1255 2733 1318 Clamat
2771 1255 3078 1318 Dominus
3115 1256 3294 1317 Jesus
3342 1272 3356 1316 :
3400 1255 3464 1316 Si
3504 1254 3651 1336 quis
3690 1253 3853 1328 sitit,
3892 1271 3997 1315 ve-
4040 1273 4119 1315 Joa
4120 1287 4257 1322 .....

2493 1355 2625 1416 niat
2652 1354 2731 1416 ad
2763 1373 2886 1428 me,
2919 1362 2983 1416 et
3012 1353 3208 1415 bibat.
3244 1353 3477 1427 Quaerit
3505 1370 3621 1415 nos
3653 1352 3993 1422 DominuS‚
4026 1339 4089 1378 ³⁷·

2492 1453 2711 1515 dicens
2747 1470 2761 1514 :
2794 1451 3089 1527 Quaesivi,
3123 1460 3186 1514 et
3224 1469 3352 1514 non
3392 1459 3527 1514 erat
3557 1452 3696 1530 vir3
3740 1450 3991 1522 vocavi,
4022 1471 4258 1520 meme,

2491 1560 2555 1614 et
2598 1569 2723 1613 non
2769 1559 2899 1613 erat
2944 1551 3053 1633 qui
3098 1551 3528 1633 responderet.
4024 1538 4063 1576 ⁴·

2860 1806 3364 1872 CAPITULUM
3427 1807 3615 1870 XIII.

2599 1957 2770 2024 Quod
2795 1956 3049 2012 humani
3076 1961 3323 2012 conatus
3348 1971 3736 2027 compensare
3768 1971 3895 2011 non

2890 2047 3129 2117 possint
3156 2046 3428 2117 qratiam
3454 2045 3586 2100 Dei.

2625 2244 2670 2307 T
2703 2245 2790 2306 ita
2817 2242 3019 2324 gratia
3048 2242 3161 2304 Dei
3190 2260 3443 2324 semper
3483 2247 3867 2323 cooperatur
3897 2258 3995 2301 ar-

2653 2341 2845 2403 bitrio
2876 2349 3091 2403 nostro
3122 2340 3189 2401 in
3221 2340 3483 2414 bonum,
3516 2348 3706 2421 atque
3748 2339 3817 2400 in
3858 2355 3995 2400 om-

2493 2441 2686 2504 nibus
2719 2440 2811 2502 sic
2840 2440 3101 2521 adjuvat
3129 2447 3192 2501 et
3222 2439 3497 2521 protegit
3528 2437 3706 2511 illud,
3732 2446 3805 2499 ut
3836 2455 3997 2499 sern-

2494 2559 2607 2622 per
2636 2537 2911 2620 gratuita
2940 2543 3324 2619 perseveret,
3359 2537 3511 2599 dum
3554 2533 3993 2598 inaestimabili

2493 2637 2777 2719 largitate
2818 2635 3044 2698 tribuit
3082 2635 3294 2718 parvis
3342 2634 3673 2698 conatibus
3716 2633 3993 2715 gloriam

2493 2743 2680 2799 tantae
2741 2734 3256 2809 immortalitatis,
3305 2741 3605 2815 tantaque
3662 2733 3831 2795 dona
3886 2749 3992 2814 pe-

2492 2835 2709 2898 rennis
2751 2833 3094 2896 felicitatis,
3131 2833 3351 2896 Nonne
3391 2832 3561 2914 quod
3601 2831 3803 2893 David
3850 2830 3992 2892 bre-

2490 2933 2756 2995 vissimo
2805 2932 3111 3014 temporis
3163 2939 3401 3014 puncto
3457 2929 3735 2993 obtinuit
3788 2937 3992 2992 tanto-

881 3028 1126 3103 salutiS‚
1161 3029 1499 3111 Apostolus
1543 3030 1630 3092 ait
1673 3047 1687 3091 :
1732 3030 1897 3092 Deus
1937 3038 2033 3092 est
2076 3031 2187 3112 qui
2232 3049 2379 3114 ope·
2417 3029 2460 3092 C
2493 3051 2635 3093 rum
2678 3031 3139 3111 indulgentiam
3180 3029 3547 3103 criminum,
3581 3029 3827 3091 donum
3856 3035 3990 3090 erat

883 3134 1056 3188 ratur
1104 3127 1169 3189 in
1214 3127 1396 3189 vobis
1445 3136 1508 3189 et
1552 3127 1715 3190 velle
1765 3136 1828 3190 et
1876 3127 2210 3210 perficere,
2265 3147 2380 3211 pro

883 3224 1049 3288 bona
1106 3227 1449 3289 voluntate.
1515 3227 1786 3308 Ideoque
1849 3234 1912 3288 et
1974 3226 2377 3290 Timotheum

881 3325 1212 3388 admonuit
1237 3325 1412 3388 :Noli
1447 3325 1764 3407 negligere
1793 3324 2059 3407 gratiam
2093 3326 2203 3387 Dei
2236 3347 2378 3408 quae

881 3430 977 3486 est
1017 3424 1083 3485 in
1122 3432 1226 3502 te;
1269 3424 1572 3505 itemque,
1608 3423 1698 3487 Ob
1740 3444 1930 3505 quam
1973 3444 2230 3487 causam
2273 3427 2377 3488 ad-

881 3540 1109 3585 moneo
1151 3530 1213 3584 te
1259 3529 1324 3584 ut
1375 3523 1712 3584 resuscites
1760 3524 2026 3603 gratiam
2071 3524 2182 3586 Dei
2234 3543 2376 3606 quae

881 3629 976 3683 est
1007 3622 1073 3684 in
1105 3629 1184 3684 te.
1211 3623 1371 3684 Hinc
1403 3639 1655 3703 quoque
1688 3621 2029 3685 Corinthiis
2061 3623 2371 3697 scribenS,

881 3721 1167 3783 hortatur
1195 3739 1275 3782 ne
1306 3740 1419 3802 per
1449 3737 1641 3802 opera
1671 3720 2064 3784 infructuosa
2092 3721 2375 3784 facerent

880 3837 947 3880 se
980 3819 1274 3900 indignos
1303 3819 1504 3900 gratia
1535 3819 1668 3892 Dei,
1702 3820 1921 3881 dicens
1946 3837 1960 3881 :
1983 3821 2373 3901 Adjuvantes

878 3917 1288 3981 obsecramus
1319 3936 1398 3979 ne
1429 3917 1494 3978 in
1527 3936 1799 3980 vacuum
1834 3918 2100 3998 gratiam
2133 3919 2244 3980 Dei
2278 3937 2371 3981 re-

877 4016 1147 4098 cipiatis,
1184 4017 1382 4090 Quam
1422 4016 1574 4097 quia
1615 4015 1680 4077 in
1717 4034 1990 4077 vacuum
2023 4017 2241 4079 Simon
2273 4037 2373 4080 re-

876 4122 1150 4197 ceperat,
1204 4132 1330 4177 non
1382 4113 1625 4197 profuit
1672 4114 1731 4176 ei
1784 4116 2108 4197 perceptio
2154 4118 2372 4197 gratiae

2491 3130 2601 3192 Dei
2634 3129 3037 3192 miserentis?
3070 3128 3353 3210 Denique
3392 3128 3547 3210 quid
3587 3127 3881 3190 dicamus
3913 3128 3990 3190 de

2490 3230 2607 3290 hac
2655 3237 2786 3291 tam
2834 3227 3013 3291 brevi
3060 3228 3316 3289 Davidis
3360 3227 3783 3300 confessione,
3826 3235 3991 3288 tam-

2489 3347 2613 3410 que
2648 3326 3129 3408 incomparabili
3168 3327 3403 3389 divinae
3445 3325 3875 3388 miserationis
3914 3343 3987 3387 ac

2488 3425 2927 3488 retributionis
2977 3423 3450 3486 immensitate?
3490 3442 3689 3506 quum
3734 3431 3987 3486 certum

2488 3525 2571 3587 sit.
2610 3524 2765 3606 quid
2801 3522 3141 3606 Apostolus
3178 3522 3257 3584 ad
3299 3521 3529 3584 futurae
3567 3521 3987 3584 beatitudinis

2489 3621 2991 3703 magnitudinem
3035 3619 3312 3693 intuens,
3352 3618 3862 3701 pronuntiaverit
3904 3619 3985 3680 de

2486 3719 3062 3783 innumerabilibus
3105 3725 3295 3800 atque
3338 3717 3733 3800 gravissimis
3774 3737 3987 3799 perse-

2486 3818 2852 3882 cutionibus
2882 3818 3015 3880 suis
3050 3835 3063 3880 :
3098 3818 3628 3890 Momentaneum,
3653 3817 3887 3898 inquit,
3921 3825 3985 3878 et
4042 3839 4073 3883 n
4094 3839 4243 3886 cam«.

2487 3920 2623 3980 leve
2674 3918 2793 3980 hoc
2836 3915 3269 3978 tribulationis
3312 3922 3564 3988 nostrae‚
3610 3934 3805 3996 supra
3852 3933 3983 3978 mo-
4014 3907 4074 3946 ¹⁷·

2483 4018 2636 4079 dum
2667 4025 2731 4078 et
2763 4016 2926 4077 ultra
2956 4013 3491 4097 comparationem
3520 4022 3825 4076 aeternum
3856 4014 3985 4096 glo·

2484 4116 2593 4179 riae
2625 4115 2873 4197 pondus
2904 4120 3202 4196 operatur
3232 4113 3297 4174 in
3328 4112 3535 4175 nobis.
3570 4113 3745 4175 Unde
3774 4121 3838 4176 et
3868 4113 3983 4174 ali-

875 4214 1187 4276 salutaris.
1224 4214 1359 4276 Non
1399 4213 1574 4275 enim
1620 4214 1867 4274 curavit
1911 4213 2170 4276 obedire
2214 4235 2370 4296 prae-
2403 4220 2453 4283 D
2482 4214 2546 4276 bi
2580 4220 2943 4275 constanter
2972 4210 3205 4274 fatetur
3238 4228 3251 4272 :
3285 4211 3421 4274 Non
3458 4218 3607 4272 sunt
3647 4211 3981 4292 condignae
4036 4234 4242 4277 annu.

759 4343 845 4381 vm,
874 4320 1059 4394 cepto
1107 4313 1519 4374 sacratissimi
1569 4313 1733 4374 Petri
1783 4312 2056 4375 dicentis
2105 4331 2119 4375 :
2174 4314 2372 4377 Poeni-

873 4411 1136 4472 tentiam
1179 4429 1292 4492 age
1342 4410 1423 4473 ab
1466 4411 1583 4472 hac
1626 4411 1912 4492 nequitia
1953 4418 2081 4485 tua,
2115 4419 2178 4473 et
2222 4430 2370 4493 roga

873 4509 1096 4582 Deum,
1131 4508 1186 4570 si
1218 4507 1380 4570 forte
1411 4509 1770 4571 remittatur
1808 4509 1926 4571 tibi
1969 4509 2104 4572 haec
2136 4510 2368 4591 cogita-

871 4607 961 4669 tio
991 4607 1200 4669 cordis
1240 4608 1376 4686 tui3
1423 4607 1486 4668 in
1528 4606 1676 4669 felle
1716 4608 1890 4669 enim
1919 4609 2366 4672 amaritudinis

870 4713 934 4767 et
974 4705 1358 4786 obligatione
1399 4706 1756 4788 iniquitatis
1795 4707 1980 4769 video
2019 4715 2080 4770 te
2121 4726 2279 4770 esse.

950 4805 1258 4867 Praevenit
1297 4822 1448 4885 ergo
1486 4805 1765 4867 hominis
1811 4805 2204 4868 voluntatem
2247 4807 2364 4868 mi-

871 4902 1215 4965 sericordia
1263 4903 1538 4978 Domini,
1586 4903 1767 4983 juxta
1821 4904 1989 4985 quod
2050 4904 2363 4985 scriptum

869 5008 965 5063 est
999 5018 1013 5062 :
1047 5001 1212 5064 Deus
1244 5020 1446 5076 meus,
1483 5000 1922 5064 misericordia
1951 5002 2093 5083 ejus
2131 5022 2365 5084 praeve-

868 5098 1000 5161 niet
1041 5118 1163 5162 me.
1199 5101 1465 5182 Insuper
1498 5100 1763 5162 advocat
1794 5118 1910 5162 nos
1954 5101 2262 5163 Dominus
2302 5110 2365 5164 et

867 5197 1114 5272 invitat,
1159 5199 1699 5280 quemadmodum
1741 5199 1827 5260 ait
1862 5218 1876 5262 :
1921 5198 2074 5262 Tota
2109 5199 2214 5262 die
2257 5219 2362 5262 ex-

866 5297 1057 5378 pandi
1099 5315 1324 5359 manus
1370 5315 1542 5358 meas
1583 5297 1662 5358 ad
1704 5298 2014 5378 populum
2059 5315 2186 5360 non
2231 5317 2365 5360 cre-

2485 4311 2807 4393 passiones
2838 4309 3032 4390 hujus
3064 4309 3367 4391 temporis
3406 4309 3485 4371 ad
3526 4309 3805 4370 futuram
3844 4309 3981 4390 glo-
4012 4301 4073 4340 ¹⁸·

2483 4411 2665 4484 riam,
2698 4429 2841 4492 quae
2871 4408 3257 4471 revelabitur
3296 4407 3359 4469 in
3400 4407 3604 4470 nobis.
3640 4408 3985 4481 Quantum·

2483 4507 2639 4570 libet
2680 4526 2830 4590 ergo
2871 4507 3060 4570 enixa
3099 4515 3163 4570 et
3206 4514 3429 4569 conata
3465 4507 3661 4569 fuerit
3698 4507 3983 4568 humana

2479 4606 2811 4688 fragilitaS,
2864 4605 3219 4688 comparari
3280 4604 3511 4668 futurae
3567 4604 3978 4667 retributioni

2482 4723 2609 4768 non
2653 4705 2908 4787 poterit,
2945 4723 3063 4766 nec
3108 4702 3241 4766 suis
3288 4703 3611 4766 laboribus
3657 4704 3744 4765 ita
3785 4703 3980 4766 dimi-

2480 4811 2634 4866 nuet
2676 4804 2939 4884 gratiam
2986 4803 3297 4866 Creatoris
3337 4810 3407 4864 ut
3447 4820 3573 4865 non
3613 4810 3981 4885 perseveret

2478 4920 2731 4982 semper
2759 4901 3047 4981 gratuita.
3084 4901 3327 4963 ldcirco
3357 4899 3657 4983 praefatus
3685 4900 3976 4981 gentium

2478 5001 2726 5074 Doctor,
2762 5000 3055 5081 quamvis
3101 5007 3369 5063 testetur
3408 5018 3475 5062 se
3510 4999 3779 5081 gradum
3819 5017 3975 5081 apo·

2476 5100 2741 5162 stolatus
2776 5099 3069 5162 sortitum
3110 5099 3311 5180 gratia
3346 5099 3482 5174 Dei,
3516 5099 3737 5161 dicens
3770 5117 3785 5162 z
3818 5099 3971 5162 Gra·
4034 5117 4105 5163 ic
4104 5129 4237 5161 ......

2476 5198 2563 5260 tia
2596 5199 2705 5260 Dei
2744 5216 2886 5260 sum
2918 5198 2984 5260 id
3019 5198 3189 5280 quod
3225 5215 3406 5278 sum3
3440 5205 3652 5260 tamen
3686 5198 3971 5261 affirmat
4003 5185 4066 5225 ¹⁰·

2478 5317 2544 5360 se
2584 5296 2987 5378 respondisse
3026 5304 3089 5358 et
3131 5304 3539 5379 cooperatum
3578 5315 3717 5358 esse
3750 5297 3971 5378 gratiae

4274 5331 4276 5397 4
