4359 6267
1016 530 1432 577 commortui!
1476 531 1560 578 SS.
1594 530 1837 578 PATRUu
1877 530 2054 578 LIBER
2093 531 2155 576 11.
2202 547 2283 560 ·-
2324 529 2610 578 COLLA'rlo
2646 530 2752 575 xv!

3311 505 3433 574 319

1403 917 2042 1030 COLLATIO
2134 919 2365 1028 XVI

1317 1159 1701 1255 (Abbatis
1770 1158 2069 1260 Joseph
2129 1163 2449 1260 prima)

1604 1406 1708 1458 DE
1763 1407 2154 1458 AMICITIA.

611 1774 1112 1838 CAPITULUM
1171 1773 1542 1837 PRIMUM.

487 1943 563 1998 De
587 1943 916 1998 eminentia
943 1941 1142 1997 sancti
1169 1940 1414 1997 abbatis
1442 1943 1680 2014 Ioseph.

481 2175 706 2237 EATUS
735 2173 988 2257 Ioseph,
1025 2173 1211 2254 cujus
1242 2173 1530 2236 doctrina
1559 2172 1692 2252 jam
1723 2173 1826 2234 de-

494 2273 816 2345 scribetur,
849 2291 1016 2334 unus
1067 2291 1144 2334 ex
1191 2271 1394 2333 tribus
1438 2287 1710 2351 quorum
1758 2271 1823 2331 in

161 2385 344 2440 mame.
371 2371 544 2452 prima
573 2371 910 2434 Collatione
942 2370 1215 2433 fecimus
1257 2369 1668 2439 ment-ionem,
1704 2368 1730 2429 s
1736 2368 1826 2429 uit

371 2470 644 2550 praeclarae
695 2469 978 2544 familiae,
1029 2475 1092 2530 et
1147 2468 1490 2550 primarius
1549 2467 1826 2529 civitatis

368 2587 477 2630 suae
502 2569 746 2630 nomine
775 2567 1039 2630 Thmuis
1082 2567 1147 2629 in
1177 2568 1479 2649 AEgypt03
1510 2574 1574 2627 et
1617 2567 1703 2627 ita
1731 2565 1824 2628 di-

368 2665 598 2745 ligenter
632 2666 756 2729 tuit
793 2667 1056 2728 edoctus
1097 2682 1222 2727 non
1265 2665 1472 2727 solum
1513 2664 1820 2747 AEgyptia,

365 2764 458 2825 sed
499 2771 554 2825 et
599 2764 808 2827 Graeca
858 2763 1176 2837 facundia,
1213 2771 1279 2824 ut
1330 2781 1443 2844 per
1493 2782 1558 2823 se
1608 2763 1819 2844 ipsum

1851 1687 1902 1749 A
1935 1687 2174 1752 foedera
2208 1691 2521 1769 caritatis3
2555 1693 2861 1774 quosdam
2892 1709 3043 1754 vero
3077 1692 3431 1755 similitudo

1932 1794 2123 1869 atque
2181 1789 2549 1851 communio
2606 1790 3051 1871 negotiationis
3108 1797 3219 1852 aut
3264 1791 3428 1852 mili-

1935 1886 2036 1948 tiae
2077 1905 2187 1948 seu
2228 1888 2380 1948 artis
2414 1888 2511 1950 vel
2556 1889 2749 1950 studii
2794 1889 3093 1950 unierunt
3130 1889 3429 1953 amicitiae

1932 2003 2099 2046 nexu
2135 2003 2149 2046 :
2186 2004 2299 2066 per
2340 2005 2530 2066 quam
2576 1987 2767 2048 etiam
2812 1986 3047 2050 ferocia
3099 1988 3287 2050 corda
3335 1988 3428 2050 sic

1935 2092 2407 2158 mansuescunt,
2442 2091 2604 2146 utet
2644 2085 2707 2147 hi
2740 2086 2849 2168 qui
2892 2085 3238 2148 latrociniis
3278 2104 3429 2167 gau-

1933 2182 2084 2243 dent
2135 2181 2198 2243 in
2250 2181 2430 2243 silvis
2479 2201 2551 2244 ac
2604 2184 2950 2258 montibus,
3001 2192 3064 2246 et
3110 2184 3426 2247 effusione

1933 2279 2196 2341 humani
2248 2281 2574 2360 sanguinis
2625 2281 3040 2355 delectantur,
3084 2283 3425 2364 participes

1933 2386 1993 2438 et
2025 2386 2347 2440 consortes
2387 2397 2647 2441 suorum
2692 2380 3004 2442 scelerum
3040 2379 3425 2461 amplectan-

1933 2483 2035 2536 tur
2083 2493 2156 2536 ac
2205 2474 2479 2539 foveant.
2536 2477 2643 2539 Est
2696 2495 2949 2560 quoque
3002 2477 3173 2540 aliud
3225 2495 3426 2558 genus

1931 2573 2313 2647 dilectionis,
2346 2593 2487 2655 quae
2531 2594 2608 2637 ex
2654 2575 2924 2637 naturali
2970 2575 3273 2637 instinctu
3316 2583 3426 2638 aut

1932 2671 2066 2752 lege
2098 2673 2666 2753 consanguinitatis
2700 2674 3250 2754 contrahitur,qua
3281 2692 3425 2735 con-

1931 2769 2219 2844 tribuleS‚
2264 2771 2589 2852 conjugeS,
2623 2780 2937 2853 parenteS,
2978 2771 3203 2833 fratres
3240 2790 3314 2833 ac
3346 2771 3421 2833 si-

364 2861 793 2941 elegantissime
834 2861 1390 2934 sermocinaretur,
1423 2879 1549 2923 non
1582 2879 1696 2941 per
1728 2861 1819 2922 in-
1853 2863 1900 2924 B
1931 2867 1998 2929 lii
2032 2888 2160 2949 prae
2193 2869 2418 2931 ceteris
2448 2869 2819 2932 naturaliter
2847 2869 3421 2951 diligunturtquod

364 2966 664 3039 terpretem
727 2968 797 3022 ut
855 2960 1072 3034 ceteri,
1134 2959 1318 3022 nobis
1380 2966 1490 3020 aut
1549 2959 1649 3020 his
1708 2959 1817 3041 qui

361 3057 676 3139 AEgyptiam
746 3059 1030 3139 linguam
1099 3057 1352 3139 penitus
1423 3054 1812 3137 ignorabant.

360 3155 458 3227 Qui
495 3175 680 3238 quum
730 3156 1033 3218 sensisset
1075 3173 1190 3217 nos
1234 3155 1589 3217 desiderare
1636 3173 1815 3215 suam

361 3253 1247 3335 instructionem,interrogavit
1274 3272 1355 3314 an
1384 3271 1662 3314 essemus
1694 3251 1817 3313 fra-

359 3360 462 3413 tres
496 3353 788 3432 germani.
829 3351 943 3415 Cui
984 3351 1429 3433 respondimus
1466 3351 1634 3433 quod
1669 3369 1816 3412 con-

354 3449 530 3528 juncti
566 3470 848 3513 essemus
890 3467 1015 3512 non
1055 3450 1313 3523 carnali,
1348 3450 1457 3512 sed
1500 3449 1814 3531 spirituali

357 3549 756 3626 germanitate,
789 3556 980 3630 atque
1021 3547 1398 3610 indivisibili
1431 3547 1687 3610 vinculo
1722 3566 1816 3610 so-

358 3646 482 3709 ciati
507 3649 580 3710 ab
609 3647 869 3710 exordio
901 3654 1130 3710 nostrae
1162 3646 1812 3720 renuntiationis,tam

359 3743 412 3806 in
439 3747 929 3828 peregrinatione
969 3764 1160 3827 quam
1199 3743 1388 3806 ambo
1424 3745 1813 3826 arripuimus

357 3840 556 3906 intuitu
585 3853 648 3906 et
676 3862 893 3907 amore
935 3843 1180 3905 militiae
1215 3843 1587 3924 spiritualiS,
1621 3861 1811 3925 quam

359 3940 410 4001 in
435 3943 896 4005 conversatione
938 3941 1233 4004 coenobii.
1268 3941 1401 4014 Quo
1438 3941 1674 4014 audito,
1708 3960 1812 4002 ex-

356 4055 507 4100 orsus
545 4047 638 4102 est
683 4040 784 4103 ita.

733 4318 1238 4383 CAPITULUM
1301 4320 1388 4382 ΙΙ.

495 4507 571 4560 De
603 4504 937 4577 multiplici
964 4519 1180 4576 yenere
1207 4503 1639 4559 amicitiarum.

471 4735 735 4800 lVERSA
788 4745 937 4798 sunt
982 4755 1216 4817 genera
1263 4735 1690 4798 amicitiarum
1740 4756 1813 4800 ac

489 4834 822 4909 societatiS,
856 4853 998 4916 quae
1039 4834 1306 4896 diversis
1350 4834 1552 4896 modis
1585 4853 1814 4897 conne-

357 4935 507 4993 ctunt
538 4951 736 5014 genus
776 4933 1128 4995 humanum
1169 4933 1496 4995 sodalitate
1536 4933 1817 4995 dilectio-

356 5027 453 5090 niS.
499 5032 808 5106 Quosdam
855 5031 1029 5094 enim
1086 5032 1449 5112 praecedens
1500 5049 1817 5093 commen-

355 5124 498 5190 datio
545 5131 694 5193 fecit
751 5131 911 5192 inire
967 5130 1176 5213 primo
1229 5130 1543 5204 notitiam,
1589 5130 1817 5193 deinde

1930 2983 2056 3028 non
2101 2966 2308 3029 solum
2348 2968 2741 3042 hominibus,
2774 2968 2884 3029 sed
2924 2975 2986 3028 et
3026 2966 3229 3030 brutis
3274 2986 3421 3031 con-

1929 3065 2146 3127 venire
2189 3065 2500 3128 videmus.
2529 3067 2684 3129 Nam
2736 3066 2944 3148 pullos
2988 3083 3135 3128 suos
3176 3075 3287 3129 aut
3324 3085 3421 3129 ca-

1929 3162 2093 3225 tulos
2123 3163 2217 3225 sic
2248 3172 2586 3245 protegunt
2618 3172 2683 3226 et
2712 3164 3084 3238 defendunt,
3118 3165 3419 3247 instigan-

1929 3267 1987 3321 te
2021 3260 2138 3322 hoc
2179 3262 2449 3323 naturali
2488 3261 2747 3338 affectu,
2782 3270 2853 3324 ut
2892 3261 3258 3345 frequenter
3291 3281 3417 3325 non

1927 3357 2193 3420 timeant
2222 3379 2288 3421 sc
2328 3377 2444 3441 pro
2485 3359 2613 3422 illis
2651 3379 2967 3442 exponere
3010 3361 3194 3422 morti
3229 3368 3418 3442 atque

1927 3457 2249 3538 periculis.
2286 3458 2568 3540 Denique
2608 3458 2826 3522 bestiae
2870 3466 2934 3520 et
2975 3465 3301 3540 serpentes
3343 3478 3417 3521 ac

1922 3574 2070 3616 aves
2110 3575 2252 3638 quae
2297 3564 2553 3638 propt-er
2594 3555 3059 3618 intolerabilem
3098 3554 3415 3618 feritatem

1922 3672 1994 3714 ac
2026 3654 2203 3715 virus
2246 3653 2643 3716 mortiferum
2675 3653 2755 3715 ab
2795 3652 3096 3715 omnibus
3127 3672 3419 3736 separan-

1922 3759 2045 3824 tur,
2102 3759 2172 3813 ut
2221 3759 2370 3814 sunt
2420 3751 2699 3814 basilisci
2748 3760 2812 3813 et
2863 3760 3295 3815 monocerotes
3343 3771 3416 3814 ac

1921 3851 2427 3932 grypheS‚quum
2460 3858 2521 3912 et
2550 3851 2685 3913 solo
2709 3851 2851 3912 visu
2883 3851 3239 3932 perniciosa
3270 3870 3417 3912 cun-

1922 3949 2040 4010 ctis
2083 3949 2395 4021 dicantur,
2430 3956 2641 4010 tamen
2692 3949 2857 4010 inter
2898 3968 2965 4010 se
3009 3957 3416 4030 perseverant

1850 4046 1893 4109 C
1923 4047 2180 4110 innoxia
2210 4056 2270 4108 et
2301 4055 2522 4128 pacata
2559 4065 2636 4108 ex
2667 4046 2985 4109 consortio
3013 4047 3275 4127 originis
3304 4054 3415 4109 aut

1922 4145 2227 4206 naturalis
2285 4144 2667 4206 affectionis.
2718 4145 2985 4225 Insuper
3031 4144 3196 4206 sicut
3243 4145 3413 4206 vide-

1921 4262 2064 4305 mus
2095 4243 2311 4306 omnia
2338 4243 2468 4324 jam
2502 4242 2760 4324 prael'ata
2792 4260 3023 4323 genera
3053 4243 3411 4306 dilectionis

1923 4343 2289 4405 communia
2318 4349 2456 4404 esse
2486 4341 2671 4405 bonis
2702 4360 2775 4402 ac
2808 4341 3013 4417 maliS,
3039 4340 3191 4403 seris
3222 4349 3412 4424 atque

1921 4441 2346 4524 serpentibuS,
2390 4441 2482 4502 sic
2522 4446 2767 4501 certum
2810 4447 2906 4500 est
2945 4459 3019 4501 ea
3058 4457 3183 4501 non
3228 4457 3413 4520 posse

1921 4559 2173 4621 semper
2212 4556 2613 4621 perseverare
2659 4556 2860 4619 usque
2900 4537 2965 4598 in
3010 4537 3231 4610 finem,
3265 4536 3417 4619 quia

1920 4638 2288 4720 frequenter
2319 4636 2730 4718 interrumpit
2767 4655 2840 4697 ac
2880 4635 3108 4698 dividit
3146 4655 3222 4698 ea
3254 4636 3416 4698 loco-

1922 4756 2065 4797 rum
2105 4735 2425 4808 distantia,
2458 4734 2827 4815 temporalis
2866 4733 3105 4796 oblivio
3134 4741 3196 4796 et
3227 4752 3415 4816 nego-

1924 4835 2156 4898 tiorum
2212 4839 2589 4896 contractus
2645 4832 3190 4906 Quemadmodum
3240 4833 3414 4895 enim

1925 4933 2129 4996 solent
2165 4931 2410 5012 acquiri
2451 4949 2529 4992 ex
2570 4929 2839 4992 diversis
2879 4930 3289 4992 societatibus
3328 4931 3419 4992 lu-

1925 5033 2038 5105 cri,
2059 5031 2191 5094 sive
2226 5029 2532 5102 libidinis,
2552 5036 2660 5090 aut
2690 5028 3280 5109 consanguinitatiS,
3304 5049 3416 5091 seu

1926 5129 2272 5212 cujuslibet
2304 5127 2721 5200 necessitatis,
2757 5128 2843 5189 ita
2873 5127 3206 5190 solvuntur
3236 5128 3422 5189 inter-

356 5226 689 5292 amicitiam.
725 5229 795 5290 In
831 5227 975 5290 aliis
1017 5235 1231 5289 autem
1275 5227 1534 5310 quidam
1580 5237 1819 5291 contra·
1847 5233 1894 5295 D
1927 5229 2221 5292 veniente
2280 5244 2681 5308 quacumque
2744 5226 3075 5288 occasione
3134 5225 3413 5298 divortii,

359 5331 474 5388 ctus
515 5337 624 5391 aut
670 5327 880 5412 pactio
922 5327 1050 5390 dati
1095 5335 1158 5390 et
1203 5327 1448 5410 accepti
1496 5328 1816 5410 copulavit

1925 5346 2037 5390 seu
2081 5325 2420 5388 deficiente
2463 5342 2653 5386 causa
2693 5341 2932 5386 eorum.
