4359 6267
95 2387 134 2428 11.
147 2401 274 2440 nuni,

85 2455 138 2492 1-3.

101 3280 176 3321 lbid.
193 3286 222 3326 5.
237 3286 270 3324 6.

89 4649 173 4696 lm
184 4671 228 4706 ιιι,
239 4662 260 4701 t

75 4713 159 4764 1⁸¹¹:
179 4718 271 4764 Lxx.

262 4643 570 4710 ‚formiter
625 4649 787 4711 dixit
833 4649 912 4710 ad
962 4648 1276 4711 Ninivitas
1329 4665 1343 4710 ε

931 527 1348 575 commortua!
1390 528 1474 573 SS.
1509 527 1752 574 PATRUM
1795 527 1970 572 unna
2009 528 2072 574 ΙΙ.
2115 545 2199 556 -·
2240 525 2525 572 ΟΟΠΑΤῙΟ
2566 528 2693 573 XVI!
3241 508 3363 572 339

297 697 804 780 perseverantiam
865 695 1313 780 hospitalitatis
1373 695 1610 778 ipsius3
1661 696 1760 758 sin
1791 695 1842 758 A
1871 696 2168 772 vitarum,
2215 697 2617 760 convincitur
2662 703 2877 760 tamen
2926 716 3039 780 per
3082 696 3143 759 id
3193 696 3363 777 quod

293 803 482 858 autem
517 796 804 859 absoluta
835 796 1184 859 assertione
1223 795 1600 857 recusabant
1639 795 1764 877 pri-

297 914 444 956 mam
486 895 682 977 ipsius
728 895 1192 968 invitationem,
1226 901 1471 957 certum
1515 901 1612 956 est
1653 911 1760 956 eos

295 1002 542 1056 mutasse
599 995 1000 1057 sententiam.
1051 995 1195 1057 Haec
1253 1011 1507 1075 quoque
1565 993 1762 1055 credi-

297 1112 420 1154 mus
455 1093 756 1174 Spiritum
796 1093 1098 1156 Sanctum
1142 1093 1378 1156 idcirco
1417 1092 1761 1155 inseruisse

295 1190 702 1254 voluminibus
741 1193 961 1266 sacriS,
994 1200 1306 1275 quatenus
1348 1193 1484 1254 istis
1519 1191 1762 1254 erudia-

297 1309 424 1350 mur
467 1290 771 1372 exemplis
819 1309 950 1352 non
997 1291 1304 1354 inhaerere
1355 1291 1762 1372 pertinaciter

295 1389 753 1474 delinitionibus
803 1390 1101 1472 propriiS‚
1142 1391 1250 1452 sed
1296 1390 1614 1470 subjicere
1655 1408 1760 1450 eas

293 1488 530 1551 arbitrio
569 1497 820 1568 nostr03
853 1488 1074 1570 sicque
1112 1488 1428 1571 judicium
1472 1497 1760 1550 nostrum

295 1603 642 1650 conservare
689 1588 772 1649 ab
820 1587 997 1650 omni
1045 1587 1304 1650 vinculo
1354 1587 1651 1660 liberum,
1695 1594 1764 1648 ut

295 1693 638 1768 promptum
685 1686 768 1747 sit
815 1687 997 1767 sequi
1045 1704 1452 1768 quocumque
1509 1685 1762 1748 salubre

293 1784 608 1847 consilium
666 1785 986 1848 vocaverit
1047 1786 1279 1866 ipsum,
1330 1803 1448 1847 nec
1507 1783 1762 1846 differat

1872 795 2178 859 Dominus
2218 797 2305 858 ait
2348 815 2461 878 per
2498 796 2891 859 Ezechielem
2933 796 3307 879 prophetam
3344 811 3359 856 ε

1871 895 1934 958 Si
1967 894 2187 958 dixero
2218 895 2438 977 impio,
2470 896 2664 958 Morte
2704 895 3031 974 morieris;
3072 902 3137 956 et
3165 894 3363 974 egerit
3443 901 3620 946 Ezech-

1872 995 2313 1077 poenitentiam
2344 1014 2379 1056 a
2410 1002 2669 1077 peccato
2708 1011 2843 1067 sue,
2878 993 3229 1076 feceritque
3264 993 3365 1075 ju·
3392 978 3537 1071 }}†¹¹¹’
3569 967 3633 1012 ¹⁴⁸

1871 1095 2111 1156 dicium
2170 1101 2235 1156 et
2288 1093 2625 1174 justitiam,
2676 1093 2805 1156 vita
2864 1093 3057 1166 vivet,
3118 1101 3180 1154 et
3236 1110 3365 1155 non

1873 1193 2198 1255 morietur.
2235 1192 2475 1266 Quibus
2514 1192 2824 1274 exemplis
2861 1192 3166 1254 docemur
3196 1192 3367 1272 quod

1873 1281 1999 1355 non
2039 1292 2348 1355 debemus
2389 1292 2455 1353 in
2496 1291 2728 1353 nostris
2766 1290 3223 1353 assertionibus
3262 1290 3369 1353 ob-

1872 1392 2102 1454 stinate
2148 1392 2399 1465 durare,
2450 1391 2562 1452 sed
2612 1390 2906 1452 clementi
2964 1389 3369 1452 miseratione

1875 1491 2122 1553 mollire
2147 1489 2705 1553 comminationem
2737 1488 3093 1550 necessario
3118 1486 3365 1550 factam.

1873 1591 1949 1652 Et
1997 1609 2076 1652 ne
2125 1590 2290 1652 Deus
2339 1589 2701 1652 crederetur
2748 1587 2899 1650 solis
2954 1587 3255 1650 Ninivitis
3307 1587 3368 1649 id

1875 1689 2285 1762 concessisse,
2344 1687 2479 1770 ipse
2538 1707 2651 1769 per
2707 1685 3047 1749 Jeremiam
3106 1693 3371 1748 testatur

1874 1806 1940 1850 se
1974 1787 2141 1849 idem
2181 1785 2501 1848 facturum
2537 1786 2775 1867 jugiter
2814 1785 3063 1847 cunctis
3102 1783 3372 1847 homini-

293 1891 388 1944 aut
431 1893 672 1946 recuset
710 1885 978 1948 transire
1020 1885 1205 1967 adid
1249 1885 1416 1966 quod
1467 1884 1761 1947 salutaris
1797 1887 1846 1950 B
1875 1886 1996 1948 bus
2040 1886 2106 1948 in
2151 1885 2349 1948 simili
2392 1903 2566 1960 casu,
2600 1892 2661 1946 et
2706 1884 3020 1967 promittit
3062 1901 3129 1946 se
3173 1891 3373 1946 muta-

293 1981 566 2045 discretio
611 1983 924 2046 invenerit
967 2001 1107 2046 esse
1149 1983 1490 2045 salubrius.

363 2081 635 2164 Insuper,
671 2090 738 2144 ut
767 2082 1183 2144 ascendamus
1223 2082 1430 2144 adhuc
1461 2081 1539 2144 ad
1570 2081 1765 2143 subli-

297 2180 474 2242 miora
503 2181 1018 2263 exempla,lsa·ias
1051 2182 1358 2264 propheta
1388 2200 1465 2243 ex
1496 2199 1764 2263 persona

297 2279 392 2341 Dei
434 2280 586 2342 dixit
629 2281 706 2342 ad
751 2280 1084 2342 Ezechiam
1132 2280 1197 2342 in
1243 2281 1407 2342 lecto
1445 2280 1762 2360 jacentem

295 2386 348 2439 et
373 2379 535 2459 gravi
568 2379 942 2460 aegritudine
974 2378 1364 2441 laborantem
1397 2397 1410 2440 :
1438 2379 1581 2441 Haec
1611 2378 1766 2439 dicit

297 2477 600 2552 Dominus,
652 2477 928 2559 Dispone
973 2476 1189 2540 domui
1242 2485 1386 2550 tuae,
1434 2476 1586 2558 quia
1635 2494 1764 2539 mo-

295 2576 458 2638 rieris
498 2584 588 2650 tu,
627 2584 691 2638 et
730 2593 858 2638 non
898 2576 1094 2638 vives.
1130 2575 1578 2657 Convertitque
1622 2575 1766 2636 Eze-

294 2674 448 2736 chias
475 2674 704 2737 faciem
733 2694 916 2737 suam
944 2675 1022 2737 ad
1055 2675 1585 2756 parietem,orans
1618 2693 1765 2736 cum

295 2773 548 2836 lacrimis
579 2774 918 2838 Dominum
957 2794 971 2838 :
1007 2774 1302 2847 Obsecro,
1325 2774 1614 2847 Domine,
1641 2792 1768 2834 me-

297 2880 508 2946 mento,
542 2891 778 2954 quaese,
814 2873 1133 2954 quomodo
1169 2872 1630 2934 ambulaverim
1665 2890 1766 2934 co-

295 2989 412 3032 ram
461 2979 518 3033 te
567 2971 628 3033 in
679 2971 945 3033 veritate
991 2978 1054 3033 et
1102 2971 1288 3033 corde
1347 2970 1651 3052 perfecto,
1703 2978 1767 3032 et

1873 1993 2090 2048 turum
2130 2004 2307 2047 suam
2354 1984 2732 2046 sententiam
2778 1983 3219 2046 incunctanter
3258 2001 3369 2044 seu

1874 2083 2156 2156 indilate,
2209 2102 2409 2164 quum
2468 2082 2663 2144 fuerit
2711 2090 3141 2165 opportunum
3189 2081 3371 2163 juxta

1874 2183 2101 2246 merita
2143 2189 2355 2244 nostra
2399 2199 2412 2242 :
2458 2181 2759 2262 Repente,
2795 2179 3112 2262 inquienS‚
3148 2180 3371 2262 loquar
3428 2195 3661 2244 Jemvm,

1874 2282 2176 2344 adversus
2219 2287 2473 2361 gentem
2518 2287 2579 2342 et
2623 2279 2926 2342 adversus
2969 2297 3258 2359 regnum,
3302 2286 3370 2340 ut
3400 2261 3511 2302 ⁷⁴⁰·

1875 2380 2142 2442 evellam
2188 2386 2249 2442 et
2292 2380 2637 2452 destruam,
2674 2387 2732 2441 et
2780 2378 3140 2460 disperdam
3187 2376 3365 2438 illud.

1875 2479 1939 2541 Si
1995 2477 2436 2561 poenitentiam
2496 2478 2697 2558 egerit
2744 2496 2899 2558 gens
2956 2475 3063 2538 illa
3115 2495 3152 2537 a
3205 2475 3373 2536 malo

1875 2595 1992 2640 suo
2021 2577 2189 2659 quod
2222 2576 2471 2639 locutus
2502 2595 2641 2638 sum
2675 2563 2979 2637 adversus
3009 2591 3371 2654 eam,agam

1875 2683 1938 2738 et
1976 2693 2092 2757 ego
2133 2675 2575 2757 poenitentiam
2622 2693 2814 2756 super
2855 2672 3019 2735 malo
3062 2673 3231 2754 quod
3271 2689 3373 2734 co-

1874 2775 2069 2856 gitavi
2114 2782 2185 2835 ut
2230 2772 2502 2836 facerem
2546 2773 2629 2846 ei,
2660 2781 2721 2834 et
2766 2771 2979 2834 subito
3029 2771 3251 2853 loquar
3294 2771 3373 2832 de

1875 2882 2061 2955 gente
2091 2880 2153 2935 et
2184 2873 2261 2935 de
2294 2891 2507 2953 regn0,
2542 2880 2612 2934 ut
2641 2870 2954 2934 aedificem
2996 2878 3058 2932 et
3089 2870 3370 2953 plantem

1878 2972 2055 3036 illud.
2093 2972 2155 3034 Si
2189 2972 2414 3034 fecerit
2453 2971 2693 3034 malum
2736 2970 2799 3032 in
2840 2969 3042 3032 oculis
3084 2969 3267 3042 meis,
3303 2976 3373 3030 ut

294 3070 444 3149 quod
492 3070 728 3132 bonum
783 3077 880 3132 est
929 3070 994 3131 in
1043 3069 1244 3132 oculis
1299 3069 1427 3132 tuis
1476 3069 1759 3132 fecerim.
1803 3073 1846 3137 C
1877 3091 2002 3134 non
2048 3071 2263 3134 audiat
2302 3089 2523 3133 vocem
2576 3088 2805 3141 meam,
2837 3088 3015 3149 agam
3063 3069 3373 3151 poeniten-

295 3167 596 3250 Flevitque
631 3168 934 3231 Ezechias
975 3168 1130 3230 fletu
1169 3186 1414 3250 magno.
1449 3168 1592 3231 Post
1626 3188 1766 3250 quae

295 3285 494 3329 rursus
535 3267 780 3330 locutus
813 3275 909 3330 est
939 3267 1244 3330 Dominus
1285 3267 1458 3330 lsaiae
1493 3287 1506 3330 :
1542 3267 1767 3330 Rever-

295 3373 431 3439 tere,
461 3375 524 3428 et
570 3367 672 3429 dic
723 3367 1026 3440 Ezechiae,
1070 3367 1212 3429 Haec
1259 3366 1413 3428 dicit
1461 3365 1770 3428 Dominus

297 3464 442 3526 Deus
490 3465 682 3528 David
733 3465 931 3548 patris
981 3465 1095 3539 tui,
1140 3465 1369 3527 Audivi
1420 3464 1766 3526 orationem

295 3571 450 3626 tuam
494 3571 555 3626 et
592 3564 725 3626 vidi
770 3563 1064 3626 lacrimas
1108 3571 1282 3642 tuas:
1324 3571 1386 3625 et
1425 3581 1574 3624 ecce
1615 3562 1766 3642 adji-

296 3661 442 3724 ciam
497 3682 688 3744 super
741 3663 878 3725 dies
928 3671 1070 3725 tuos
1121 3661 1488 3744 quindecim
1547 3679 1767 3734 annOS,

294 3761 446 3822 etde
485 3781 672 3824 manu
715 3762 883 3842 regis
920 3760 1320 3844 Assyriorum
1361 3759 1647 3821 liberabo
1685 3765 1767 3832 te,

295 3864 348 3918 et
376 3859 687 3922 civitatem
722 3859 888 3922 hanc
923 3867 1247 3941 protegam
1286 3864 1544 3940 propter
1573 3877 1674 3918 me
1709 3865 1772 3920 et

297 3967 538 4040 propter
582 3959 782 4021 David
831 3977 1086 4020 servum
1148 3977 1383 4020 meum.
1437 3957 1596 4031 Quid
1647 3956 1772 4018 evi-

295 4055 530 4119 dentius
572 4058 939 4120 testimonio
984 4058 1126 4131 isto,
1160 4074 1288 4139 quo
1322 4056 1525 4119 voluit
1564 4055 1772 4119 Domi-

297 4173 404 4216 nus
433 4176 614 4219 suum
649 4175 896 4219 cassare
926 4173 1284 4219 sermonem
1317 4155 1552 4217 intuitu
1583 4155 1776 4236 pieta-

1876 3172 2028 3234 tiam
2071 3189 2265 3252 super
2304 3169 2470 3232 bono
2501 3169 2669 3250 quod
2712 3169 2959 3230 locutus
3000 3187 3141 3229 sum
3182 3175 3253 3228 ut
3282 3167 3371 3229 fa-

1878 3288 2084 3332 cerem
2130 3269 2208 3330 ei.
2245 3269 2337 3330 Ad
2365 3267 2695 3329 Jeremiam
2729 3285 2983 3349 quoque
3018 3285 3032 3328 :
3065 3266 3227 3339 Noli,
3261 3267 3369 3338 ait,
3431 3280 3663 3334 mam..

1877 3368 2249 3432 subtrahere
2306 3366 2597 3438 verbum,
2649 3365 2703 3426 si
2762 3364 2924 3427 sorte
2980 3364 3261 3438 audiant,
3312 3372 3375 3426 et
3401 3347 3503 3392 2’3·

1878 3469 2283 3531 convertatur
2324 3464 2765 3546 unusquisque
2805 3483 2841 3526 a
2879 3463 2983 3526 via
3024 3483 3139 3525 sua
3178 3463 3374 3542 mala3

1878 3574 1939 3628 et
1971 3563 2307 3648 poenitebit
2338 3582 2439 3626 me
2472 3562 2622 3625 mali
2660 3563 2827 3644 quod
2859 3561 3126 3644 cogitavi
3170 3560 3378 3623 facere

1879 3665 1972 3728 eis
2028 3671 2289 3746 propter
2348 3661 2658 3724 malitiam
2718 3660 3073 3724 studiorum
3133 3678 3373 3723 eorum.

1879 3762 2120 3837 Quibus
2177 3761 2557 3824 testimoniis
2609 3759 2966 3822 declaratur
3020 3777 3145 3822 non
3196 3777 3380 3840 opor-

1881 3870 2014 3924 tere
2063 3860 2474 3944 pertinaciter
2535 3860 2844 3922 inhaerere
2893 3856 3379 3921 definitionibus

1883 3960 2180 4044 propriiS‚
2216 3959 2326 4020 sed
2362 3958 2530 4040 quod
2564 3957 2991 4039 temperandae
3032 3956 3159 4018 sint
3195 3955 3379 4017 ratio-

1883 4079 1962 4122 ne
1993 4067 2182 4140 atque
2219 4056 2501 4139 judici03
2544 4056 2807 4118 meliora
2836 4072 3090 4136 quoque
3130 4073 3381 4136 semper

1882 4177 2020 4221 esse
2077 4156 2369 4238 eligenda
2425 4174 2496 4216 ac
2557 4153 2970 4236 praeferenda,
3021 4160 3085 4214 et
3141 4152 3380 4233 absque

296 4251 388 4325 tis,
420 4261 480 4316 et
510 4256 706 4318 vitam
747 4255 984 4318 orantis
1023 4255 1362 4317 extendere
1403 4253 1768 4337 quindecim
1802 4259 1853 4320 D
1883 4275 2060 4320 mora
2103 4253 2557 4316 transeundum
2610 4271 2747 4314 esse
2786 4252 2864 4314 ad
2911 4251 3083 4314 illam
3136 4259 3378 4334 partem

295 4354 464 4415 annis
519 4374 556 4416 a
613 4353 888 4416 termino
949 4353 1169 4416 mortis
1230 4353 1516 4435 praefixo,
1571 4352 1772 4432 magis

296 4469 474 4531 quam
532 4452 882 4514 immobilis
939 4460 1003 4514 et
1061 4450 1437 4514 inflexibilis
1497 4450 1773 4513 inveniri

299 4567 402 4628 per
445 4551 1042 4614 irrevocabilitatem
1093 4551 1336 4633 proprii
1383 4551 1578 4613 dicti?
1622 4549 1776 4614 Con-

1394 4648 1616 4710 Adhuc
1666 4647 1774 4709 tri-

297 4743 502 4820 duum,
535 4756 597 4810 et
644 4747 873 4811 Ninive
923 4747 1346 4810 subvertetur.
1390 4748 1529 4809 Mox
1575 4746 1774 4828 poeni-

298 4845 498 4910 tentiis
526 4857 715 4930 atque
743 4846 1008 4930 jejuniis
1039 4846 1462 4910 Ninivitarum
1495 4845 1776 4909 emollita

297 4953 384 5006 est
423 4953 547 5009 tam
601 4948 816 5010 minax
861 4954 924 5009 et
970 4945 1276 5008 assertiva
1323 4946 1658 5019 sententia,
1703 4965 1776 5006 ac

301 5061 484 5124 prona
523 5047 754 5128 pietate
786 5046 864 5108 ad
896 5052 1140 5127 partem
1183 5044 1634 5108 misericordiae
1663 5044 1777 5106 sle-

299 5161 384 5204 xa.
418 5145 586 5218 Quod
624 5146 678 5207 si
718 5145 862 5227 quis
903 5143 1172 5216 dubitet,
1207 5144 1341 5206 sive
1382 5162 1507 5205 non
1551 5144 1776 5206 audeat

299 5239 496 5306 dicere
543 5244 742 5306 Deum
793 5249 1072 5305 mutasse
1122 5249 1250 5304 tam
1302 5261 1587 5305 severam
1638 5261 1777 5305 sen-

301 5341 548 5404 tentiam
599 5341 1102 5405 consideratione
1163 5341 1554 5423 poenitentiae
1601 5339 1776 5402 Nini-

1883 4375 2024 4438 quae
2069 4353 2263 4416 suerit
2304 4351 2586 4434 judicata
2627 4349 2865 4412 utilior.

2218 4597 2223 4600 ¹
2247 4605 2753 4670 CAPITULUM
2814 4607 3031 4670 XVII.

1923 4755 2094 4822 Quod
2129 4756 2289 4810 Deus
2328 4756 2651 4811 secundum
2680 4761 3013 4828 praesentes
3052 4763 3218 4813 actus
3254 4756 3349 4812 vel

2019 4851 2356 4901 remuneret
2384 4861 2861 4918 unumquemque
2889 4846 2985 4902 vel
3004 4848 3250 4918 puniat.

2027 5042 2239 5105 lVINA
2270 5059 2525 5124 quoque
2554 5043 2803 5122 justitia
2834 5042 2953 5104 hoc
2983 5048 3129 5103 ante
3168 5042 3383 5104 omnia

2049 5141 2233 5203 docet
2262 5159 2401 5214 noS‚
2435 5141 2606 5222 quod
2636 5159 2835 5222 quum
2866 5140 2923 5201 ei
2958 5140 3380 5221 praecognitus

1889 5240 1970 5302 sit
2012 5239 2162 5302 sinis
2206 5239 2649 5302 universorum
2694 5245 2838 5300 ante
2882 5246 3092 5301 ortum
3132 5255 3377 5312 eorum,

1887 5337 2091 5400 nihilo
2139 5337 2354 5400 minus
2404 5345 2633 5399 cuncta
2678 5337 3005 5419 dispensat
3046 5336 3269 5400 ordine
3320 5345 3382 5400 et
