4359 6267
1130 538 1545 586 coLLATlont
1586 539 1671 584 SS.
1704 538 1947 584 pulum
1986 538 2162 585 Lmlffl
2205 539 2243 584 Ι.
2289 556 2370 568 --
2409 538 2696 587 cotLArto
2737 540 2798 585 IV

416 724 630 788 neque
673 707 805 769 Dei.
854 708 946 770 Ex
988 707 1373 790 negligentia
1414 707 1652 771 etenim
1698 715 1914 770 nostra
1941 707 1994 770 A

414 804 769 879 descendit,
788 824 987 887 quum
1017 806 1398 888 procedente
1425 814 1637 887 tepore
1663 824 1739 867 ex
1764 805 1917 868 vitio

415 909 657 975 nostro,
708 902 1018 965 habemus
1059 922 1174 967 nos
1224 921 1438 967 coram
1475 904 1604 967 Deo
1653 903 1915 975 remisse

413 1006 481 1060 et
532 998 1086 1081 incircumspecte,
1136 1008 1201 1063 et
1256 999 1463 1063 noxiis
1521 1000 1915 1081 cogitationi-

416 1095 543 1158 bus
572 1115 687 1179 per
718 1098 1037 1178 ignaviam
1076 1098 1515 1180 desidiamque
1552 1100 1913 1178 nutrimur3

415 1194 643 1276 sicque
670 1203 903 1257 terram
949 1197 1148 1259 nostri
1189 1197 1397 1260 cordis
1434 1197 1793 1278 germinare
1829 1196 1915 1258 fa-

416 1292 631 1354 cimus
660 1294 875 1375 spinas
904 1312 977 1355 ac
1011 1295 1302 1369 tribulos,
1336 1295 1571 1377 quibus
1604 1296 1670 1357 in
1700 1313 1773 1357 ea
1812 1314 1915 1355 na-

420 1390 775 1464 scentibus,
808 1400 1271 1474 consequenter
1303 1392 1630 1455 efficimur
1667 1393 1914 1455 steriles

418 1496 614 1570 atque
661 1489 741 1551 ab
790 1490 967 1553 omni
1018 1490 1335 1574 spirituali
1385 1491 1599 1554 fructu
1655 1499 1718 1553 et
1766 1507 1913 1553 con-

420 1587 836 1669 templatione
896 1588 1135 1651 inanes,
1196 1590 1385 1652 Porro
1446 1609 1523 1651 ex
1582 1590 1914 1672 impugna-

416 1685 593 1748 tione
638 1684 875 1749 diaboli
919 1688 1144 1761 oritur,
1188 1708 1388 1770 quum
1431 1696 1495 1750 et
1534 1688 1719 1750 bonis
1760 1688 1912 1750 acti-

418 1782 541 1845 bus
573 1784 793 1859 dediti,
829 1785 1216 1848 retrahimur
1244 1786 1323 1847 ab
1358 1787 1618 1869 optimis
1662 1787 1912 1849 intenti-

416 1874 659 1943 onibus=
704 1883 1069 1963 ignoranter
1114 1893 1223 1947 aut
1281 1884 1499 1959 invite,
1549 1886 1910 1948 adversario
1947 1887 1994 1948 B
2024 1885 2276 1966 impleri
2303 1902 2316 1945 ε
2339 1885 2476 1947 Non
2506 1884 2778 1947 volentis
2808 1902 3014 1965 neque
3043 1882 3379 1955 currentiS,
3403 1883 3513 1944 sed
3541 1900 3804 1949 nammis.

418 1996 532 2041 cor
580 1987 872 2043 nostrum
932 1982 1207 2044 intrante
1265 2002 1379 2045 sua
1428 1991 1683 2045 versuta
1738 1982 1913 2045 calli-

417 2078 634 2141 ditate.

830 2360 1336 2426 CAPITULUM
1394 2363 1510 2427 IV.

486 2544 659 2611 Quod
682 2543 921 2616 dupleoe
946 2544 1029 2598 sit
1056 2560 1242 2600 causa
1267 2544 1746 2616 dispensationis
1774 2560 1845 2600 ac

830 2630 1224 2703 probationis
1252 2632 1502 2687 divinae.

558 2862 1127 2927 ISPENSATIONIS
1179 2871 1391 2925 autem
1441 2881 1551 2925 seu
1603 2862 1915 2946 probatio—

576 2965 677 3025 nis
720 2963 831 3026 Dei
872 2962 939 3023 in
981 2962 1101 3024 isto
1139 2961 1373 3041 duplex
1413 2970 1509 3023 est
1548 2980 1755 3023 causa.
1788 2961 1914 3023 Pri-

3395 514 3511 580 177

2446 754 2949 818 CAPITULUM
3010 753 3092 817 V.

2024 902 2198 971 Quod
2227 902 2499 959 studium
2524 907 2581 957 et
2609 901 2926 958 industria
2953 906 3164 957 nostra
3191 900 3288 956 nil
3313 900 3514 956 valeat

2447 993 2580 1047 sine
2608 990 2926 1063 adjutorio
2955 992 3084 1047 Dei.

2150 1197 2261 1260 ER
2299 1216 2442 1279 quae
2479 1197 2808 1260 evidenter
2843 1195 3165 1278 probatur,
3199 1194 3369 1275 quod
3405 1193 3516 1255 mi-

2090 1350 2095 1355 .
2174 1295 2518 1358 sericordia
2554 1303 2617 1357 et
2654 1294 2853 1375 gratia
2891 1301 3234 1376 operentur
3260 1310 3514 1374 semper

2024 1394 2088 1455 in
2120 1393 2306 1455 nobis
2345 1412 2418 1455 ea
2461 1412 2602 1475 quae
2642 1393 2807 1456 bona
2845 1410 2955 1454 seu
2989 1391 3312 1454 meritoria
3340 1399 3509 1464 sunt,

2021 1500 2085 1555 et
2115 1493 2286 1574 quod
2323 1492 2607 1555 studium
2650 1492 2990 1555 laborantis
3029 1491 3121 1553 nil
3161 1490 3360 1572 possit
3399 1508 3515 1572 per

2022 1609 2131 1669 se3
2177 1608 2294 1653 nec
2341 1591 2718 1654 industriam
2763 1589 2983 1663 animi,
3027 1597 3514 1671 quantumcum-

2022 1708 2145 1771 que
2191 1696 2474 1762 conetur,
2523 1706 2707 1770 posse
2752 1705 3125 1769 recuperare
3169 1686 3511 1768 pristinum

2023 1794 2280 1859 statum,
2315 1795 2376 1849 et
2418 1786 2576 1849 illud
2605 1785 2890 1869 Apostoli
2930 1804 3184 1867 semper
3225 1785 3288 1847 in
3328 1784 3512 1847 nobis

2024 1984 2384 2045 miserentis
2423 1990 2518 2045 est
2557 1983 2689 2044 Dei.
2734 1982 2850 2055 Qui
2892 1982 3213 2044 interdum
3255 1980 3512 2043 visitare

2021 2082 2318 2163 dignatur
2363 2080 2753 2162 negligentes
2801 2099 2875 2142 ac
2933 2079 3239 2142 resolutos
3297 2085 3513 2140 sancta

2023 2178 2437 2261 inspiratione
2488 2179 2748 2259 praefata
2794 2186 2858 2239 et
2906 2177 3333 2260 spiritualium
3385 2194 3512 2238 me-

2023 2276 2400 2339 ditationum
2445 2276 2878 2350 exuberantia,
2922 2275 3316 2357 inspiratque
3358 2272 3515 2336 indi-

2022 2392 2180 2456 gnos
2239 2382 2301 2436 et
2361 2374 2624 2436 suscitat
2691 2374 3085 2456 pigritanteS,
3149 2372 3516 2453 ignorantia)

2024 2472 2306 2534 caecitate
2357 2491 2680 2555 possessos
2732 2471 3073 2546 illuminat,
3128 2479 3192 2532 et
3241 2470 3514 2533 clemen-

2024 2578 2122 2634 ter
2172 2590 2288 2635 nos
2341 2572 2550 2652 arguit
2601 2579 2665 2633 et
2717 2570 3001 2651 castigat,
3055 2569 3397 2631 infundens
3450 2586 3516 2630 se

2026 2669 2326 2731 cordibus
2376 2668 2631 2742 nostris,
2686 2677 2755 2730 ut
2804 2668 2904 2729 vel
2955 2668 3047 2729 sic
3099 2684 3518 2747 provocemur

2023 2785 2364 2847 exsurgere
2424 2766 2704 2847 instigati
2764 2765 2967 2847 ipsius
3025 2763 3516 2845 compunctione

2024 2865 2101 2928 de
2146 2882 2369 2928 somno
2401 2872 2629 2927 nostrae
2662 2864 2922 2925 inertiae.
2960 2862 3244 2943 Denique
3275 2862 3342 2922 in
3371 2860 3518 2923 visi-

2024 2961 2372 3025 tationibus
2398 2962 2538 3024 istis
2564 2962 2910 3042 implemur
2934 2960 3300 3041 frequenter
3323 2958 3516 3021 etiam

414 3080 544 3136 ma,
582 3070 651 3123 ut
694 3061 1021 3143 paulisper
1060 3059 1263 3122 relicti
1306 3079 1343 3121 a
1381 3060 1529 3134 Deo,
1571 3066 1633 3121 et
1673 3060 1913 3141 propri·
1949 3058 1991 3122 C
2023 3060 2326 3124 odoribus
2370 3060 2536 3122 ultra
2573 3078 2829 3121 omnem
2871 3059 3164 3119 humanae
3209 3056 3518 3138 composi-

412 3178 521 3221 am
550 3159 997 3221 infirmitatem
1029 3158 1427 3240 experientes
1458 3158 1911 3238 humiliterque

413 3266 779 3339 pensantes,
812 3274 941 3319 non
986 3256 1367 3319 extollamur
1404 3256 1479 3317 de
1519 3256 1913 3336 praecedente

411 3355 743 3417 alacritate
780 3373 853 3417 ac
894 3355 1168 3436 puritate
1210 3354 1396 3416 nobis
1436 3354 1540 3436 pie
1580 3354 1805 3415 collata
1834 3372 1912 3414 cx

412 3454 781 3516 visitatione
829 3452 1045 3515 divina
1087 3469 1101 3514 :
1148 3452 1369 3534 sicque
1415 3452 1753 3533 probantes
1798 3470 1913 3514 nos

412 3552 507 3613 ita
552 3550 807 3613 relictos
856 3569 985 3613 non
1035 3569 1221 3633 posse
1278 3551 1511 3613 nostris
1566 3550 1911 3631 gemitibus

411 3658 607 3731 atque
648 3649 963 3712 industria
1001 3668 1375 3731 recuperare
1414 3650 1691 3733 priorem
1729 3650 1911 3711 illum

410 3748 653 3811 laetitiae
692 3765 767 3810 ac
809 3747 1139 3810 munditiae
1181 3756 1438 3822 statum,
1481 3748 1912 3829 intelligamus

410 3847 805 3929 praeteritam
833 3865 906 3908 ac
944 3847 1243 3908 amissam
1278 3847 1485 3909 cordis
1522 3847 1913 3909 alacritatem

409 3946 617 4008 fuisse
662 3944 848 4007 nobis
897 3943 1190 4006 collatam
1238 3962 1365 4006 non
1408 3953 1625 4007 nostro
1673 3944 1908 4020 labore,

410 4044 527 4107 sed
582 4043 693 4105 Dei
750 4042 1137 4122 dignatione,
1189 4060 1328 4104 eam
1382 4059 1635 4124 quoque
1693 4062 1912 4105 rursus

408 4160 553 4204 esse
613 4140 951 4223 petendam
1010 4140 1089 4201 de
1139 4140 1393 4222 pietate,
1445 4140 1911 4204 illuminatione

409 4259 487 4302 ac
523 4238 727 4320 gratia
760 4238 1090 4301 Creatoris.
1129 4238 1417 4300 Secunda
1456 4238 1650 4318 hujus
1690 4238 1915 4321 proba·
1944 4243 1993 4303 D

408 4338 609 4401 tionis
641 4344 739 4399 est
780 4354 991 4408 causa,
1032 4342 1101 4398 ut
1136 4335 1586 4417 comprobetur
1626 4354 1914 4417 perseve-

410 4436 639 4509 rantia,
664 4434 1021 4498 constantia
1049 4453 1123 4497 ac
1154 4434 1540 4496 desiderium
1572 4436 1779 4498 cordis
1810 4454 1913 4499 no·

408 4536 549 4610 stri,
583 4544 647 4597 et
678 4532 1125 4596 manifestetur
1153 4552 1279 4614 qua
1314 4534 1521 4595 cordis
1560 4534 1909 4597 intentione-

406 4642 601 4714 atque
638 4631 1002 4694 orationum
1044 4630 1343 4693 instantia
1382 4631 1781 4711 requiramus
1820 4633 1909 4695 vi—

408 4731 776 4792 sitationem
836 4728 1113 4810 Spiritus
1172 4728 1383 4790 Sancti
1442 4745 1558 4790 nos
1616 4730 1906 4792 deseren-

408 4836 539 4889 tem
573 4847 588 4891 :
622 4834 685 4889 et
718 4827 805 4888 ita
842 4825 1133 4888 videntes
1183 4844 1376 4907 quam
1421 4824 1775 4889 difficulter
1812 4845 1905 4889 re-

408 4932 799 5007 cuperentur
855 4922 1091 4986 amissa
1140 4924 1432 4986 alacritas
1487 4942 1562 4986 ac
1612 4925 1905 5005 puritatis

410 5023 649 5098 laetitia,
696 5023 1069 5085 studeamus
1118 5030 1519 5103 recuperatas
1570 5024 1905 5087 sollicitius

409 5121 730 5183 custodire
756 5118 1189 5201 attentiusque
1214 5126 1447 5182 tenere.
1473 5121 1905 5202 Negligent-ius

409 5219 651 5301 quippe
682 5219 841 5282 solet
871 5217 1179 5281 custodiri
1208 5218 1378 5299 quod
1410 5220 1689 5281 creditur
1723 5237 1905 5302 posse

410 5317 687 5380 faciliter
726 5316 1027 5399 reparari.

2021 3159 2215 3222 tionis
2244 3159 2618 3221 suavitatem
2653 3156 3101 3239 praedulcibus,
3127 3156 3213 3217 ita
3237 3164 3303 3217 ut
3335 3174 3516 3217 mens

2024 3258 2442 3320 delectatione
2475 3258 2592 3317 hac
2623 3256 2898 3318 resoluta
2929 3255 3211 3337 rapiatur
3241 3254 3303 3315 in
3336 3254 3518 3336 spiri-

2022 3357 2260 3417 tualem
2299 3374 2653 3428 excessum,
2687 3362 2750 3415 et
2787 3353 3200 3417 obliviscatur
3237 3372 3304 3415 se
3346 3369 3514 3414 com-

2024 3454 2257 3516 morari
2303 3454 2367 3514 in
2412 3472 2618 3515 carne.

2423 3703 2926 3771 CAPITULUM
2994 3707 3110 3770 VI.

2057 3858 2230 3925 Quod
2257 3855 2410 3913 utile
2436 3856 2611 3912 nobis
2639 3856 2722 3909 sit
2751 3856 3056 3911 interdum
3083 3872 3122 3911 α
3149 3857 3269 3911 Deo
3299 3855 3480 3928 quasi

2627 3944 2916 4016 relinqui.

2145 4140 2444 4204 ANCTUS
2488 4158 2742 4222 quoque
2786 4142 2982 4204 David
3027 4142 3318 4222 cognovit
3362 4161 3516 4223 prae-

2164 4247 2396 4301 tactam
2437 4239 2927 4302 derelictionem
2982 4259 3092 4301 seu
3148 4240 3257 4301 Dei
3313 4257 3514 4300 reces—

2024 4356 2167 4398 sum
2231 4343 2357 4397 tam
2416 4336 2640 4397 utilem
2699 4354 2858 4409 esse,
2903 4338 3072 4419 quod
3130 4354 3256 4399 non
3314 4336 3516 4398 oravit

2022 4455 2103 4497 ne
2145 4435 2211 4496 in
2257 4434 2435 4497 nullo
2475 4434 2733 4517 penitus
2777 4435 3244 4518 relinqueretur
3283 4455 3321 4498 a
3363 4436 3508 4498 Dee.

2023 4534 2154 4596 Hoc
2185 4553 2460 4616 namque
2491 4532 2734 4596 sciebat
2765 4534 3184 4615 incongruum
3220 4553 3359 4597 esse
3389 4535 3514 4597 sibi

2020 4641 2129 4695 aut
2172 4632 2467 4695 humana)
2513 4640 2754 4695 naturae
2796 4633 2875 4694 ad
2920 4634 3272 4714 quamlibet
3311 4634 3514 4717 perfe-

2020 4730 2296 4792 ctionem
2349 4729 2788 4812 pervenienti3
2835 4730 2946 4793 sed
2994 4731 3368 4813 deprecatus
3415 4741 3510 4794 est

2019 4828 2498 4891 derelictionem
2548 4828 2719 4889 illam
2781 4828 2994 4911 potius
3057 4830 3390 4911 temperari
3441 4832 3504 4893 in

2018 4946 2107 5000 se,
2160 4926 2380 4988 dicens
2426 4943 2440 4987 :
2493 4926 2630 4988 Non
2681 4945 2783 4988 me
2829 4926 3232 5007 derelinquas
3281 4946 3797 5008 usque-P2.0xv1u,s.

2018 5042 2290 5105 quaque.
2339 5022 2428 5085 Ac
2477 5024 2529 5085 si
2581 5024 2820 5085 diceret
2864 5023 3008 5085 aliis
3057 5023 3320 5087 verbis:
3363 5023 3504 5086 Scio

2018 5122 2188 5203 quod
2220 5121 2420 5183 soleas
2460 5130 2709 5184 sanctos
2741 5128 2882 5183 tuos
2914 5121 3156 5184 utiliter
3184 5122 3502 5184 interdum

2016 5220 2400 5300 relinquere,
2459 5227 2772 5301 quatenus
2832 5220 3060 5302 probes
3117 5237 3272 5298 eos;
3321 5219 3506 5282 aliter

2016 5316 2191 5380 enim
2231 5317 2312 5380 ab
2360 5318 2720 5381 adversario
2768 5318 2998 5381 tentari
3045 5336 3171 5381 non
3215 5326 3501 5401 possunt,
