<?xml version="1.0" encoding="UTF-8"?>
<!DOCTYPE html PUBLIC "-//W3C//DTD XHTML 1.0 Transitional//EN"
    "http://www.w3.org/TR/xhtml1/DTD/xhtml1-transitional.dtd">
<html xmlns="http://www.w3.org/1999/xhtml" xml:lang="en" lang="en">
 <head>
  <title>
</title>
<meta http-equiv="Content-Type" content="text/html;charset=utf-8" />
  <meta name='ocr-system' content='tesseract 3.04.00' />
  <meta name='ocr-capabilities' content='ocr_page ocr_carea ocr_par ocr_line ocrx_word'/>
</head>
<body>
  <div class='ocr_page' id='page_1' title='image "./doctorisecstati03denigoog_0199.png"; bbox 0 0 4359 6267; ppageno 0'>
   <div class='ocr_carea' id='block_1_1' title="bbox 1124 543 2780 591">
    <p class='ocr_par' dir='ltr' id='par_1_1' title="bbox 1124 543 2780 591">
     <span class='ocr_line' id='line_1_1' title="bbox 1124 543 2780 591; baseline -0.002 0"><span class='ocrx_word' id='word_1_1' title='bbox 1124 543 1541 591; x_wconf 71' lang='lat' dir='ltr'>COLLATIONUM</span> <span class='ocrx_word' id='word_1_2' title='bbox 1585 546 1670 590; x_wconf 89' lang='lat' dir='ltr'>SS.</span> <span class='ocrx_word' id='word_1_3' title='bbox 1706 544 1949 590; x_wconf 77' lang='lat' dir='ltr'>PA&#39;muu</span> <span class='ocrx_word' id='word_1_4' title='bbox 1990 544 2167 589; x_wconf 71' lang='lat' dir='ltr'>LIBER</span> <span class='ocrx_word' id='word_1_5' title='bbox 2209 546 2248 590; x_wconf 89' lang='lat'>1.</span> <span class='ocrx_word' id='word_1_6' title='bbox 2294 564 2374 572; x_wconf 93' lang='lat'><strong>—</strong></span> <span class='ocrx_word' id='word_1_7' title='bbox 2415 545 2700 591; x_wconf 83' lang='lat' dir='ltr'>COLLATIO</span> <span class='ocrx_word' id='word_1_8' title='bbox 2741 546 2780 588; x_wconf 79' lang='lat' dir='ltr'>V</span> 
     </span>
    </p>
   </div>
   <div class='ocr_carea' id='block_1_2' title="bbox 3383 523 3494 587">
    <p class='ocr_par' dir='ltr' id='par_1_2' title="bbox 3383 523 3494 587">
     <span class='ocr_line' id='line_1_2' title="bbox 3383 523 3494 587; baseline 0 -1"><span class='ocrx_word' id='word_1_9' title='bbox 3383 523 3494 587; x_wconf 76' lang='lat'>191</span> 
     </span>
    </p>
   </div>
   <div class='ocr_carea' id='block_1_3' title="bbox 406 713 3498 796">
    <p class='ocr_par' dir='ltr' id='par_1_3' title="bbox 406 713 3498 796">
     <span class='ocr_line' id='line_1_3' title="bbox 406 713 3498 796; baseline 0 -21"><span class='ocrx_word' id='word_1_10' title='bbox 406 713 610 776; x_wconf 87' lang='lat' dir='ltr'>sciunt</span> <span class='ocrx_word' id='word_1_11' title='bbox 654 714 718 776; x_wconf 90' lang='lat' dir='ltr'>in</span> <span class='ocrx_word' id='word_1_12' title='bbox 758 714 1101 777; x_wconf 80' lang='lat' dir='ltr'><strong>solitudine</strong></span> <span class='ocrx_word' id='word_1_13' title='bbox 1144 723 1607 778; x_wconf 78' lang='lat' dir='ltr'><strong>commorantes</strong></span> <span class='ocrx_word' id='word_1_14' title='bbox 1645 715 1755 796; x_wconf 87' lang='lat' dir='ltr'>qui</span> <span class='ocrx_word' id='word_1_15' title='bbox 1803 714 1893 775; x_wconf 88' lang='lat' dir='ltr'>in·</span> <span class='ocrx_word' id='word_1_16' title='bbox 1924 714 1973 777; x_wconf 89' lang='lat' dir='ltr'><strong>A</strong></span> <span class='ocrx_word' id='word_1_17' title='bbox 2005 713 2515 796; x_wconf 87' lang='lat' dir='ltr'>praecedentibus</span> <span class='ocrx_word' id='word_1_18' title='bbox 2554 714 2707 776; x_wconf 92' lang='lat' dir='ltr'>victi</span> <span class='ocrx_word' id='word_1_19' title='bbox 2747 713 3096 791; x_wconf 82' lang='lat' dir='ltr'>fuerimus3</span> <span class='ocrx_word' id='word_1_20' title='bbox 3139 715 3247 776; x_wconf 92' lang='lat' dir='ltr'>sed</span> <span class='ocrx_word' id='word_1_21' title='bbox 3292 714 3498 795; x_wconf 91' lang='lat' dir='ltr'>majus</span> 
     </span>
    </p>
   </div>
   <div class='ocr_carea' id='block_1_4' title="bbox 408 812 1757 895">
    <p class='ocr_par' dir='ltr' id='par_1_4' title="bbox 408 812 1757 895">
     <span class='ocr_line' id='line_1_4' title="bbox 408 812 1757 895; baseline 0 -20"><span class='ocrx_word' id='word_1_22' title='bbox 408 812 649 875; x_wconf 83' lang='lat' dir='ltr'>terioris</span> <span class='ocrx_word' id='word_1_23' title='bbox 692 812 972 877; x_wconf 91' lang='lat' dir='ltr'>hominis</span> <span class='ocrx_word' id='word_1_24' title='bbox 1016 832 1260 895; x_wconf 90' lang='lat' dir='ltr'>pugnas</span> <span class='ocrx_word' id='word_1_25' title='bbox 1302 814 1546 895; x_wconf 86' lang='lat' dir='ltr'>experti</span> <span class='ocrx_word' id='word_1_26' title='bbox 1592 821 1757 875; x_wconf 91' lang='lat' dir='ltr'>sunt.</span> 
     </span>
    </p>
   </div>
   <div class='ocr_carea' id='block_1_5' title="bbox 818 1068 1470 1133">
    <p class='ocr_par' dir='ltr' id='par_1_5' title="bbox 818 1068 1470 1133">
     <span class='ocr_line' id='line_1_5' title="bbox 818 1068 1470 1133; baseline -0.002 -1"><span class='ocrx_word' id='word_1_27' title='bbox 818 1068 1321 1133; x_wconf 85' lang='lat' dir='ltr'><strong>CAPITULUM</strong></span> <span class='ocrx_word' id='word_1_28' title='bbox 1383 1068 1470 1131; x_wconf 92' lang='lat' dir='ltr'>X.</span> 
     </span>
    </p>
   </div>
   <div class='ocr_carea' id='block_1_6' title="bbox 445 1216 1843 1380">
    <p class='ocr_par' dir='ltr' id='par_1_6' title="bbox 445 1216 1843 1380">
     <span class='ocr_line' id='line_1_6' title="bbox 445 1216 1843 1287; baseline -0.002 -14"><span class='ocrx_word' id='word_1_29' title='bbox 445 1220 529 1273; x_wconf 81' lang='lat' dir='ltr'>De</span> <span class='ocrx_word' id='word_1_30' title='bbox 555 1234 669 1274; x_wconf 74' lang='lat' dir='ltr'>sea:</span> <span class='ocrx_word' id='word_1_31' title='bbox 698 1218 991 1273; x_wconf 77' lang='lat' dir='ltr'>vitiorum</span> <span class='ocrx_word' id='word_1_32' title='bbox 1018 1216 1367 1279; x_wconf 74' lang='lat' dir='ltr'>concordia,</span> <span class='ocrx_word' id='word_1_33' title='bbox 1396 1222 1453 1273; x_wconf 84' lang='lat' dir='ltr'>et</span> <span class='ocrx_word' id='word_1_34' title='bbox 1482 1216 1843 1287; x_wconf 73' lang='lat' dir='ltr'>coynatione</span> 
     </span>
     <span class='ocr_line' id='line_1_7' title="bbox 664 1307 1610 1380; baseline -0.006 -15"><span class='ocrx_word' id='word_1_35' title='bbox 664 1309 923 1365; x_wconf 79' lang='lat' dir='ltr'>duorum</span> <span class='ocrx_word' id='word_1_36' title='bbox 952 1308 1028 1363; x_wconf 83' lang='lat' dir='ltr'>ab</span> <span class='ocrx_word' id='word_1_37' title='bbox 1057 1309 1147 1363; x_wconf 76' lang='lat' dir='ltr'>eis</span> <span class='ocrx_word' id='word_1_38' title='bbox 1174 1307 1610 1380; x_wconf 81' lang='lat' dir='ltr'>differentium.</span> 
     </span>
    </p>
   </div>
   <div class='ocr_carea' id='block_1_7' title="bbox 395 1505 1888 1877">
    <p class='ocr_par' dir='ltr' id='par_1_7' title="bbox 395 1505 1888 1877">
     <span class='ocr_line' id='line_1_8' title="bbox 542 1505 1888 1588; baseline -0.003 -17"><span class='ocrx_word' id='word_1_39' title='bbox 542 1507 661 1571; x_wconf 77' lang='lat' dir='ltr'>AEC</span> <span class='ocrx_word' id='word_1_40' title='bbox 698 1508 893 1588; x_wconf 87' lang='lat' dir='ltr'>igitur</span> <span class='ocrx_word' id='word_1_41' title='bbox 922 1515 1067 1570; x_wconf 92' lang='lat' dir='ltr'>octo</span> <span class='ocrx_word' id='word_1_42' title='bbox 1094 1506 1250 1569; x_wconf 90' lang='lat' dir='ltr'>vitia</span> <span class='ocrx_word' id='word_1_43' title='bbox 1286 1506 1434 1569; x_wconf 89' lang='lat' dir='ltr'>licet</span> <span class='ocrx_word' id='word_1_44' title='bbox 1464 1505 1888 1568; x_wconf 89' lang='lat' dir='ltr'>diversimode</span> 
     </span>
     <span class='ocr_line' id='line_1_9' title="bbox 564 1603 1888 1688; baseline -0.002 -20"><span class='ocrx_word' id='word_1_45' title='bbox 564 1607 853 1668; x_wconf 91' lang='lat' dir='ltr'>oriantur</span> <span class='ocrx_word' id='word_1_46' title='bbox 890 1614 1079 1688; x_wconf 88' lang='lat' dir='ltr'>atque</span> <span class='ocrx_word' id='word_1_47' title='bbox 1118 1604 1460 1667; x_wconf 84' lang='lat' dir='ltr'>dissimiles</span> <span class='ocrx_word' id='word_1_48' title='bbox 1504 1603 1888 1666; x_wconf 81' lang='lat' dir='ltr'>efficientias</span> 
     </span>
     <span class='ocr_line' id='line_1_10' title="bbox 396 1701 1887 1784; baseline -0.001 -19"><span class='ocrx_word' id='word_1_49' title='bbox 396 1703 685 1777; x_wconf 78' lang='lat' dir='ltr'>habeant,</span> <span class='ocrx_word' id='word_1_50' title='bbox 724 1723 835 1766; x_wconf 88' lang='lat' dir='ltr'>sex</span> <span class='ocrx_word' id='word_1_51' title='bbox 878 1712 1113 1777; x_wconf 89' lang='lat' dir='ltr'>tamen,</span> <span class='ocrx_word' id='word_1_52' title='bbox 1146 1703 1444 1765; x_wconf 91' lang='lat' dir='ltr'>videlicet</span> <span class='ocrx_word' id='word_1_53' title='bbox 1484 1703 1654 1784; x_wconf 87' lang='lat' dir='ltr'>gula,</span> <span class='ocrx_word' id='word_1_54' title='bbox 1692 1701 1887 1764; x_wconf 83' lang='lat' dir='ltr'>forni-</span> 
     </span>
     <span class='ocr_line' id='line_1_11' title="bbox 395 1801 1887 1877; baseline -0.002 -12"><span class='ocrx_word' id='word_1_55' title='bbox 395 1803 573 1875; x_wconf 89' lang='lat' dir='ltr'>catio,</span> <span class='ocrx_word' id='word_1_56' title='bbox 621 1803 907 1877; x_wconf 89' lang='lat' dir='ltr'>avaritia,</span> <span class='ocrx_word' id='word_1_57' title='bbox 953 1803 1067 1877; x_wconf 91' lang='lat' dir='ltr'>ira,</span> <span class='ocrx_word' id='word_1_58' title='bbox 1118 1803 1397 1875; x_wconf 82' lang='lat' dir='ltr'>tristitia,</span> <span class='ocrx_word' id='word_1_59' title='bbox 1448 1801 1687 1874; x_wconf 80' lang='lat' dir='ltr'>acedia,</span> <span class='ocrx_word' id='word_1_60' title='bbox 1739 1819 1887 1863; x_wconf 92' lang='lat' dir='ltr'>con-</span> 
     </span>
    </p>
   </div>
   <div class='ocr_carea' id='block_1_8' title="bbox 2000 812 3506 1880">
    <p class='ocr_par' dir='ltr' id='par_1_8' title="bbox 2000 812 3506 1880">
     <span class='ocr_line' id='line_1_12' title="bbox 2004 812 3502 895; baseline 0 -20"><span class='ocrx_word' id='word_1_61' title='bbox 2004 812 2364 895; x_wconf 91' lang='lat' dir='ltr'>periculum</span> <span class='ocrx_word' id='word_1_62' title='bbox 2436 812 2728 875; x_wconf 87' lang='lat' dir='ltr'>imminet</span> <span class='ocrx_word' id='word_1_63' title='bbox 2790 812 3115 875; x_wconf 91' lang='lat' dir='ltr'>incidendi</span> <span class='ocrx_word' id='word_1_64' title='bbox 3179 814 3312 875; x_wconf 82' lang='lat' dir='ltr'>haec</span> <span class='ocrx_word' id='word_1_65' title='bbox 3374 814 3502 875; x_wconf 95' lang='lat' dir='ltr'>duo</span> 
     </span>
     <span class='ocr_line' id='line_1_13' title="bbox 2004 910 3504 993; baseline 0 -20"><span class='ocrx_word' id='word_1_66' title='bbox 2004 918 2284 993; x_wconf 89' lang='lat' dir='ltr'>peccata,</span> <span class='ocrx_word' id='word_1_67' title='bbox 2310 930 2508 993; x_wconf 90' lang='lat' dir='ltr'>quum</span> <span class='ocrx_word' id='word_1_68' title='bbox 2541 910 2814 973; x_wconf 84' lang='lat' dir='ltr'>victores</span> <span class='ocrx_word' id='word_1_69' title='bbox 2844 911 3149 973; x_wconf 90' lang='lat' dir='ltr'>vitiorum</span> <span class='ocrx_word' id='word_1_70' title='bbox 3181 910 3333 973; x_wconf 87' lang='lat' dir='ltr'>facti</span> <span class='ocrx_word' id='word_1_71' title='bbox 3361 930 3504 975; x_wconf 90' lang='lat' dir='ltr'>con-</span> 
     </span>
     <span class='ocr_line' id='line_1_14' title="bbox 2002 1008 3503 1092; baseline 0.002 -22"><span class='ocrx_word' id='word_1_72' title='bbox 2002 1009 2310 1072; x_wconf 76' lang='lat' dir='ltr'>sistimus,</span> <span class='ocrx_word' id='word_1_73' title='bbox 2358 1008 2582 1071; x_wconf 89' lang='lat' dir='ltr'>Omnia</span> <span class='ocrx_word' id='word_1_74' title='bbox 2632 1009 2845 1091; x_wconf 90' lang='lat' dir='ltr'>itaque</span> <span class='ocrx_word' id='word_1_75' title='bbox 2892 1009 3048 1072; x_wconf 90' lang='lat' dir='ltr'>vitia</span> <span class='ocrx_word' id='word_1_76' title='bbox 3095 1010 3503 1092; x_wconf 89' lang='lat' dir='ltr'>quemadmo-</span> 
     </span>
     <span class='ocr_line' id='line_1_15' title="bbox 2004 1108 3506 1189; baseline 0.002 -20"><span class='ocrx_word' id='word_1_77' title='bbox 2004 1108 2153 1169; x_wconf 90' lang='lat' dir='ltr'>dum</span> <span class='ocrx_word' id='word_1_78' title='bbox 2206 1108 2600 1170; x_wconf 88' lang='lat' dir='ltr'>incremento</span> <span class='ocrx_word' id='word_1_79' title='bbox 2650 1108 3146 1189; x_wconf 70' lang='lat' dir='ltr'>praecedentium</span> <span class='ocrx_word' id='word_1_80' title='bbox 3205 1126 3506 1189; x_wconf 89' lang='lat' dir='ltr'>generan-</span> 
     </span>
     <span class='ocr_line' id='line_1_16' title="bbox 2005 1206 3497 1279; baseline 0.001 -11"><span class='ocrx_word' id='word_1_81' title='bbox 2005 1215 2126 1279; x_wconf 90' lang='lat' dir='ltr'>tur,</span> <span class='ocrx_word' id='word_1_82' title='bbox 2171 1207 2260 1268; x_wconf 88' lang='lat' dir='ltr'>ita</span> <span class='ocrx_word' id='word_1_83' title='bbox 2305 1206 2560 1269; x_wconf 91' lang='lat' dir='ltr'>illorum</span> <span class='ocrx_word' id='word_1_84' title='bbox 2604 1206 3029 1270; x_wconf 87' lang='lat' dir='ltr'>diminutione</span> <span class='ocrx_word' id='word_1_85' title='bbox 3077 1208 3497 1271; x_wconf 84' lang='lat' dir='ltr'>eradicantur.</span> 
     </span>
     <span class='ocr_line' id='line_1_17' title="bbox 2001 1305 3504 1388; baseline 0.002 -22"><span class='ocrx_word' id='word_1_86' title='bbox 2001 1305 2160 1367; x_wconf 84' lang='lat' dir='ltr'>Hinc</span> <span class='ocrx_word' id='word_1_87' title='bbox 2192 1313 2254 1367; x_wconf 90' lang='lat' dir='ltr'>et</span> <span class='ocrx_word' id='word_1_88' title='bbox 2284 1324 2445 1367; x_wconf 91' lang='lat' dir='ltr'>vana</span> <span class='ocrx_word' id='word_1_89' title='bbox 2480 1306 2685 1386; x_wconf 90' lang='lat' dir='ltr'>gloria</span> <span class='ocrx_word' id='word_1_90' title='bbox 2724 1306 2934 1387; x_wconf 89' lang='lat' dir='ltr'>primo</span> <span class='ocrx_word' id='word_1_91' title='bbox 2970 1313 3068 1368; x_wconf 86' lang='lat' dir='ltr'>est</span> <span class='ocrx_word' id='word_1_92' title='bbox 3103 1306 3504 1388; x_wconf 82' lang='lat' dir='ltr'>praefocanda</span> 
     </span>
     <span class='ocr_line' id='line_1_18' title="bbox 2001 1404 3499 1487; baseline 0.002 -22"><span class='ocrx_word' id='word_1_93' title='bbox 2001 1422 2075 1465; x_wconf 89' lang='lat' dir='ltr'>ac</span> <span class='ocrx_word' id='word_1_94' title='bbox 2123 1404 2440 1477; x_wconf 88' lang='lat' dir='ltr'>evitanda,</span> <span class='ocrx_word' id='word_1_95' title='bbox 2493 1411 2563 1465; x_wconf 92' lang='lat' dir='ltr'>ut</span> <span class='ocrx_word' id='word_1_96' title='bbox 2611 1405 2863 1466; x_wconf 82' lang='lat' dir='ltr'>excludi</span> <span class='ocrx_word' id='word_1_97' title='bbox 2913 1405 3116 1487; x_wconf 88' lang='lat' dir='ltr'>possit</span> <span class='ocrx_word' id='word_1_98' title='bbox 3163 1405 3499 1487; x_wconf 85' lang='lat' dir='ltr'>superbia3</span> 
     </span>
     <span class='ocr_line' id='line_1_19' title="bbox 2001 1502 3497 1585; baseline 0.001 -22"><span class='ocrx_word' id='word_1_99' title='bbox 2001 1502 2221 1584; x_wconf 89' lang='lat' dir='ltr'>sicque</span> <span class='ocrx_word' id='word_1_100' title='bbox 2271 1521 2524 1584; x_wconf 88' lang='lat' dir='ltr'>semper</span> <span class='ocrx_word' id='word_1_101' title='bbox 2573 1502 2892 1585; x_wconf 84' lang='lat' dir='ltr'>prioribus</span> <span class='ocrx_word' id='word_1_102' title='bbox 2935 1503 3112 1566; x_wconf 89' lang='lat' dir='ltr'>vitiis</span> <span class='ocrx_word' id='word_1_103' title='bbox 3162 1504 3497 1585; x_wconf 89' lang='lat' dir='ltr'>superatis,</span> 
     </span>
     <span class='ocr_line' id='line_1_20' title="bbox 2001 1601 3499 1685; baseline 0.001 -23"><span class='ocrx_word' id='word_1_104' title='bbox 2001 1601 2332 1683; x_wconf 84' lang='lat' dir='ltr'>sequentia</span> <span class='ocrx_word' id='word_1_105' title='bbox 2384 1619 2530 1664; x_wconf 89' lang='lat' dir='ltr'>mox</span> <span class='ocrx_word' id='word_1_106' title='bbox 2580 1602 2941 1677; x_wconf 90' lang='lat' dir='ltr'>cessabunt,</span> <span class='ocrx_word' id='word_1_107' title='bbox 2983 1611 3046 1665; x_wconf 93' lang='lat' dir='ltr'>et</span> <span class='ocrx_word' id='word_1_108' title='bbox 3089 1602 3499 1685; x_wconf 84' lang='lat' dir='ltr'>praecedenti-</span> 
     </span>
     <span class='ocr_line' id='line_1_21' title="bbox 2003 1699 3500 1782; baseline 0.001 -21"><span class='ocrx_word' id='word_1_109' title='bbox 2003 1718 2111 1761; x_wconf 89' lang='lat' dir='ltr'>um</span> <span class='ocrx_word' id='word_1_110' title='bbox 2160 1699 2582 1763; x_wconf 86' lang='lat' dir='ltr'>exstinctione</span> <span class='ocrx_word' id='word_1_111' title='bbox 2640 1701 2965 1782; x_wconf 83' lang='lat' dir='ltr'>passiones</span> <span class='ocrx_word' id='word_1_112' title='bbox 3023 1702 3294 1764; x_wconf 81' lang='lat' dir='ltr'>residuae</span> <span class='ocrx_word' id='word_1_113' title='bbox 3341 1700 3500 1764; x_wconf 85' lang='lat' dir='ltr'>defi-</span> 
     </span>
     <span class='ocr_line' id='line_1_22' title="bbox 2000 1798 3498 1880; baseline 0.002 -20"><span class='ocrx_word' id='word_1_114' title='bbox 2000 1798 2169 1860; x_wconf 86' lang='lat' dir='ltr'>cient</span> <span class='ocrx_word' id='word_1_115' title='bbox 2212 1798 2452 1880; x_wconf 89' lang='lat' dir='ltr'>absque</span> <span class='ocrx_word' id='word_1_116' title='bbox 2499 1798 2730 1861; x_wconf 92' lang='lat' dir='ltr'>labore.</span> <span class='ocrx_word' id='word_1_117' title='bbox 2767 1800 2843 1862; x_wconf 89' lang='lat' dir='ltr'>Et</span> <span class='ocrx_word' id='word_1_118' title='bbox 2882 1800 3028 1863; x_wconf 89' lang='lat' dir='ltr'>licet</span> <span class='ocrx_word' id='word_1_119' title='bbox 3067 1806 3209 1863; x_wconf 85' lang='lat' dir='ltr'>octo</span> <span class='ocrx_word' id='word_1_120' title='bbox 3250 1800 3371 1861; x_wconf 91' lang='lat' dir='ltr'>ista</span> <span class='ocrx_word' id='word_1_121' title='bbox 3408 1802 3498 1863; x_wconf 90' lang='lat' dir='ltr'>vi-</span> 
     </span>
    </p>
   </div>
   <div class='ocr_carea' id='block_1_9' title="bbox 393 1896 3499 1985">
    <p class='ocr_par' dir='ltr' id='par_1_9' title="bbox 393 1896 3499 1985">
     <span class='ocr_line' id='line_1_23' title="bbox 393 1896 3499 1985; baseline 0 -22"><span class='ocrx_word' id='word_1_122' title='bbox 393 1922 549 1965; x_wconf 87' lang='lat' dir='ltr'>nexa</span> <span class='ocrx_word' id='word_1_123' title='bbox 596 1911 747 1964; x_wconf 81' lang='lat' dir='ltr'>sunt</span> <span class='ocrx_word' id='word_1_124' title='bbox 793 1902 1066 1985; x_wconf 91' lang='lat' dir='ltr'>quadam</span> <span class='ocrx_word' id='word_1_125' title='bbox 1122 1901 1515 1983; x_wconf 86' lang='lat' dir='ltr'>cognatione,</span> <span class='ocrx_word' id='word_1_126' title='bbox 1570 1908 1631 1962; x_wconf 90' lang='lat' dir='ltr'>et</span> <span class='ocrx_word' id='word_1_127' title='bbox 1681 1908 1751 1961; x_wconf 93' lang='lat' dir='ltr'>ut</span> <span class='ocrx_word' id='word_1_128' title='bbox 1800 1901 1887 1961; x_wconf 91' lang='lat' dir='ltr'>ita</span> <span class='ocrx_word' id='word_1_129' title='bbox 1924 1899 1972 1961; x_wconf 93' lang='lat' dir='ltr'>B</span> <span class='ocrx_word' id='word_1_130' title='bbox 2001 1896 2089 1959; x_wconf 84' lang='lat' dir='ltr'>tia</span> <span class='ocrx_word' id='word_1_131' title='bbox 2126 1914 2410 1959; x_wconf 85' lang='lat' dir='ltr'>connexa</span> <span class='ocrx_word' id='word_1_132' title='bbox 2454 1897 2576 1959; x_wconf 88' lang='lat' dir='ltr'>sibi</span> <span class='ocrx_word' id='word_1_133' title='bbox 2623 1898 2750 1959; x_wconf 90' lang='lat' dir='ltr'>sint</span> <span class='ocrx_word' id='word_1_134' title='bbox 2793 1906 2854 1960; x_wconf 91' lang='lat' dir='ltr'>et</span> <span class='ocrx_word' id='word_1_135' title='bbox 2900 1900 3215 1980; x_wconf 85' lang='lat' dir='ltr'>permixta</span> <span class='ocrx_word' id='word_1_136' title='bbox 3257 1900 3499 1963; x_wconf 88' lang='lat' dir='ltr'>ratione</span> 
     </span>
    </p>
   </div>
   <div class='ocr_carea' id='block_1_10' title="bbox 385 2000 1889 3066">
    <p class='ocr_par' dir='ltr' id='par_1_10' title="bbox 385 2000 1889 3066">
     <span class='ocr_line' id='line_1_24' title="bbox 393 2000 1885 2080; baseline -0.003 -18"><span class='ocrx_word' id='word_1_137' title='bbox 393 2000 683 2073; x_wconf 87' lang='lat' dir='ltr'>dixerim,</span> <span class='ocrx_word' id='word_1_138' title='bbox 736 2001 1275 2073; x_wconf 85' lang='lat' dir='ltr'>concatenatione,</span> <span class='ocrx_word' id='word_1_139' title='bbox 1330 2000 1417 2061; x_wconf 86' lang='lat' dir='ltr'>ita</span> <span class='ocrx_word' id='word_1_140' title='bbox 1463 2000 1632 2080; x_wconf 88' lang='lat' dir='ltr'>quod</span> <span class='ocrx_word' id='word_1_141' title='bbox 1684 2017 1885 2060; x_wconf 92' lang='lat' dir='ltr'>unum</span> 
     </span>
     <span class='ocr_line' id='line_1_25' title="bbox 390 2097 1885 2181; baseline -0.002 -19"><span class='ocrx_word' id='word_1_142' title='bbox 390 2108 645 2181; x_wconf 82' lang='lat' dir='ltr'>generet</span> <span class='ocrx_word' id='word_1_143' title='bbox 682 2100 856 2162; x_wconf 90' lang='lat' dir='ltr'>aliud</span> <span class='ocrx_word' id='word_1_144' title='bbox 893 2118 907 2162; x_wconf 90' lang='lat'><strong>:</strong></span> <span class='ocrx_word' id='word_1_145' title='bbox 942 2100 1107 2162; x_wconf 90' lang='lat' dir='ltr'>sicut</span> <span class='ocrx_word' id='word_1_146' title='bbox 1149 2099 1227 2161; x_wconf 91' lang='lat' dir='ltr'>de</span> <span class='ocrx_word' id='word_1_147' title='bbox 1264 2098 1413 2180; x_wconf 89' lang='lat' dir='ltr'>gula</span> <span class='ocrx_word' id='word_1_148' title='bbox 1451 2098 1653 2160; x_wconf 89' lang='lat' dir='ltr'>oritur</span> <span class='ocrx_word' id='word_1_149' title='bbox 1691 2097 1885 2159; x_wconf 88' lang='lat' dir='ltr'>forni-</span> 
     </span>
     <span class='ocr_line' id='line_1_26' title="bbox 391 2195 1889 2271; baseline -0.003 -10"><span class='ocrx_word' id='word_1_150' title='bbox 391 2199 575 2271; x_wconf 90' lang='lat' dir='ltr'>catio,</span> <span class='ocrx_word' id='word_1_151' title='bbox 607 2199 685 2261; x_wconf 90' lang='lat' dir='ltr'>de</span> <span class='ocrx_word' id='word_1_152' title='bbox 725 2198 1143 2261; x_wconf 81' lang='lat' dir='ltr'>fornicatione</span> <span class='ocrx_word' id='word_1_153' title='bbox 1184 2197 1469 2269; x_wconf 90' lang='lat' dir='ltr'>avaritia,</span> <span class='ocrx_word' id='word_1_154' title='bbox 1503 2197 1581 2258; x_wconf 92' lang='lat' dir='ltr'>de</span> <span class='ocrx_word' id='word_1_155' title='bbox 1623 2195 1889 2258; x_wconf 89' lang='lat' dir='ltr'>avaritia</span> 
     </span>
     <span class='ocr_line' id='line_1_27' title="bbox 392 2294 1887 2371; baseline -0.001 -12"><span class='ocrx_word' id='word_1_156' title='bbox 392 2298 501 2371; x_wconf 92' lang='lat' dir='ltr'>ira,</span> <span class='ocrx_word' id='word_1_157' title='bbox 534 2298 615 2359; x_wconf 88' lang='lat' dir='ltr'>de</span> <span class='ocrx_word' id='word_1_158' title='bbox 646 2297 739 2359; x_wconf 90' lang='lat' dir='ltr'>ira</span> <span class='ocrx_word' id='word_1_159' title='bbox 768 2297 1047 2371; x_wconf 89' lang='lat' dir='ltr'>tristitia,</span> <span class='ocrx_word' id='word_1_160' title='bbox 1081 2298 1160 2359; x_wconf 89' lang='lat' dir='ltr'>de</span> <span class='ocrx_word' id='word_1_161' title='bbox 1190 2295 1452 2357; x_wconf 86' lang='lat' dir='ltr'>tristitia</span> <span class='ocrx_word' id='word_1_162' title='bbox 1480 2294 1715 2357; x_wconf 90' lang='lat' dir='ltr'>acedia.</span> <span class='ocrx_word' id='word_1_163' title='bbox 1742 2294 1887 2357; x_wconf 83' lang='lat' dir='ltr'>Ideo</span> 
     </span>
     <span class='ocr_line' id='line_1_28' title="bbox 390 2393 1885 2477; baseline -0.001 -20"><span class='ocrx_word' id='word_1_164' title='bbox 390 2404 605 2458; x_wconf 89' lang='lat' dir='ltr'>contra</span> <span class='ocrx_word' id='word_1_165' title='bbox 662 2395 818 2457; x_wconf 90' lang='lat' dir='ltr'>vitia</span> <span class='ocrx_word' id='word_1_166' title='bbox 877 2396 997 2457; x_wconf 88' lang='lat' dir='ltr'>ista</span> <span class='ocrx_word' id='word_1_167' title='bbox 1061 2394 1475 2477; x_wconf 90' lang='lat' dir='ltr'>pugnandum</span> <span class='ocrx_word' id='word_1_168' title='bbox 1535 2400 1630 2455; x_wconf 86' lang='lat' dir='ltr'>est</span> <span class='ocrx_word' id='word_1_169' title='bbox 1688 2393 1885 2456; x_wconf 90' lang='lat' dir='ltr'>simili</span> 
     </span>
     <span class='ocr_line' id='line_1_29' title="bbox 392 2492 1885 2574; baseline -0.002 -19"><span class='ocrx_word' id='word_1_170' title='bbox 392 2494 577 2557; x_wconf 91' lang='lat' dir='ltr'>modo</span> <span class='ocrx_word' id='word_1_171' title='bbox 621 2513 694 2556; x_wconf 91' lang='lat' dir='ltr'>ac</span> <span class='ocrx_word' id='word_1_172' title='bbox 746 2494 989 2567; x_wconf 91' lang='lat' dir='ltr'>ordine,</span> <span class='ocrx_word' id='word_1_173' title='bbox 1044 2494 1130 2556; x_wconf 90' lang='lat' dir='ltr'>ita</span> <span class='ocrx_word' id='word_1_174' title='bbox 1188 2500 1259 2554; x_wconf 89' lang='lat' dir='ltr'>ut</span> <span class='ocrx_word' id='word_1_175' title='bbox 1309 2492 1518 2574; x_wconf 91' lang='lat' dir='ltr'>primo</span> <span class='ocrx_word' id='word_1_176' title='bbox 1570 2499 1885 2553; x_wconf 91' lang='lat' dir='ltr'>certemus</span> 
     </span>
     <span class='ocr_line' id='line_1_30' title="bbox 389 2590 1887 2673; baseline -0.001 -19"><span class='ocrx_word' id='word_1_177' title='bbox 389 2600 604 2655; x_wconf 84' lang='lat' dir='ltr'>contra</span> <span class='ocrx_word' id='word_1_178' title='bbox 652 2593 885 2655; x_wconf 88' lang='lat' dir='ltr'>vitium</span> <span class='ocrx_word' id='word_1_179' title='bbox 943 2592 1102 2655; x_wconf 91' lang='lat' dir='ltr'>illud</span> <span class='ocrx_word' id='word_1_180' title='bbox 1152 2611 1230 2655; x_wconf 89' lang='lat' dir='ltr'>ex</span> <span class='ocrx_word' id='word_1_181' title='bbox 1279 2608 1408 2673; x_wconf 91' lang='lat' dir='ltr'>quo</span> <span class='ocrx_word' id='word_1_182' title='bbox 1456 2590 1739 2653; x_wconf 88' lang='lat' dir='ltr'>nascitur</span> <span class='ocrx_word' id='word_1_183' title='bbox 1796 2610 1887 2653; x_wconf 92' lang='lat' dir='ltr'>se-</span> 
     </span>
     <span class='ocr_line' id='line_1_31' title="bbox 388 2688 1886 2773; baseline -0.001 -21"><span class='ocrx_word' id='word_1_184' title='bbox 388 2711 607 2773; x_wconf 88' lang='lat' dir='ltr'>quens.</span> <span class='ocrx_word' id='word_1_185' title='bbox 652 2691 925 2754; x_wconf 86' lang='lat' dir='ltr'>Facilius</span> <span class='ocrx_word' id='word_1_186' title='bbox 975 2708 1250 2773; x_wconf 89' lang='lat' dir='ltr'>namque</span> <span class='ocrx_word' id='word_1_187' title='bbox 1292 2688 1523 2751; x_wconf 89' lang='lat' dir='ltr'>arescit</span> <span class='ocrx_word' id='word_1_188' title='bbox 1565 2688 1755 2750; x_wconf 90' lang='lat' dir='ltr'>noxia</span> <span class='ocrx_word' id='word_1_189' title='bbox 1804 2689 1886 2751; x_wconf 91' lang='lat' dir='ltr'>la-</span> 
     </span>
     <span class='ocr_line' id='line_1_32' title="bbox 388 2787 1886 2871; baseline -0.002 -20"><span class='ocrx_word' id='word_1_190' title='bbox 388 2790 591 2853; x_wconf 88' lang='lat' dir='ltr'>titudo</span> <span class='ocrx_word' id='word_1_191' title='bbox 636 2791 771 2853; x_wconf 90' lang='lat' dir='ltr'>sive</span> <span class='ocrx_word' id='word_1_192' title='bbox 824 2789 1169 2871; x_wconf 88' lang='lat' dir='ltr'>proceritas</span> <span class='ocrx_word' id='word_1_193' title='bbox 1216 2787 1485 2859; x_wconf 81' lang='lat' dir='ltr'>arboriS‚</span> <span class='ocrx_word' id='word_1_194' title='bbox 1538 2787 1591 2848; x_wconf 91' lang='lat' dir='ltr'>si</span> <span class='ocrx_word' id='word_1_195' title='bbox 1642 2787 1886 2849; x_wconf 86' lang='lat' dir='ltr'>radices</span> 
     </span>
     <span class='ocr_line' id='line_1_33' title="bbox 387 2886 1885 2969; baseline -0.001 -20"><span class='ocrx_word' id='word_1_196' title='bbox 387 2888 525 2969; x_wconf 87' lang='lat' dir='ltr'>ejus</span> <span class='ocrx_word' id='word_1_197' title='bbox 564 2897 747 2951; x_wconf 89' lang='lat' dir='ltr'>antea</span> <span class='ocrx_word' id='word_1_198' title='bbox 786 2888 1039 2950; x_wconf 59' lang='lat' dir='ltr'>nudatae</span> <span class='ocrx_word' id='word_1_199' title='bbox 1077 2886 1319 2949; x_wconf 84' lang='lat' dir='ltr'>fuerint</span> <span class='ocrx_word' id='word_1_200' title='bbox 1352 2892 1461 2948; x_wconf 90' lang='lat' dir='ltr'>aut</span> <span class='ocrx_word' id='word_1_201' title='bbox 1500 2886 1746 2948; x_wconf 80' lang='lat' dir='ltr'>excisae.</span> <span class='ocrx_word' id='word_1_202' title='bbox 1783 2886 1885 2948; x_wconf 89' lang='lat' dir='ltr'>Sic</span> 
     </span>
     <span class='ocr_line' id='line_1_34' title="bbox 385 2984 1884 3066; baseline -0.002 -18"><span class='ocrx_word' id='word_1_203' title='bbox 385 2994 445 3048; x_wconf 88' lang='lat' dir='ltr'>et</span> <span class='ocrx_word' id='word_1_204' title='bbox 512 2988 634 3049; x_wconf 88' lang='lat' dir='ltr'>rivi</span> <span class='ocrx_word' id='word_1_205' title='bbox 703 2986 1145 3049; x_wconf 83' lang='lat' dir='ltr'>infestantium</span> <span class='ocrx_word' id='word_1_206' title='bbox 1213 3003 1525 3066; x_wconf 89' lang='lat' dir='ltr'>aquarum</span> <span class='ocrx_word' id='word_1_207' title='bbox 1595 2984 1884 3065; x_wconf 89' lang='lat' dir='ltr'>protinus</span> 
     </span>
    </p>
   </div>
   <div class='ocr_carea' id='block_1_11' title="bbox 1998 1994 3500 2569">
    <p class='ocr_par' dir='ltr' id='par_1_11' title="bbox 1998 1994 3500 2569">
     <span class='ocr_line' id='line_1_35' title="bbox 2002 1994 3498 2077; baseline 0.003 -22"><span class='ocrx_word' id='word_1_208' title='bbox 2002 1994 2368 2075; x_wconf 84' lang='lat' dir='ltr'>praehabita,</span> <span class='ocrx_word' id='word_1_209' title='bbox 2403 1995 2745 2077; x_wconf 90' lang='lat' dir='ltr'>specialius</span> <span class='ocrx_word' id='word_1_210' title='bbox 2779 2004 2987 2059; x_wconf 88' lang='lat' dir='ltr'>tamen</span> <span class='ocrx_word' id='word_1_211' title='bbox 3022 1996 3396 2059; x_wconf 90' lang='lat' dir='ltr'>dividuntur</span> <span class='ocrx_word' id='word_1_212' title='bbox 3433 1998 3498 2060; x_wconf 92' lang='lat' dir='ltr'>in</span> 
     </span>
     <span class='ocr_line' id='line_1_36' title="bbox 2000 2092 3498 2175; baseline 0.003 -23"><span class='ocrx_word' id='word_1_213' title='bbox 2000 2099 2271 2172; x_wconf 88' lang='lat' dir='ltr'>quatuor</span> <span class='ocrx_word' id='word_1_214' title='bbox 2319 2092 2798 2173; x_wconf 86' lang='lat' dir='ltr'>conjugationes</span> <span class='ocrx_word' id='word_1_215' title='bbox 2847 2112 2920 2155; x_wconf 90' lang='lat' dir='ltr'>ac</span> <span class='ocrx_word' id='word_1_216' title='bbox 2970 2094 3230 2175; x_wconf 90' lang='lat' dir='ltr'>copulas</span> <span class='ocrx_word' id='word_1_217' title='bbox 3283 2114 3296 2158; x_wconf 91' lang='lat'><strong>:</strong></span> <span class='ocrx_word' id='word_1_218' title='bbox 3349 2114 3498 2157; x_wconf 91' lang='lat' dir='ltr'>nam</span> 
     </span>
     <span class='ocr_line' id='line_1_37' title="bbox 1998 2191 3500 2274; baseline 0.003 -23"><span class='ocrx_word' id='word_1_219' title='bbox 1998 2191 2147 2272; x_wconf 93' lang='lat' dir='ltr'>gula</span> <span class='ocrx_word' id='word_1_220' title='bbox 2209 2198 2272 2252; x_wconf 90' lang='lat' dir='ltr'>et</span> <span class='ocrx_word' id='word_1_221' title='bbox 2330 2191 2664 2254; x_wconf 86' lang='lat' dir='ltr'>fornicatio</span> <span class='ocrx_word' id='word_1_222' title='bbox 2733 2193 3040 2274; x_wconf 89' lang='lat' dir='ltr'>peculiari</span> <span class='ocrx_word' id='word_1_223' title='bbox 3109 2192 3500 2257; x_wconf 86' lang='lat' dir='ltr'>foederantur</span> 
     </span>
     <span class='ocr_line' id='line_1_38' title="bbox 2000 2288 3498 2373; baseline 0.003 -23"><span class='ocrx_word' id='word_1_224' title='bbox 2000 2288 2340 2363; x_wconf 85' lang='lat' dir='ltr'>consorti0,</span> <span class='ocrx_word' id='word_1_225' title='bbox 2383 2291 2648 2353; x_wconf 86' lang='lat' dir='ltr'>avaritia</span> <span class='ocrx_word' id='word_1_226' title='bbox 2697 2310 2952 2373; x_wconf 90' lang='lat' dir='ltr'>quoque</span> <span class='ocrx_word' id='word_1_227' title='bbox 3001 2298 3064 2353; x_wconf 89' lang='lat' dir='ltr'>et</span> <span class='ocrx_word' id='word_1_228' title='bbox 3111 2291 3224 2359; x_wconf 81' lang='lat' dir='ltr'>ira,</span> <span class='ocrx_word' id='word_1_229' title='bbox 3268 2292 3498 2354; x_wconf 90' lang='lat' dir='ltr'>deinde</span> 
     </span>
     <span class='ocr_line' id='line_1_39' title="bbox 2000 2386 3500 2472; baseline 0.005 -25"><span class='ocrx_word' id='word_1_230' title='bbox 2000 2386 2261 2449; x_wconf 85' lang='lat' dir='ltr'>tristitia</span> <span class='ocrx_word' id='word_1_231' title='bbox 2305 2396 2368 2449; x_wconf 90' lang='lat' dir='ltr'>et</span> <span class='ocrx_word' id='word_1_232' title='bbox 2415 2389 2669 2468; x_wconf 83' lang='lat' dir='ltr'>acedia3</span> <span class='ocrx_word' id='word_1_233' title='bbox 2720 2397 3042 2471; x_wconf 92' lang='lat' dir='ltr'>postremo</span> <span class='ocrx_word' id='word_1_234' title='bbox 3089 2409 3251 2453; x_wconf 87' lang='lat' dir='ltr'>vana</span> <span class='ocrx_word' id='word_1_235' title='bbox 3297 2391 3500 2472; x_wconf 91' lang='lat' dir='ltr'>gloria</span> 
     </span>
     <span class='ocr_line' id='line_1_40' title="bbox 1998 2485 3342 2569; baseline 0.003 -22"><span class='ocrx_word' id='word_1_236' title='bbox 1998 2492 2061 2547; x_wconf 88' lang='lat' dir='ltr'>et</span> <span class='ocrx_word' id='word_1_237' title='bbox 2104 2485 2406 2567; x_wconf 89' lang='lat' dir='ltr'>superbia</span> <span class='ocrx_word' id='word_1_238' title='bbox 2447 2486 2789 2569; x_wconf 90' lang='lat' dir='ltr'>specialius</span> <span class='ocrx_word' id='word_1_239' title='bbox 2834 2487 2958 2550; x_wconf 90' lang='lat' dir='ltr'>sibi</span> <span class='ocrx_word' id='word_1_240' title='bbox 3003 2488 3342 2551; x_wconf 88' lang='lat' dir='ltr'>sociantur.</span> 
     </span>
    </p>
   </div>
   <div class='ocr_carea' id='block_1_12' title="bbox 2401 2740 3086 2807">
    <p class='ocr_par' dir='ltr' id='par_1_12' title="bbox 2401 2740 3086 2807">
     <span class='ocr_line' id='line_1_41' title="bbox 2401 2740 3086 2807; baseline 0.004 -3"><span class='ocrx_word' id='word_1_241' title='bbox 2401 2740 2906 2806; x_wconf 87' lang='lat' dir='ltr'><strong>CAPITULUM</strong></span> <span class='ocrx_word' id='word_1_242' title='bbox 2966 2744 3086 2807; x_wconf 89' lang='lat' dir='ltr'>XI.</span> 
     </span>
    </p>
   </div>
   <div class='ocr_carea' id='block_1_13' title="bbox 2081 2883 3406 2957">
    <p class='ocr_par' dir='ltr' id='par_1_13' title="bbox 2081 2883 3406 2957">
     <span class='ocr_line' id='line_1_42' title="bbox 2081 2883 3406 2957; baseline 0.004 -19"><span class='ocrx_word' id='word_1_243' title='bbox 2081 2884 2168 2939; x_wconf 87' lang='lat' dir='ltr'>De</span> <span class='ocrx_word' id='word_1_244' title='bbox 2197 2883 2498 2956; x_wconf 84' lang='lat' dir='ltr'>qualitate</span> <span class='ocrx_word' id='word_1_245' title='bbox 2525 2890 2582 2939; x_wconf 82' lang='lat' dir='ltr'>et</span> <span class='ocrx_word' id='word_1_246' title='bbox 2611 2886 2854 2956; x_wconf 74' lang='lat' dir='ltr'>oriyine</span> <span class='ocrx_word' id='word_1_247' title='bbox 2881 2885 3211 2957; x_wconf 74' lang='lat' dir='ltr'>cujuslibet</span> <span class='ocrx_word' id='word_1_248' title='bbox 3239 2890 3406 2944; x_wconf 75' lang='lat' dir='ltr'>vitii.</span> 
     </span>
    </p>
   </div>
   <div class='ocr_carea' id='block_1_14' title="bbox 384 3079 3494 3167">
    <p class='ocr_par' dir='ltr' id='par_1_14' title="bbox 384 3079 3494 3167">
     <span class='ocr_line' id='line_1_43' title="bbox 384 3079 3494 3167; baseline 0 -20"><span class='ocrx_word' id='word_1_249' title='bbox 384 3084 815 3158; x_wconf 87' lang='lat' dir='ltr'>siccabuntur,</span> <span class='ocrx_word' id='word_1_250' title='bbox 853 3103 1053 3167; x_wconf 91' lang='lat' dir='ltr'>quum</span> <span class='ocrx_word' id='word_1_251' title='bbox 1098 3090 1432 3165; x_wconf 87' lang='lat' dir='ltr'>generator</span> <span class='ocrx_word' id='word_1_252' title='bbox 1474 3100 1697 3145; x_wconf 91' lang='lat' dir='ltr'>eorum</span> <span class='ocrx_word' id='word_1_253' title='bbox 1742 3079 1883 3144; x_wconf 80' lang='lat' dir='ltr'>fons</span> <span class='ocrx_word' id='word_1_254' title='bbox 1920 3086 1963 3147; x_wconf 91' lang='lat' dir='ltr'>C</span> <span class='ocrx_word' id='word_1_255' title='bbox 2136 3082 2336 3155; x_wconf 78' lang='lat' dir='ltr'>TQUE</span> <span class='ocrx_word' id='word_1_256' title='bbox 2382 3102 2550 3145; x_wconf 89' lang='lat' dir='ltr'>nunc</span> <span class='ocrx_word' id='word_1_257' title='bbox 2595 3081 2995 3163; x_wconf 87' lang='lat' dir='ltr'>disputemus</span> <span class='ocrx_word' id='word_1_258' title='bbox 3046 3084 3372 3165; x_wconf 86' lang='lat' dir='ltr'>sigillatim</span> <span class='ocrx_word' id='word_1_259' title='bbox 3417 3086 3494 3148; x_wconf 91' lang='lat' dir='ltr'>de</span> 
     </span>
    </p>
   </div>
   <div class='ocr_carea' id='block_1_15' title="bbox 378 3180 1887 4247">
    <p class='ocr_par' dir='ltr' id='par_1_15' title="bbox 378 3180 1887 4247">
     <span class='ocr_line' id='line_1_44' title="bbox 382 3180 1887 3265; baseline -0.003 -20"><span class='ocrx_word' id='word_1_260' title='bbox 382 3202 451 3245; x_wconf 87' lang='lat' dir='ltr'>ac</span> <span class='ocrx_word' id='word_1_261' title='bbox 495 3202 675 3246; x_wconf 80' lang='lat' dir='ltr'>venae</span> <span class='ocrx_word' id='word_1_262' title='bbox 721 3182 1115 3265; x_wconf 79' lang='lat' dir='ltr'>profluentes</span> <span class='ocrx_word' id='word_1_263' title='bbox 1160 3180 1398 3243; x_wconf 90' lang='lat' dir='ltr'>suerint</span> <span class='ocrx_word' id='word_1_264' title='bbox 1444 3181 1655 3244; x_wconf 87' lang='lat' dir='ltr'>solerti</span> <span class='ocrx_word' id='word_1_265' title='bbox 1706 3180 1887 3242; x_wconf 91' lang='lat' dir='ltr'>indu-</span> 
     </span>
     <span class='ocr_line' id='line_1_45' title="bbox 380 3279 1879 3352; baseline -0.003 -9"><span class='ocrx_word' id='word_1_266' title='bbox 380 3282 536 3344; x_wconf 86' lang='lat' dir='ltr'>stria</span> <span class='ocrx_word' id='word_1_267' title='bbox 582 3280 906 3344; x_wconf 80' lang='lat' dir='ltr'>obturatae.</span> <span class='ocrx_word' id='word_1_268' title='bbox 960 3281 1125 3352; x_wconf 90' lang='lat' dir='ltr'>Ideo,</span> <span class='ocrx_word' id='word_1_269' title='bbox 1179 3288 1249 3341; x_wconf 93' lang='lat' dir='ltr'>ut</span> <span class='ocrx_word' id='word_1_270' title='bbox 1298 3280 1591 3342; x_wconf 89' lang='lat' dir='ltr'>vincatur</span> <span class='ocrx_word' id='word_1_271' title='bbox 1641 3279 1879 3351; x_wconf 87' lang='lat' dir='ltr'>acedia,</span> 
     </span>
     <span class='ocr_line' id='line_1_46' title="bbox 378 3378 1881 3461; baseline -0.001 -20"><span class='ocrx_word' id='word_1_272' title='bbox 378 3388 525 3443; x_wconf 86' lang='lat' dir='ltr'>ante</span> <span class='ocrx_word' id='word_1_273' title='bbox 566 3388 659 3442; x_wconf 90' lang='lat' dir='ltr'>est</span> <span class='ocrx_word' id='word_1_274' title='bbox 696 3378 1053 3461; x_wconf 85' lang='lat' dir='ltr'>superanda</span> <span class='ocrx_word' id='word_1_275' title='bbox 1090 3378 1382 3455; x_wconf 83' lang='lat' dir='ltr'>tristitia3</span> <span class='ocrx_word' id='word_1_276' title='bbox 1426 3386 1492 3439; x_wconf 89' lang='lat' dir='ltr'>et</span> <span class='ocrx_word' id='word_1_277' title='bbox 1530 3378 1707 3459; x_wconf 87' lang='lat' dir='ltr'>prius</span> <span class='ocrx_word' id='word_1_278' title='bbox 1750 3396 1881 3439; x_wconf 88' lang='lat' dir='ltr'>era-</span> 
     </span>
     <span class='ocr_line' id='line_1_47' title="bbox 379 3475 1882 3559; baseline -0.001 -20"><span class='ocrx_word' id='word_1_279' title='bbox 379 3478 649 3541; x_wconf 87' lang='lat' dir='ltr'>dicanda</span> <span class='ocrx_word' id='word_1_280' title='bbox 684 3487 780 3541; x_wconf 88' lang='lat' dir='ltr'>est</span> <span class='ocrx_word' id='word_1_281' title='bbox 818 3476 931 3551; x_wconf 88' lang='lat' dir='ltr'>ira,</span> <span class='ocrx_word' id='word_1_282' title='bbox 966 3485 1035 3538; x_wconf 94' lang='lat' dir='ltr'>ut</span> <span class='ocrx_word' id='word_1_283' title='bbox 1072 3477 1428 3559; x_wconf 83' lang='lat' dir='ltr'>expellatur</span> <span class='ocrx_word' id='word_1_284' title='bbox 1467 3475 1741 3537; x_wconf 86' lang='lat' dir='ltr'>tristitia.</span> <span class='ocrx_word' id='word_1_285' title='bbox 1780 3476 1882 3538; x_wconf 90' lang='lat' dir='ltr'>Sic</span> 
     </span>
     <span class='ocr_line' id='line_1_48' title="bbox 378 3574 1884 3658; baseline -0.003 -18"><span class='ocrx_word' id='word_1_286' title='bbox 378 3586 440 3639; x_wconf 83' lang='lat' dir='ltr'>et</span> <span class='ocrx_word' id='word_1_287' title='bbox 477 3577 747 3640; x_wconf 87' lang='lat' dir='ltr'>avaritia</span> <span class='ocrx_word' id='word_1_288' title='bbox 788 3576 997 3658; x_wconf 91' lang='lat' dir='ltr'>primo</span> <span class='ocrx_word' id='word_1_289' title='bbox 1036 3583 1130 3637; x_wconf 89' lang='lat' dir='ltr'>est</span> <span class='ocrx_word' id='word_1_290' title='bbox 1171 3574 1621 3647; x_wconf 87' lang='lat' dir='ltr'>conculcanda,</span> <span class='ocrx_word' id='word_1_291' title='bbox 1656 3582 1726 3635; x_wconf 90' lang='lat' dir='ltr'>ut</span> <span class='ocrx_word' id='word_1_292' title='bbox 1767 3574 1884 3636; x_wconf 87' lang='lat' dir='ltr'>ira-</span> 
     </span>
     <span class='ocr_line' id='line_1_49' title="bbox 381 3672 1881 3757; baseline -0.003 -19"><span class='ocrx_word' id='word_1_293' title='bbox 381 3676 617 3738; x_wconf 86' lang='lat' dir='ltr'>cundia</span> <span class='ocrx_word' id='word_1_294' title='bbox 642 3674 1113 3757; x_wconf 83' lang='lat' dir='ltr'>exstinguatur3</span> <span class='ocrx_word' id='word_1_295' title='bbox 1138 3672 1473 3736; x_wconf 84' lang='lat' dir='ltr'>fornicatio</span> <span class='ocrx_word' id='word_1_296' title='bbox 1502 3690 1756 3755; x_wconf 90' lang='lat' dir='ltr'>quoque</span> <span class='ocrx_word' id='word_1_297' title='bbox 1786 3680 1881 3735; x_wconf 86' lang='lat' dir='ltr'>est</span> 
     </span>
     <span class='ocr_line' id='line_1_50' title="bbox 382 3772 1882 3852; baseline -0.003 -15"><span class='ocrx_word' id='word_1_298' title='bbox 382 3774 779 3847; x_wconf 86' lang='lat' dir='ltr'>refrenanda,</span> <span class='ocrx_word' id='word_1_299' title='bbox 815 3782 884 3835; x_wconf 90' lang='lat' dir='ltr'>ut</span> <span class='ocrx_word' id='word_1_300' title='bbox 914 3772 1177 3835; x_wconf 89' lang='lat' dir='ltr'>avaritia</span> <span class='ocrx_word' id='word_1_301' title='bbox 1207 3772 1551 3849; x_wconf 89' lang='lat' dir='ltr'>evellatur;</span> <span class='ocrx_word' id='word_1_302' title='bbox 1581 3778 1771 3852; x_wconf 91' lang='lat' dir='ltr'>atque</span> <span class='ocrx_word' id='word_1_303' title='bbox 1813 3780 1882 3833; x_wconf 87' lang='lat' dir='ltr'>ut</span> 
     </span>
     <span class='ocr_line' id='line_1_51' title="bbox 380 3870 1883 3951; baseline -0.001 -18"><span class='ocrx_word' id='word_1_304' title='bbox 380 3871 717 3935; x_wconf 84' lang='lat' dir='ltr'>fornicatio</span> <span class='ocrx_word' id='word_1_305' title='bbox 746 3870 1042 3943; x_wconf 89' lang='lat' dir='ltr'>evitetur,</span> <span class='ocrx_word' id='word_1_306' title='bbox 1060 3870 1275 3951; x_wconf 91' lang='lat' dir='ltr'>gulam</span> <span class='ocrx_word' id='word_1_307' title='bbox 1306 3877 1553 3951; x_wconf 88' lang='lat' dir='ltr'>oportet</span> <span class='ocrx_word' id='word_1_308' title='bbox 1583 3870 1883 3950; x_wconf 91' lang='lat' dir='ltr'>reprime-</span> 
     </span>
     <span class='ocr_line' id='line_1_52' title="bbox 380 3968 1881 4048; baseline -0.003 -15"><span class='ocrx_word' id='word_1_309' title='bbox 380 3992 465 4035; x_wconf 84' lang='lat' dir='ltr'>re.</span> <span class='ocrx_word' id='word_1_310' title='bbox 502 3971 773 4034; x_wconf 83' lang='lat' dir='ltr'>Residua</span> <span class='ocrx_word' id='word_1_311' title='bbox 811 3969 1005 4031; x_wconf 89' lang='lat' dir='ltr'>etiam</span> <span class='ocrx_word' id='word_1_312' title='bbox 1045 3968 1191 4041; x_wconf 90' lang='lat' dir='ltr'>du0,</span> <span class='ocrx_word' id='word_1_313' title='bbox 1227 3968 1524 4031; x_wconf 89' lang='lat' dir='ltr'>videlicet</span> <span class='ocrx_word' id='word_1_314' title='bbox 1554 3986 1715 4029; x_wconf 89' lang='lat' dir='ltr'>vana</span> <span class='ocrx_word' id='word_1_315' title='bbox 1753 3968 1881 4048; x_wconf 90' lang='lat' dir='ltr'>glo-</span> 
     </span>
     <span class='ocr_line' id='line_1_53' title="bbox 380 4066 1874 4151; baseline -0.003 -20"><span class='ocrx_word' id='word_1_316' title='bbox 380 4072 471 4133; x_wconf 92' lang='lat' dir='ltr'>ria</span> <span class='ocrx_word' id='word_1_317' title='bbox 502 4078 571 4133; x_wconf 89' lang='lat' dir='ltr'>et</span> <span class='ocrx_word' id='word_1_318' title='bbox 599 4068 921 4151; x_wconf 89' lang='lat' dir='ltr'>superbia,</span> <span class='ocrx_word' id='word_1_319' title='bbox 942 4066 1138 4129; x_wconf 89' lang='lat' dir='ltr'>simili</span> <span class='ocrx_word' id='word_1_320' title='bbox 1174 4068 1360 4129; x_wconf 91' lang='lat' dir='ltr'>modo</span> <span class='ocrx_word' id='word_1_321' title='bbox 1390 4084 1676 4128; x_wconf 87' lang='lat' dir='ltr'>connexa</span> <span class='ocrx_word' id='word_1_322' title='bbox 1706 4074 1874 4139; x_wconf 90' lang='lat' dir='ltr'>sunt,</span> 
     </span>
     <span class='ocr_line' id='line_1_54' title="bbox 380 4164 1878 4247; baseline -0.003 -17"><span class='ocrx_word' id='word_1_323' title='bbox 380 4170 465 4231; x_wconf 90' lang='lat' dir='ltr'>ita</span> <span class='ocrx_word' id='word_1_324' title='bbox 510 4178 581 4230; x_wconf 90' lang='lat' dir='ltr'>ut</span> <span class='ocrx_word' id='word_1_325' title='bbox 631 4169 1097 4230; x_wconf 89' lang='lat' dir='ltr'>incrementum</span> <span class='ocrx_word' id='word_1_326' title='bbox 1146 4165 1377 4247; x_wconf 91' lang='lat' dir='ltr'>prioris</span> <span class='ocrx_word' id='word_1_327' title='bbox 1428 4165 1506 4226; x_wconf 91' lang='lat' dir='ltr'>sit</span> <span class='ocrx_word' id='word_1_328' title='bbox 1555 4164 1878 4245; x_wconf 88' lang='lat' dir='ltr'>generatio</span> 
     </span>
    </p>
   </div>
   <div class='ocr_carea' id='block_1_16' title="bbox 1989 3180 3496 4249">
    <p class='ocr_par' dir='ltr' id='par_1_16' title="bbox 1989 3180 3496 4249">
     <span class='ocr_line' id='line_1_55' title="bbox 2164 3180 3496 3263; baseline 0.003 -21"><span class='ocrx_word' id='word_1_329' title='bbox 2164 3180 2502 3262; x_wconf 89' lang='lat' dir='ltr'>speciebus</span> <span class='ocrx_word' id='word_1_330' title='bbox 2551 3180 2898 3261; x_wconf 90' lang='lat' dir='ltr'>cujuslibet</span> <span class='ocrx_word' id='word_1_331' title='bbox 2938 3181 3099 3253; x_wconf 89' lang='lat' dir='ltr'>vitii,</span> <span class='ocrx_word' id='word_1_332' title='bbox 3139 3183 3302 3263; x_wconf 82' lang='lat' dir='ltr'>gulae</span> <span class='ocrx_word' id='word_1_333' title='bbox 3347 3191 3496 3246; x_wconf 89' lang='lat' dir='ltr'>sunt</span> 
     </span>
     <span class='ocr_line' id='line_1_56' title="bbox 1994 3278 3494 3361; baseline 0.002 -20"><span class='ocrx_word' id='word_1_334' title='bbox 1994 3288 2122 3341; x_wconf 91' lang='lat' dir='ltr'>tres</span> <span class='ocrx_word' id='word_1_335' title='bbox 2173 3279 2418 3360; x_wconf 85' lang='lat' dir='ltr'>species</span> <span class='ocrx_word' id='word_1_336' title='bbox 2471 3298 2484 3343; x_wconf 91' lang='lat'>:</span> <span class='ocrx_word' id='word_1_337' title='bbox 2541 3278 2767 3361; x_wconf 89' lang='lat' dir='ltr'>prima,</span> <span class='ocrx_word' id='word_1_338' title='bbox 2819 3298 2962 3361; x_wconf 82' lang='lat' dir='ltr'>quae</span> <span class='ocrx_word' id='word_1_339' title='bbox 3009 3280 3229 3343; x_wconf 88' lang='lat' dir='ltr'>incitat</span> <span class='ocrx_word' id='word_1_340' title='bbox 3280 3300 3494 3345; x_wconf 89' lang='lat' dir='ltr'>mona-</span> 
     </span>
     <span class='ocr_line' id='line_1_57' title="bbox 1995 3376 3494 3459; baseline 0.002 -19"><span class='ocrx_word' id='word_1_341' title='bbox 1995 3379 2188 3440; x_wconf 90' lang='lat' dir='ltr'>chum</span> <span class='ocrx_word' id='word_1_342' title='bbox 2230 3378 2306 3439; x_wconf 93' lang='lat' dir='ltr'>ad</span> <span class='ocrx_word' id='word_1_343' title='bbox 2349 3376 2762 3440; x_wconf 81' lang='lat' dir='ltr'>refectionem</span> <span class='ocrx_word' id='word_1_344' title='bbox 2806 3386 2950 3439; x_wconf 89' lang='lat' dir='ltr'>ante</span> <span class='ocrx_word' id='word_1_345' title='bbox 2993 3378 3342 3459; x_wconf 90' lang='lat' dir='ltr'>legitimam</span> <span class='ocrx_word' id='word_1_346' title='bbox 3387 3381 3494 3443; x_wconf 89' lang='lat' dir='ltr'>ho-</span> 
     </span>
     <span class='ocr_line' id='line_1_58' title="bbox 1994 3476 3496 3561; baseline 0.003 -23"><span class='ocrx_word' id='word_1_347' title='bbox 1994 3496 2125 3539; x_wconf 91' lang='lat' dir='ltr'>ram</span> <span class='ocrx_word' id='word_1_348' title='bbox 2144 3493 2159 3555; x_wconf 90' lang='lat'>;</span> <span class='ocrx_word' id='word_1_349' title='bbox 2179 3477 2472 3547; x_wconf 90' lang='lat' dir='ltr'>secunda,</span> <span class='ocrx_word' id='word_1_350' title='bbox 2487 3496 2630 3557; x_wconf 80' lang='lat' dir='ltr'>quae</span> <span class='ocrx_word' id='word_1_351' title='bbox 2658 3476 3004 3555; x_wconf 77' lang='lat' dir='ltr'>gratulatur</span> <span class='ocrx_word' id='word_1_352' title='bbox 3029 3478 3266 3540; x_wconf 89' lang='lat' dir='ltr'>ventris</span> <span class='ocrx_word' id='word_1_353' title='bbox 3299 3479 3496 3561; x_wconf 87' lang='lat' dir='ltr'>reple·</span> 
     </span>
     <span class='ocr_line' id='line_1_59' title="bbox 1992 3574 3489 3659; baseline 0.001 -20"><span class='ocrx_word' id='word_1_354' title='bbox 1992 3577 2163 3640; x_wconf 89' lang='lat' dir='ltr'>tione</span> <span class='ocrx_word' id='word_1_355' title='bbox 2205 3584 2268 3637; x_wconf 93' lang='lat' dir='ltr'>et</span> <span class='ocrx_word' id='word_1_356' title='bbox 2309 3574 2740 3657; x_wconf 88' lang='lat' dir='ltr'>quarumlibet</span> <span class='ocrx_word' id='word_1_357' title='bbox 2780 3594 3070 3637; x_wconf 90' lang='lat' dir='ltr'>escarum</span> <span class='ocrx_word' id='word_1_358' title='bbox 3113 3579 3489 3659; x_wconf 82' lang='lat' dir='ltr'>voracitate3</span> 
     </span>
     <span class='ocr_line' id='line_1_60' title="bbox 1993 3674 3493 3758; baseline 0.001 -21"><span class='ocrx_word' id='word_1_359' title='bbox 1993 3676 2200 3748; x_wconf 87' lang='lat' dir='ltr'>tertia,</span> <span class='ocrx_word' id='word_1_360' title='bbox 2264 3693 2406 3755; x_wconf 80' lang='lat' dir='ltr'>quae</span> <span class='ocrx_word' id='word_1_361' title='bbox 2465 3681 2794 3735; x_wconf 86' lang='lat' dir='ltr'>accuratos</span> <span class='ocrx_word' id='word_1_362' title='bbox 2857 3682 2918 3735; x_wconf 89' lang='lat' dir='ltr'>et</span> <span class='ocrx_word' id='word_1_363' title='bbox 2984 3674 3187 3737; x_wconf 90' lang='lat' dir='ltr'>lautos</span> <span class='ocrx_word' id='word_1_364' title='bbox 3248 3678 3493 3758; x_wconf 89' lang='lat' dir='ltr'>appetit</span> 
     </span>
     <span class='ocr_line' id='line_1_61' title="bbox 1994 3770 3495 3852; baseline 0.002 -17"><span class='ocrx_word' id='word_1_365' title='bbox 1994 3773 2190 3836; x_wconf 66' lang='lat' dir='ltr'>cibos</span> <span class='ocrx_word' id='word_1_366' title='bbox 2227 3774 2373 3847; x_wconf 80' lang='lat' dir='ltr'>Quae</span> <span class='ocrx_word' id='word_1_367' title='bbox 2407 3779 2534 3835; x_wconf 88' lang='lat' dir='ltr'>tres</span> <span class='ocrx_word' id='word_1_368' title='bbox 2575 3770 2820 3852; x_wconf 90' lang='lat' dir='ltr'>species</span> <span class='ocrx_word' id='word_1_369' title='bbox 2861 3790 2988 3835; x_wconf 90' lang='lat' dir='ltr'>non</span> <span class='ocrx_word' id='word_1_370' title='bbox 3029 3774 3279 3838; x_wconf 92' lang='lat' dir='ltr'>modico</span> <span class='ocrx_word' id='word_1_371' title='bbox 3318 3775 3495 3838; x_wconf 89' lang='lat' dir='ltr'>dam-</span> 
     </span>
     <span class='ocr_line' id='line_1_62' title="bbox 1991 3868 3490 3941; baseline 0.003 -8"><span class='ocrx_word' id='word_1_372' title='bbox 1991 3890 2075 3933; x_wconf 91' lang='lat' dir='ltr'>no</span> <span class='ocrx_word' id='word_1_373' title='bbox 2125 3870 2366 3933; x_wconf 80' lang='lat' dir='ltr'>feriunt</span> <span class='ocrx_word' id='word_1_374' title='bbox 2419 3868 2822 3941; x_wconf 90' lang='lat' dir='ltr'>monachum,</span> <span class='ocrx_word' id='word_1_375' title='bbox 2877 3869 3000 3931; x_wconf 89' lang='lat' dir='ltr'>nisi</span> <span class='ocrx_word' id='word_1_376' title='bbox 3061 3872 3374 3935; x_wconf 87' lang='lat' dir='ltr'>studuerit</span> <span class='ocrx_word' id='word_1_377' title='bbox 3422 3894 3490 3937; x_wconf 87' lang='lat' dir='ltr'>se</span> 
     </span>
     <span class='ocr_line' id='line_1_63' title="bbox 1989 3968 3492 4051; baseline 0.003 -18"><span class='ocrx_word' id='word_1_378' title='bbox 1989 3970 2070 4033; x_wconf 89' lang='lat' dir='ltr'>ab</span> <span class='ocrx_word' id='word_1_379' title='bbox 2100 3969 2400 4032; x_wconf 89' lang='lat' dir='ltr'>omnibus</span> <span class='ocrx_word' id='word_1_380' title='bbox 2431 3969 2524 4031; x_wconf 92' lang='lat' dir='ltr'>eis</span> <span class='ocrx_word' id='word_1_381' title='bbox 2566 3968 2701 4051; x_wconf 91' lang='lat' dir='ltr'>pari</span> <span class='ocrx_word' id='word_1_382' title='bbox 2745 3970 2958 4033; x_wconf 90' lang='lat' dir='ltr'>studio</span> <span class='ocrx_word' id='word_1_383' title='bbox 2987 3990 3060 4033; x_wconf 91' lang='lat' dir='ltr'>ac</span> <span class='ocrx_word' id='word_1_384' title='bbox 3091 3972 3492 4038; x_wconf 87' lang='lat' dir='ltr'>observantia</span> 
     </span>
     <span class='ocr_line' id='line_1_64' title="bbox 1989 4067 3494 4153; baseline 0.004 -24"><span class='ocrx_word' id='word_1_385' title='bbox 1989 4068 2355 4130; x_wconf 89' lang='lat' dir='ltr'>emundare.</span> <span class='ocrx_word' id='word_1_386' title='bbox 2393 4067 2937 4141; x_wconf 88' lang='lat' dir='ltr'>Quemadmodum</span> <span class='ocrx_word' id='word_1_387' title='bbox 2991 4089 3264 4153; x_wconf 89' lang='lat' dir='ltr'>namque</span> <span class='ocrx_word' id='word_1_388' title='bbox 3312 4072 3494 4135; x_wconf 90' lang='lat' dir='ltr'>abso-</span> 
     </span>
     <span class='ocr_line' id='line_1_65' title="bbox 1992 4166 3490 4249; baseline 0.003 -21"><span class='ocrx_word' id='word_1_389' title='bbox 1992 4166 2148 4230; x_wconf 91' lang='lat' dir='ltr'>lutio</span> <span class='ocrx_word' id='word_1_390' title='bbox 2189 4166 2421 4248; x_wconf 86' lang='lat' dir='ltr'>jejunii</span> <span class='ocrx_word' id='word_1_391' title='bbox 2467 4185 2870 4248; x_wconf 86' lang='lat' dir='ltr'>nequaquam</span> <span class='ocrx_word' id='word_1_392' title='bbox 2915 4177 3010 4230; x_wconf 91' lang='lat' dir='ltr'>est</span> <span class='ocrx_word' id='word_1_393' title='bbox 3053 4172 3490 4249; x_wconf 68' lang='lat' dir='ltr'>praesumenda</span> 
     </span>
    </p>
   </div>
   <div class='ocr_carea' id='block_1_17' title="bbox 378 4262 3486 4349">
    <p class='ocr_par' dir='ltr' id='par_1_17' title="bbox 378 4262 3486 4349">
     <span class='ocr_line' id='line_1_66' title="bbox 378 4262 3486 4349; baseline 0.001 -20"><span class='ocrx_word' id='word_1_394' title='bbox 378 4266 845 4349; x_wconf 68' lang='lat' dir='ltr'>consequentis</span> <span class='ocrx_word' id='word_1_395' title='bbox 901 4266 1059 4328; x_wconf 87' lang='lat' dir='ltr'>Nam</span> <span class='ocrx_word' id='word_1_396' title='bbox 1110 4284 1269 4327; x_wconf 89' lang='lat' dir='ltr'>vana</span> <span class='ocrx_word' id='word_1_397' title='bbox 1315 4264 1515 4346; x_wconf 92' lang='lat' dir='ltr'>gloria</span> <span class='ocrx_word' id='word_1_398' title='bbox 1564 4262 1729 4346; x_wconf 86' lang='lat' dir='ltr'>parit</span> <span class='ocrx_word' id='word_1_399' title='bbox 1778 4283 1877 4325; x_wconf 93' lang='lat' dir='ltr'>su—</span> <span class='ocrx_word' id='word_1_400' title='bbox 1908 4274 1957 4335; x_wconf 86' lang='lat' dir='ltr'>D</span> <span class='ocrx_word' id='word_1_401' title='bbox 1988 4274 2133 4328; x_wconf 91' lang='lat' dir='ltr'>ante</span> <span class='ocrx_word' id='word_1_402' title='bbox 2163 4267 2384 4329; x_wconf 90' lang='lat' dir='ltr'>horam</span> <span class='ocrx_word' id='word_1_403' title='bbox 2427 4273 2748 4339; x_wconf 89' lang='lat' dir='ltr'>statutam,</span> <span class='ocrx_word' id='word_1_404' title='bbox 2784 4265 2870 4327; x_wconf 86' lang='lat' dir='ltr'>ita</span> <span class='ocrx_word' id='word_1_405' title='bbox 2898 4267 3136 4328; x_wconf 89' lang='lat' dir='ltr'>ventris</span> <span class='ocrx_word' id='word_1_406' title='bbox 3173 4266 3486 4348; x_wconf 90' lang='lat' dir='ltr'>ingluvies</span> 
     </span>
    </p>
   </div>
   <div class='ocr_carea' id='block_1_18' title="bbox 380 4361 1884 5426">
    <p class='ocr_par' dir='ltr' id='par_1_18' title="bbox 380 4361 1884 5426">
     <span class='ocr_line' id='line_1_67' title="bbox 380 4361 1874 4447; baseline -0.003 -20"><span class='ocrx_word' id='word_1_407' title='bbox 380 4366 682 4447; x_wconf 88' lang='lat' dir='ltr'>perbiam.</span> <span class='ocrx_word' id='word_1_408' title='bbox 730 4365 851 4431; x_wconf 88' lang='lat' dir='ltr'>Sed</span> <span class='ocrx_word' id='word_1_409' title='bbox 901 4382 938 4425; x_wconf 91' lang='lat' dir='ltr'>a</span> <span class='ocrx_word' id='word_1_410' title='bbox 989 4362 1493 4445; x_wconf 86' lang='lat' dir='ltr'>praecedentibus</span> <span class='ocrx_word' id='word_1_411' title='bbox 1542 4381 1650 4424; x_wconf 86' lang='lat' dir='ltr'>sex</span> <span class='ocrx_word' id='word_1_412' title='bbox 1701 4361 1874 4424; x_wconf 85' lang='lat' dir='ltr'>vitiis</span> 
     </span>
     <span class='ocr_line' id='line_1_68' title="bbox 380 4460 1874 4547; baseline -0.004 -20"><span class='ocrx_word' id='word_1_413' title='bbox 380 4463 632 4547; x_wconf 87' lang='lat' dir='ltr'>penitus</span> <span class='ocrx_word' id='word_1_414' title='bbox 678 4460 1219 4534; x_wconf 78' lang='lat' dir='ltr'>diversificantur,</span> <span class='ocrx_word' id='word_1_415' title='bbox 1267 4478 1385 4522; x_wconf 89' lang='lat' dir='ltr'>nec</span> <span class='ocrx_word' id='word_1_416' title='bbox 1433 4460 1627 4521; x_wconf 89' lang='lat' dir='ltr'>simili</span> <span class='ocrx_word' id='word_1_417' title='bbox 1677 4461 1874 4522; x_wconf 89' lang='lat' dir='ltr'>socie-</span> 
     </span>
     <span class='ocr_line' id='line_1_69' title="bbox 381 4557 1873 4637; baseline -0.003 -13"><span class='ocrx_word' id='word_1_418' title='bbox 381 4570 503 4624; x_wconf 87' lang='lat' dir='ltr'>tate</span> <span class='ocrx_word' id='word_1_419' title='bbox 538 4561 625 4623; x_wconf 89' lang='lat' dir='ltr'>eis</span> <span class='ocrx_word' id='word_1_420' title='bbox 656 4558 1207 4637; x_wconf 81' lang='lat' dir='ltr'>confoederantur3</span> <span class='ocrx_word' id='word_1_421' title='bbox 1238 4566 1301 4620; x_wconf 94' lang='lat' dir='ltr'>et</span> <span class='ocrx_word' id='word_1_422' title='bbox 1333 4576 1459 4621; x_wconf 90' lang='lat' dir='ltr'>non</span> <span class='ocrx_word' id='word_1_423' title='bbox 1500 4557 1707 4619; x_wconf 89' lang='lat' dir='ltr'>solum</span> <span class='ocrx_word' id='word_1_424' title='bbox 1748 4576 1873 4620; x_wconf 92' lang='lat' dir='ltr'>non</span> 
     </span>
     <span class='ocr_line' id='line_1_70' title="bbox 380 4655 1877 4741; baseline -0.003 -18"><span class='ocrx_word' id='word_1_425' title='bbox 380 4667 757 4741; x_wconf 85' lang='lat' dir='ltr'>generantur</span> <span class='ocrx_word' id='word_1_426' title='bbox 806 4676 885 4721; x_wconf 85' lang='lat' dir='ltr'>ex</span> <span class='ocrx_word' id='word_1_427' title='bbox 937 4656 1088 4730; x_wconf 93' lang='lat' dir='ltr'>illis,</span> <span class='ocrx_word' id='word_1_428' title='bbox 1145 4658 1273 4719; x_wconf 91' lang='lat' dir='ltr'>imo</span> <span class='ocrx_word' id='word_1_429' title='bbox 1324 4655 1639 4719; x_wconf 89' lang='lat' dir='ltr'>contrario</span> <span class='ocrx_word' id='word_1_430' title='bbox 1689 4656 1877 4719; x_wconf 91' lang='lat' dir='ltr'>modo</span> 
     </span>
     <span class='ocr_line' id='line_1_71' title="bbox 380 4753 1872 4827; baseline -0.004 -7"><span class='ocrx_word' id='word_1_431' title='bbox 380 4766 441 4820; x_wconf 83' lang='lat' dir='ltr'>et</span> <span class='ocrx_word' id='word_1_432' title='bbox 488 4757 705 4820; x_wconf 89' lang='lat' dir='ltr'>ordine</span> <span class='ocrx_word' id='word_1_433' title='bbox 755 4754 1165 4818; x_wconf 85' lang='lat' dir='ltr'>suscitantur.</span> <span class='ocrx_word' id='word_1_434' title='bbox 1219 4754 1373 4816; x_wconf 88' lang='lat' dir='ltr'>Nam</span> <span class='ocrx_word' id='word_1_435' title='bbox 1435 4753 1564 4815; x_wconf 91' lang='lat' dir='ltr'>illis</span> <span class='ocrx_word' id='word_1_436' title='bbox 1612 4754 1872 4827; x_wconf 90' lang='lat' dir='ltr'>evulsis,</span> 
     </span>
     <span class='ocr_line' id='line_1_72' title="bbox 384 4853 1875 4934; baseline -0.004 -16"><span class='ocrx_word' id='word_1_437' title='bbox 384 4855 505 4919; x_wconf 85' lang='lat' dir='ltr'>ista</span> <span class='ocrx_word' id='word_1_438' title='bbox 548 4853 990 4918; x_wconf 85' lang='lat' dir='ltr'>vehementius</span> <span class='ocrx_word' id='word_1_439' title='bbox 1041 4854 1379 4934; x_wconf 86' lang='lat' dir='ltr'>insurgunt</span> <span class='ocrx_word' id='word_1_440' title='bbox 1420 4860 1484 4914; x_wconf 91' lang='lat' dir='ltr'>et</span> <span class='ocrx_word' id='word_1_441' title='bbox 1534 4853 1697 4915; x_wconf 90' lang='lat' dir='ltr'>male</span> <span class='ocrx_word' id='word_1_442' title='bbox 1748 4853 1875 4913; x_wconf 89' lang='lat' dir='ltr'>fru-</span> 
     </span>
     <span class='ocr_line' id='line_1_73' title="bbox 386 4951 1879 5033; baseline -0.004 -16"><span class='ocrx_word' id='word_1_443' title='bbox 386 4954 684 5029; x_wconf 85' lang='lat' dir='ltr'>ctificant,</span> <span class='ocrx_word' id='word_1_444' title='bbox 746 4962 810 5017; x_wconf 89' lang='lat' dir='ltr'>et</span> <span class='ocrx_word' id='word_1_445' title='bbox 868 4951 1360 5015; x_wconf 82' lang='lat' dir='ltr'>mortificatione</span> <span class='ocrx_word' id='word_1_446' title='bbox 1424 4952 1679 5013; x_wconf 92' lang='lat' dir='ltr'>illorum</span> <span class='ocrx_word' id='word_1_447' title='bbox 1743 4951 1879 5033; x_wconf 93' lang='lat' dir='ltr'>pul-</span> 
     </span>
     <span class='ocr_line' id='line_1_74' title="bbox 388 5050 1875 5116; baseline -0.003 -1"><span class='ocrx_word' id='word_1_448' title='bbox 388 5054 583 5116; x_wconf 88' lang='lat' dir='ltr'>lulant</span> <span class='ocrx_word' id='word_1_449' title='bbox 636 5062 698 5115; x_wconf 91' lang='lat' dir='ltr'>et</span> <span class='ocrx_word' id='word_1_450' title='bbox 758 5058 1173 5115; x_wconf 86' lang='lat' dir='ltr'>succrescunt</span> <span class='ocrx_word' id='word_1_451' title='bbox 1232 5050 1536 5112; x_wconf 78' lang='lat' dir='ltr'>vivacius,</span> <span class='ocrx_word' id='word_1_452' title='bbox 1583 5051 1757 5113; x_wconf 90' lang='lat' dir='ltr'>Unde</span> <span class='ocrx_word' id='word_1_453' title='bbox 1815 5058 1875 5111; x_wconf 92' lang='lat' dir='ltr'>et</span> 
     </span>
     <span class='ocr_line' id='line_1_75' title="bbox 386 5148 1879 5230; baseline -0.001 -18"><span class='ocrx_word' id='word_1_454' title='bbox 386 5151 631 5213; x_wconf 90' lang='lat' dir='ltr'>diverso</span> <span class='ocrx_word' id='word_1_455' title='bbox 674 5150 866 5212; x_wconf 91' lang='lat' dir='ltr'>modo</span> <span class='ocrx_word' id='word_1_456' title='bbox 910 5148 1362 5230; x_wconf 89' lang='lat' dir='ltr'>impugnamur</span> <span class='ocrx_word' id='word_1_457' title='bbox 1405 5149 1504 5210; x_wconf 92' lang='lat' dir='ltr'>his</span> <span class='ocrx_word' id='word_1_458' title='bbox 1548 5148 1740 5211; x_wconf 90' lang='lat' dir='ltr'>vitiis.</span> <span class='ocrx_word' id='word_1_459' title='bbox 1786 5150 1879 5211; x_wconf 89' lang='lat' dir='ltr'>Si-</span> 
     </span>
     <span class='ocr_line' id='line_1_76' title="bbox 388 5246 1881 5330; baseline 0 -20"><span class='ocrx_word' id='word_1_460' title='bbox 388 5248 643 5330; x_wconf 88' lang='lat' dir='ltr'>quidem</span> <span class='ocrx_word' id='word_1_461' title='bbox 688 5247 755 5310; x_wconf 92' lang='lat' dir='ltr'>in</span> <span class='ocrx_word' id='word_1_462' title='bbox 802 5247 1305 5329; x_wconf 89' lang='lat' dir='ltr'>unumquodque</span> <span class='ocrx_word' id='word_1_463' title='bbox 1346 5246 1601 5309; x_wconf 91' lang='lat' dir='ltr'>illorum</span> <span class='ocrx_word' id='word_1_464' title='bbox 1640 5266 1748 5310; x_wconf 90' lang='lat' dir='ltr'>sex</span> <span class='ocrx_word' id='word_1_465' title='bbox 1789 5248 1881 5310; x_wconf 91' lang='lat' dir='ltr'>vi-</span> 
     </span>
     <span class='ocr_line' id='line_1_77' title="bbox 392 5343 1884 5426; baseline 0.001 -19"><span class='ocrx_word' id='word_1_466' title='bbox 392 5346 619 5409; x_wconf 88' lang='lat' dir='ltr'>tiorum</span> <span class='ocrx_word' id='word_1_467' title='bbox 680 5352 832 5407; x_wconf 88' lang='lat' dir='ltr'>tunc</span> <span class='ocrx_word' id='word_1_468' title='bbox 892 5343 1205 5419; x_wconf 82' lang='lat' dir='ltr'>cadimuS,</span> <span class='ocrx_word' id='word_1_469' title='bbox 1256 5365 1456 5426; x_wconf 91' lang='lat' dir='ltr'>quum</span> <span class='ocrx_word' id='word_1_470' title='bbox 1508 5365 1545 5407; x_wconf 90' lang='lat' dir='ltr'>a</span> <span class='ocrx_word' id='word_1_471' title='bbox 1592 5345 1765 5408; x_wconf 89' lang='lat' dir='ltr'>vitiis</span> <span class='ocrx_word' id='word_1_472' title='bbox 1810 5366 1884 5409; x_wconf 90' lang='lat' dir='ltr'>ea</span> 
     </span>
    </p>
   </div>
   <div class='ocr_carea' id='block_1_19' title="bbox 1987 4365 3488 5431">
    <p class='ocr_par' dir='ltr' id='par_1_19' title="bbox 1987 4365 3488 5431">
     <span class='ocr_line' id='line_1_78' title="bbox 1987 4365 3488 4447; baseline 0.002 -21"><span class='ocrx_word' id='word_1_473' title='bbox 1987 4372 2176 4447; x_wconf 89' lang='lat' dir='ltr'>atque</span> <span class='ocrx_word' id='word_1_474' title='bbox 2217 4382 2506 4426; x_wconf 89' lang='lat' dir='ltr'>escarum</span> <span class='ocrx_word' id='word_1_475' title='bbox 2548 4371 2920 4444; x_wconf 90' lang='lat' dir='ltr'>sumptuosa</span> <span class='ocrx_word' id='word_1_476' title='bbox 2951 4372 3011 4425; x_wconf 92' lang='lat' dir='ltr'>et</span> <span class='ocrx_word' id='word_1_477' title='bbox 3043 4365 3359 4445; x_wconf 88' lang='lat' dir='ltr'>exquisita</span> <span class='ocrx_word' id='word_1_478' title='bbox 3389 4385 3488 4429; x_wconf 92' lang='lat' dir='ltr'>co-</span> 
     </span>
     <span class='ocr_line' id='line_1_79' title="bbox 1987 4458 3488 4542; baseline 0.002 -18"><span class='ocrx_word' id='word_1_479' title='bbox 1987 4470 2166 4524; x_wconf 87' lang='lat' dir='ltr'>ctura</span> <span class='ocrx_word' id='word_1_480' title='bbox 2208 4470 2356 4523; x_wconf 89' lang='lat' dir='ltr'>sunt</span> <span class='ocrx_word' id='word_1_481' title='bbox 2393 4460 2813 4542; x_wconf 87' lang='lat' dir='ltr'>amputandae.</span> <span class='ocrx_word' id='word_1_482' title='bbox 2849 4461 3087 4542; x_wconf 86' lang='lat' dir='ltr'>Nempe</span> <span class='ocrx_word' id='word_1_483' title='bbox 3125 4480 3204 4524; x_wconf 90' lang='lat' dir='ltr'>ex</span> <span class='ocrx_word' id='word_1_484' title='bbox 3241 4463 3341 4526; x_wconf 87' lang='lat' dir='ltr'>his</span> <span class='ocrx_word' id='word_1_485' title='bbox 3363 4458 3488 4527; x_wconf 70' lang='lat' dir='ltr'>‘tri-</span> 
     </span>
     <span class='ocr_line' id='line_1_80' title="bbox 1988 4557 3484 4643; baseline 0.003 -20"><span class='ocrx_word' id='word_1_486' title='bbox 1988 4562 2109 4624; x_wconf 92' lang='lat' dir='ltr'>bus</span> <span class='ocrx_word' id='word_1_487' title='bbox 2149 4560 2486 4643; x_wconf 85' lang='lat' dir='ltr'>speciebus</span> <span class='ocrx_word' id='word_1_488' title='bbox 2526 4557 2690 4639; x_wconf 87' lang='lat' dir='ltr'>gulae</span> <span class='ocrx_word' id='word_1_489' title='bbox 2730 4568 3077 4621; x_wconf 87' lang='lat' dir='ltr'>nascuntur</span> <span class='ocrx_word' id='word_1_490' title='bbox 3108 4560 3371 4627; x_wconf 83' lang='lat' dir='ltr'>diversae</span> <span class='ocrx_word' id='word_1_491' title='bbox 3410 4584 3484 4627; x_wconf 90' lang='lat' dir='ltr'>ac</span> 
     </span>
     <span class='ocr_line' id='line_1_81' title="bbox 1990 4657 3488 4742; baseline 0.002 -20"><span class='ocrx_word' id='word_1_492' title='bbox 1990 4660 2282 4742; x_wconf 81' lang='lat' dir='ltr'>pessimae</span> <span class='ocrx_word' id='word_1_493' title='bbox 2327 4657 2549 4739; x_wconf 82' lang='lat' dir='ltr'>culpae.</span> <span class='ocrx_word' id='word_1_494' title='bbox 2599 4658 2684 4719; x_wconf 90' lang='lat' dir='ltr'>De</span> <span class='ocrx_word' id='word_1_495' title='bbox 2729 4658 2935 4739; x_wconf 89' lang='lat' dir='ltr'>prima</span> <span class='ocrx_word' id='word_1_496' title='bbox 2983 4658 3156 4722; x_wconf 87' lang='lat' dir='ltr'>enim</span> <span class='ocrx_word' id='word_1_497' title='bbox 3205 4660 3488 4742; x_wconf 89' lang='lat' dir='ltr'>gignitur</span> 
     </span>
     <span class='ocr_line' id='line_1_82' title="bbox 1988 4755 3486 4833; baseline 0.003 -14"><span class='ocrx_word' id='word_1_498' title='bbox 1988 4758 2206 4820; x_wconf 92' lang='lat' dir='ltr'>odium</span> <span class='ocrx_word' id='word_1_499' title='bbox 2248 4755 2652 4833; x_wconf 79' lang='lat' dir='ltr'>monasterii3</span> <span class='ocrx_word' id='word_1_500' title='bbox 2690 4756 2917 4818; x_wconf 91' lang='lat' dir='ltr'>deinde</span> <span class='ocrx_word' id='word_1_501' title='bbox 2963 4756 3185 4820; x_wconf 86' lang='lat' dir='ltr'>horror</span> <span class='ocrx_word' id='word_1_502' title='bbox 3223 4766 3286 4821; x_wconf 89' lang='lat' dir='ltr'>et</span> <span class='ocrx_word' id='word_1_503' title='bbox 3327 4760 3486 4825; x_wconf 92' lang='lat' dir='ltr'>into-</span> 
     </span>
     <span class='ocr_line' id='line_1_83' title="bbox 1992 4853 3487 4934; baseline 0.003 -17"><span class='ocrx_word' id='word_1_504' title='bbox 1992 4855 2254 4917; x_wconf 85' lang='lat' dir='ltr'>lerantia</span> <span class='ocrx_word' id='word_1_505' title='bbox 2310 4854 2602 4934; x_wconf 90' lang='lat' dir='ltr'>ejusdem</span> <span class='ocrx_word' id='word_1_506' title='bbox 2663 4853 3006 4917; x_wconf 86' lang='lat' dir='ltr'>habitaculi</span> <span class='ocrx_word' id='word_1_507' title='bbox 3069 4856 3216 4919; x_wconf 91' lang='lat' dir='ltr'>inde</span> <span class='ocrx_word' id='word_1_508' title='bbox 3274 4878 3487 4922; x_wconf 83' lang='lat' dir='ltr'>excre-</span> 
     </span>
     <span class='ocr_line' id='line_1_84' title="bbox 1990 4952 3488 5039; baseline 0.003 -24"><span class='ocrx_word' id='word_1_509' title='bbox 1990 4954 2111 5015; x_wconf 89' lang='lat' dir='ltr'>scit</span> <span class='ocrx_word' id='word_1_510' title='bbox 2140 4972 2153 5017; x_wconf 93' lang='lat'>:</span> <span class='ocrx_word' id='word_1_511' title='bbox 2185 4972 2376 5035; x_wconf 87' lang='lat' dir='ltr'>quam</span> <span class='ocrx_word' id='word_1_512' title='bbox 2413 4952 2880 5014; x_wconf 87' lang='lat' dir='ltr'>intolerantiam</span> <span class='ocrx_word' id='word_1_513' title='bbox 2912 4954 3218 5017; x_wconf 89' lang='lat' dir='ltr'>discessio</span> <span class='ocrx_word' id='word_1_514' title='bbox 3245 4963 3310 5017; x_wconf 76' lang='lat' dir='ltr'>et·</span> <span class='ocrx_word' id='word_1_515' title='bbox 3340 4956 3488 5039; x_wconf 84' lang='lat' dir='ltr'>fuga</span> 
     </span>
     <span class='ocr_line' id='line_1_85' title="bbox 1992 5051 3488 5133; baseline 0.003 -20"><span class='ocrx_word' id='word_1_516' title='bbox 1992 5051 2390 5115; x_wconf 88' lang='lat' dir='ltr'>velocissima</span> <span class='ocrx_word' id='word_1_517' title='bbox 2446 5068 2591 5113; x_wconf 85' lang='lat' dir='ltr'>mox</span> <span class='ocrx_word' id='word_1_518' title='bbox 2651 5059 3016 5133; x_wconf 86' lang='lat' dir='ltr'>sequentur.</span> <span class='ocrx_word' id='word_1_519' title='bbox 3072 5053 3159 5115; x_wconf 90' lang='lat' dir='ltr'>De</span> <span class='ocrx_word' id='word_1_520' title='bbox 3209 5056 3488 5117; x_wconf 90' lang='lat' dir='ltr'>secunda</span> 
     </span>
     <span class='ocr_line' id='line_1_86' title="bbox 1992 5149 3488 5234; baseline 0 -19"><span class='ocrx_word' id='word_1_521' title='bbox 1992 5151 2206 5234; x_wconf 92' lang='lat' dir='ltr'>specie</span> <span class='ocrx_word' id='word_1_522' title='bbox 2237 5149 2624 5212; x_wconf 88' lang='lat' dir='ltr'>suscitantur</span> <span class='ocrx_word' id='word_1_523' title='bbox 2656 5149 2837 5230; x_wconf 90' lang='lat' dir='ltr'>igniti</span> <span class='ocrx_word' id='word_1_524' title='bbox 2876 5150 3142 5213; x_wconf 85' lang='lat' dir='ltr'>luxuriae</span> <span class='ocrx_word' id='word_1_525' title='bbox 3175 5151 3488 5215; x_wconf 92' lang='lat' dir='ltr'>libidinis-</span> 
     </span>
     <span class='ocr_line' id='line_1_87' title="bbox 1994 5248 3482 5332; baseline 0.001 -20"><span class='ocrx_word' id='word_1_526' title='bbox 1994 5269 2117 5332; x_wconf 87' lang='lat' dir='ltr'>que</span> <span class='ocrx_word' id='word_1_527' title='bbox 2172 5248 2396 5311; x_wconf 89' lang='lat' dir='ltr'>aculei.</span> <span class='ocrx_word' id='word_1_528' title='bbox 2451 5248 2658 5310; x_wconf 84' lang='lat' dir='ltr'>Tertia</span> <span class='ocrx_word' id='word_1_529' title='bbox 2717 5266 2865 5310; x_wconf 89' lang='lat' dir='ltr'>vero</span> <span class='ocrx_word' id='word_1_530' title='bbox 2921 5249 3250 5312; x_wconf 90' lang='lat' dir='ltr'>avaritiam</span> <span class='ocrx_word' id='word_1_531' title='bbox 3301 5250 3482 5314; x_wconf 90' lang='lat' dir='ltr'>valde</span> 
     </span>
     <span class='ocr_line' id='line_1_88' title="bbox 1997 5346 3482 5431; baseline 0.001 -21"><span class='ocrx_word' id='word_1_532' title='bbox 1997 5348 2180 5431; x_wconf 87' lang='lat' dir='ltr'>parit,</span> <span class='ocrx_word' id='word_1_533' title='bbox 2224 5365 2341 5408; x_wconf 91' lang='lat' dir='ltr'>nec</span> <span class='ocrx_word' id='word_1_534' title='bbox 2392 5346 2543 5409; x_wconf 89' lang='lat' dir='ltr'>sinit</span> <span class='ocrx_word' id='word_1_535' title='bbox 2589 5347 2970 5409; x_wconf 90' lang='lat' dir='ltr'>monachum</span> <span class='ocrx_word' id='word_1_536' title='bbox 3020 5367 3288 5431; x_wconf 90' lang='lat' dir='ltr'>usquam</span> <span class='ocrx_word' id='word_1_537' title='bbox 3338 5348 3482 5412; x_wconf 81' lang='lat' dir='ltr'>fun-</span> 
     </span>
    </p>
   </div>
  </div>
 </body>
</html>
