4359 6267
1024 483 1442 532 cottA'riont
1486 485 1570 530 ss.
1607 485 1850 530 PATRUM
1889 484 2064 530 mnan
2105 485 2144 528 1.
2190 502 2271 512 —
2312 484 2598 532 contario
2638 486 2749 530 vm
3320 465 3441 529 233

1863 653 1914 715 A
1946 652 2271 716 Danielem
2316 671 2329 714 :
2371 653 2693 735 Numquid
2738 653 2863 716 scis
2910 671 3105 736 quare
3152 653 3436 716 venerim
3484 665 3729 718 Dan-³1³⁰,

709 709 1214 776 CAPITULUM
1275 713 1464 776 XIII·
1944 752 2022 813 ad
2061 755 2168 813 te?
2202 751 2277 813 Et
2315 770 2487 814 nunc
2522 759 2800 814 revertar
2830 759 2901 813 ut
2938 751 3189 833 praelier
3222 752 3440 813 adver-
3466 730 3535 772 ²¹·

187 2036 262 2079 Ilua.
271 2043 354 2089 ¹2¹2·

363 855 518 921 Quod
559 859 890 913 contraria!
929 865 1258 928 potestates
1294 860 1478 915 etiam
1516 863 1730 914 contra
1774 873 1836 913 se

424 951 679 1002 moveant
718 946 1236 1018 impuqnationem
1273 963 1454 1020 quam
1489 952 1702 1003 contra
1733 947 1834 1002 Ιιο-

423 1035 599 1090 mines
633 1036 932 1091 excitant.

475 1239 925 1304 ERTISSIMUM
959 1251 1076 1316 est,
1110 1242 1280 1324 quod
1316 1249 1536 1304 contra
1571 1259 1637 1302 se
1675 1239 1834 1302 invi-

499 1355 630 1400 cem
671 1338 978 1402 affectent
1024 1359 1098 1402 ac
1141 1339 1376 1402 faciant
1415 1338 1835 1420 impugnatio-

365 1453 464 1496 nes
502 1456 650 1517 quas
690 1445 752 1499 et
791 1437 1160 1500 hominibus
1201 1437 1502 1501 inferunt.
1546 1437 1703 1499 Nam
1741 1437 1834 1499 in-

367 1533 592 1597 defesso
631 1537 977 1598 certamine
1029 1555 1323 1599 exercere
1366 1555 1492 1600 non
1537 1536 1836 1598 desinunt

367 1632 684 1695 discordias
714 1643 778 1696 et
808 1634 1170 1710 conflictuS,
1196 1653 1311 1717 pro
1339 1635 1660 1718 aliquibus
1690 1652 1836 1716 gen-

368 1729 518 1792 tibus
554 1730 672 1793 sibi
711 1733 1030 1814 deputatis
1071 1742 1330 1816 propter
1368 1734 1708 1816 quamdam
1751 1733 1836 1795 fa-

1944 869 2051 910 sus
2094 849 2453 930 principem
2482 849 2832 911 Persarum.
2868 850 3073 922 Quum
3114 849 3285 910 enim
3320 867 3438 930 ego

1943 948 2291 1028 egrederer,
2315 947 2609 1029 apparuit
2643 948 2941 1030 princeps
2968 947 3320 1011 Graecorum
3339 966 3439 1010 ve-

1944 1045 2147 1107 nienS.
2181 1047 2633 1108 Verumtamen
2673 1046 3069 1109 annuntiabo
3108 1045 3223 1108 tibi
3266 1047 3436 1128 quod

1944 1162 2317 1226 expressum
2370 1152 2467 1206 est
2515 1145 2581 1207 in
2633 1144 2959 1227 Scriptura
3004 1145 3306 1207 veritatis,
3362 1145 3439 1207 Et

1945 1259 2135 1304 nemo
2180 1250 2275 1304 est
2321 1243 2574 1323 adjutor
2622 1261 2801 1304 meus
2850 1242 2915 1304 in
2963 1242 3263 1304 omnibus
3312 1243 3433 1316 his,

1946 1340 2068 1401 nisi
2113 1341 2377 1403 Michael
2422 1341 2719 1424 princeps
2764 1349 2990 1403 vester.
3032 1341 3109 1402 Et
3152 1341 3382 1403 iterum
3419 1358 3433 1402 :

1945 1439 2015 1500 In
2072 1446 2357 1521 tempore
2408 1439 2517 1501 illo
2574 1446 2913 1520 consurget
2958 1439 3220 1501 Michael
3270 1440 3441 1521 prin·
3467 1457 3729 1509 mamm.

1948 1554 2096 1617 ceps
2126 1555 2415 1617 magnus,
2450 1539 2560 1619 qui
2590 1544 2713 1599 stat
2742 1555 2858 1619 pro
2886 1536 3041 1599 filiis
3071 1538 3290 1619 populi
3316 1537 3436 1618 tui.

1947 1635 2016 1695 In
2041 1633 2277 1717 quibus
2302 1634 2514 1696 verbis
2546 1635 2923 1709 insinuatur,
2941 1636 3112 1718 quod
3143 1635 3441 1717 princeps

1950 1733 2309 1796 Graecorum
2342 1733 2533 1795 fuerit
2562 1733 2725 1795 alius
2765 1734 2846 1795 ab
2888 1734 3037 1808 illis,
3072 1734 3181 1816 qui
3222 1733 3441 1796 favens

373 1829 772 1892 miliaritatem
841 1832 1142 1914 nequitiae
1209 1833 1596 1894 servitivam.
1659 1831 1834 1904 Quod
1873 1834 1919 1896 B
1949 1832 2121 1911 genti
2171 1831 2296 1893 sibi
2354 1832 2679 1912 subjectae,
2731 1831 3069 1894 videbatur
3124 1832 3443 1894 adversari

374 1927 538 1988 etiam
591 1929 654 1990 in
706 1930 950 1992 visione
1003 1931 1281 1992 Danielis
1336 1931 1604 2011 legimus
1656 1947 1835 2011 aper-

375 2025 588 2088 tissime
634 2027 1006 2109 figuratum,
1051 2029 1340 2092 Gabriele
1389 2029 1638 2090 dicente
1675 2045 1687 2088 :
1722 2027 1838 2090 No-

377 2123 410 2184 li
445 2125 676 2199 timere,
719 2126 960 2202 Daniel,
1005 2128 1157 2208 quia
1204 2147 1280 2188 ex
1321 2127 1422 2188 die
1463 2127 1673 2208 primo
1709 2142 1838 2208 quo

377 2223 614 2300 posuisti
658 2241 768 2286 cor
807 2233 988 2286 tuum
1032 2225 1110 2286 ad
1150 2225 1636 2305 intelligendum
1668 2231 1737 2285 ut
1776 2232 1836 2285 te

376 2317 668 2400 affligeres
716 2323 780 2383 in
824 2331 1168 2405 conspectu
1217 2322 1327 2384 Dei
1380 2323 1495 2396 tui,
1542 2322 1837 2384 exaudita

377 2425 500 2478 sunt
539 2419 732 2480 verba
773 2428 904 2493 tua,
950 2427 1013 2481 et
1055 2437 1172 2501 ego
1217 2421 1362 2482 veni
1408 2429 1666 2503 propter
1709 2438 1836 2482 ser-

379 2533 567 2578 mones
611 2525 770 2580 tuOS.
816 2517 1112 2600 Princeps
1154 2527 1369 2580 autem
1414 2517 1591 2599 regni
1631 2518 1840 2580 Persa-

378 2631 496 2674 rum
523 2614 749 2676 restitit-
779 2615 936 2676 mihi
969 2615 1195 2697 viginti
1236 2625 1298 2678 et
1327 2633 1457 2678 uno
1495 2615 1743 2689 diebuS,
1776 2623 1840 2677 et

377 2729 498 2773 ecce
531 2713 813 2787 Michael,
849 2733 1014 2776 unus
1053 2715 1130 2776 de
1171 2714 1572 2796 principibus
1614 2714 1837 2795 primis

377 2811 522 2871 venit
551 2812 612 2874 in
650 2813 1042 2893 adjutorium
1074 2832 1312 2887 meum,
1346 2821 1408 2875 et
1446 2830 1563 2894 ego
1594 2831 1836 2874 reman-

377 2907 420 2968 si
447 2908 522 2971 ibi
555 2910 734 2991 juxta
774 2930 988 2992 regem
1032 2913 1404 2991 Persarum;
1437 2911 1582 2973 veni
1621 2919 1835 2973 autem

1953 1937 2077 1990 tam
2120 1930 2357 2012 populo
2393 1929 2753 1992 Judaeorum
2794 1949 2986 2012 quam
3026 1930 3268 1993 nationi
3308 1930 3445 1992 Per-

1948 2046 2180 2089 sarum.
2219 2028 2394 2090 Unde
2425 2028 2670 2111 liquido
2705 2036 2969 2102 constat,
3004 2029 3173 2111 quod
3204 2036 3445 2091 contra-

1947 2127 2056 2188 riae
2087 2135 2427 2208 potestates
2458 2135 2675 2189 contra
2705 2146 2771 2189 se
2806 2127 3082 2189 invicem
3112 2133 3444 2190 exerceant

1948 2225 2296 2288 discordias
2326 2233 2388 2288 et
2419 2225 2758 2289 conflictus
2788 2245 2861 2288 ac
2893 2226 3247 2289 simultates
3287 2244 3443 2307 quas

1949 2342 2025 2385 ex
2067 2343 2286 2386 earum
2328 2325 2729 2406 instigatione
2768 2334 2989 2407 gentes
3031 2325 3197 2387 inter
3234 2343 3302 2386 se
3340 2342 3444 2405 ge-

1949 2430 2118 2496 runt,
2165 2430 2225 2483 et
2279 2423 2355 2484 de
2398 2423 2663 2485 victoria
2712 2424 3000 2505 gentium
3043 2441 3302 2484 suarum
3346 2423 3447 2485 lae-

1949 2527 2178 2594 tentur,
2212 2521 2289 2582 de
2320 2539 2538 2582 earum
2570 2539 2822 2603 quoque
2854 2521 3277 2583 diminutione
3308 2538 3447 2581 cru-

1950 2617 2242 2698 cientur3
2288 2628 2479 2701 atque
2524 2619 2605 2682 ob
2650 2620 2771 2682 hoc
2814 2638 2942 2683 non
2986 2619 3235 2681 valeant
3280 2619 3445 2681 inter

1949 2735 2017 2779 se
2065 2737 2203 2780 esse
2253 2719 2621 2792 concordeS,
2664 2719 2817 2780 dum
2862 2718 3302 2800 unusquisque
3344 2734 3446 2779 eo-

1950 2834 2090 2876 rum
2135 2816 2420 2898 inquieta
2458 2835 2711 2898 semper
2743 2815 3145 2879 aemulatione
3190 2822 3445 2877 conten-

1949 2914 2040 2976 dit
2090 2933 2205 2996 pro
2247 2915 2347 2978 his
2392 2915 2626 2996 quibus
2676 2922 2922 2995 praeest‚
2966 2921 3185 2976 contra
3233 2913 3445 2994 praesi-

377 3014 436 3066 ut
469 3008 748 3072 docerem
799 3019 861 3072 te
910 3030 1051 3093 quae
1095 3019 1362 3072 ventura
1410 3019 1556 3072 sunt
1599 3009 1836 3092 populo
1875 3011 1918 3074 C
1950 3012 2095 3073 dem
2136 3010 2344 3091 gentis
2387 3010 2667 3072 alterius.

377 3113 470 3168 tuo
502 3107 560 3170 in
600 3109 966 3172 novissimis
1009 3109 1254 3171 diebus.
1299 3109 1375 3171 Et
1415 3110 1680 3170 minime
1724 3109 1837 3170 du-

377 3201 676 3269 bitandum
707 3215 803 3269 est
833 3209 990 3289 quin
1021 3208 1320 3289 princeps
1353 3207 1460 3269 ille
1491 3208 1668 3289 regni
1699 3207 1837 3269 Per-

377 3321 561 3366 sarum
615 3305 810 3368 fuerit
863 3306 1223 3368 adversaria
1278 3313 1554 3386 potestas
1612 3305 1832 3368 favens

377 3401 671 3466 Persarum
720 3404 916 3485 genti,
966 3411 1030 3465 et
1077 3405 1339 3466 inimica
1381 3403 1618 3486 populo
1661 3404 1769 3465 Dei
1817 3420 1830 3464 :

379 3517 499 3579 quae
527 3509 791 3583 potestas
831 3502 1145 3564 contraria
1183 3500 1456 3564 libenter
1493 3519 1560 3563 se
1603 3501 1836 3564 obtulit

376 3597 444 3657 ad
473 3597 919 3680 impediendam
949 3599 1282 3662 utilitatem
1312 3618 1505 3682 quam
1535 3599 1715 3682 sequi
1747 3599 1836 3660 vi-

378 3693 542 3757 debat
579 3717 687 3779 per
723 3697 1106 3761 solutionem
1145 3698 1512 3780 quaestionis
1556 3715 1672 3781 pro
1709 3717 1836 3781 qua

379 3791 570 3856 Daniel
601 3797 942 3860 Dominum
981 3797 1298 3874 exoravit3
1339 3816 1532 3878 quam
1576 3796 1834 3860 solutio-

379 3910 508 3954 nem
535 3893 773 3957 Gabriel
811 3894 932 3957 fuit
972 3896 1255 3968 daturus,
1289 3896 1399 3957 sed
1442 3895 1670 3957 restitit
1710 3895 1836 3978 spi-

379 3989 518 4052 ritus
554 3993 650 4055 ille
690 3995 1082 4068 immunduS,
1115 4012 1196 4056 ne
1235 3993 1581 4057 consolatio
1621 3993 1834 4056 Gabri-

377 4087 479 4150 elis
511 4091 622 4154 cito
654 4093 1016 4174 perveniret
1043 4093 1121 4154 ad
1152 4092 1495 4154 Danielem.
1532 4093 1647 4166 Qui
1679 4093 1832 4154 item

2316 3237 2819 3301 CAPITULUM
2886 3237 3067 3300 XIV.

1951 3367 2116 3422 Unde
2151 3365 2380 3436 factum
2417 3368 2522 3430 sit,
2554 3367 2717 3440 quod
2751 3365 3111 3438 spirituales
3149 3368 3444 3439 nequitia·

2019 3457 2363 3528 acceperint
2410 3458 2657 3512 nomina
2694 3461 3065 3529 potestatum
3104 3471 3175 3512 ac
3206 3457 3447 3529 princi-

2010 3551 2289 3618 potuum.

2087 3697 2243 3759 NDE
2286 3697 2562 3759 evidenti
2604 3697 2845 3760 ratione
2889 3697 3185 3779 colligere
3226 3715 3445 3779 possu-

2117 3815 2281 3870 muS,
2316 3796 2485 3876 quod
2524 3804 2754 3878 praeter
2790 3797 3063 3858 rationes
3101 3804 3166 3857 et
3198 3797 3441 3879 opinio-

1946 3913 2058 3956 nes
2089 3895 2382 3976 superius
2414 3896 2672 3975 positaS,
2706 3894 2968 3976 spiritus
2998 3893 3092 3956 illi
3124 3895 3441 3957 immundi

1944 3992 2238 4054 dicantur
2281 3993 2674 4074 principatus
2723 3999 2829 4054 aut
2882 3999 3242 4073 potestateS,
3289 3992 3442 4075 quia

1944 4091 2213 4154 diversis
2246 4091 2543 4173 gentibus
2582 4091 2989 4153 dominantur
3018 4109 3091 4152 ac
3131 4098 3435 4172 praesunt,

378 4186 586 4268 objecit
613 4211 688 4253 ne
718 4191 1065 4254 consolatio
1105 4191 1215 4254 illa
1246 4192 1555 4272 populum
1588 4191 1832 4254 confor-
1863 4186 1912 4247 D
1943 4190 2045 4250 vel
2085 4189 2236 4271 quia
2273 4189 2668 4271 principatus
2711 4205 2857 4250 suos
2899 4195 3194 4250 exercent
3239 4189 3306 4250 in
3348 4189 3439 4251 in-

377 4293 522 4348 taret
547 4289 636 4350 cui
667 4289 916 4353 Gabriel
946 4290 1362 4370 archangelus
1400 4299 1680 4370 praeerat.
1717 4290 1832 4363 Qui

379 4382 602 4448 Gabriel
639 4389 799 4450 dixit
835 4407 902 4450 se
946 4405 1064 4450 nec
1109 4396 1260 4449 tunc
1301 4388 1507 4449 adhuc
1551 4388 1832 4470 potuisse

379 4483 573 4546 venire
597 4488 669 4549 ad
699 4486 1046 4560 Danielem,
1074 4493 1331 4568 propter
1361 4485 1734 4548 resis'tentiae
1765 4486 1836 4546 il-

380 4579 488 4643 lius
529 4584 1000 4660 vehementiam,
1052 4584 1176 4646 nisi
1224 4583 1487 4646 Michael
1535 4585 1832 4666 princeps

381 4697 614 4761 magnus
661 4685 724 4746 in
770 4683 1160 4765 adjutorium
1210 4682 1333 4745 sibi
1381 4682 1680 4756 venisset,
1731 4700 1834 4744 oc-

380 4795 610 4842 currens
648 4789 709 4844 et
753 4799 1112 4864 repugnans
1158 4781 1433 4863 principi
1477 4780 1652 4861 regni
1697 4781 1835 4843 Per-

379 4893 570 4940 sarum
605 4889 664 4942 et
704 4897 1035 4962 opponens
1077 4897 1144 4942 se
1189 4878 1304 4952 illi,
1349 4877 1832 4961 Gabrielemque

379 4973 688 5040 defendens
735 4977 816 5041 ab
862 4978 1341 5059 impugnatione
1392 4977 1586 5052 illius,
1634 4986 1697 5040 et.
1745 4978 1833 5040 fa-

379 5071 538 5135 ciens
571 5075 915 5140 Gabrielem
947 5077 1280 5159 pervenire
1317 5076 1396 5138 ad
1436 5075 1712 5138 Danielis
1745 5077 1836 5138 in-

378 5173 756 5238 structionem
823 5173 990 5236 infra
1052 5173 1432 5236 vicesimum
1500 5182 1565 5236 et
1630 5193 1833 5237 unum

335 5272 340 5276 “
377 5267 552 5332 diem.
579 5273 853 5357 Denique
893 5280 1037 5355 post
1075 5291 1297 5355 pauca,
1341 5273 1593 5337 Gabriel
1633 5273 1720 5335 ait
1755 5275 1834 5337 ad

599 5407 656 5458 T.
692 5409 768 5458 27.

1943 4289 2206 4350 feriores
2250 4288 2511 4369 spiritus
2552 4306 2626 4348 ac
2669 4288 2983 4350 daemones
3018 4304 3032 4349 t
3078 4287 3156 4348 de
3198 4287 3435 4370 quibus
3464 4307 3727 4360 mannan.

1943 4395 2092 4449 sunt
2130 4386 2431 4468 legioneS‚
2467 4394 2533 4447 ut
2573 4404 2650 4448 ex
2679 4385 2937 4467 propria
2968 4385 3252 4468 ipsorum
3292 4405 3437 4450 con-

1942 4484 2220 4547 fessione
2269 4484 2335 4546 in
2386 4483 2726 4565 Evangelio
2777 4483 3022 4564 legitur.
3074 4483 3214 4547 Non
3262 4485 3435 4548 enim

1941 4582 2396 4645 dominationes
2427 4581 2550 4643 dici
2580 4582 2814 4656 valent,
2837 4581 2961 4645 nisi
2992 4582 3267 4646 habeant
3296 4583 3439 4647 sub-

1943 4681 2106 4743 dit-os
2139 4680 2205 4742 in
2237 4698 2396 4762 quos
2434 4687 2765 4742 exerceant
2806 4680 3256 4743 dominationis
3295 4700 3437 4764 pro-

1944 4781 2098 4862 priae
2125 4779 2517 4860 jussionem3
2550 4797 2668 4841 nec
2697 4786 3037 4861 potestates
3065 4787 3176 4842 aut
3205 4781 3437 4862 princi-

1944 4887 2129 4961 patus
2161 4886 2403 4960 queunt
2432 4877 2666 4951 vocari,
2702 4877 2825 4939 nisi
2854 4877 2983 4939 sint
3014 4877 3212 4959 aliqui
3244 4897 3437 4960 super

1943 4995 2102 5060 quos
2152 4977 2274 5040 sibi
2325 4975 2652 5037 vindicent
2699 4974 3169 5057 praesidentiam
3216 4994 3434 5057 quam-

1943 5077 2108 5137 dam.
2172 5075 2347 5149 Quod
2407 5075 2472 5135 in
2541 5073 2883 5154 Evangelio
2942 5090 3195 5154 quoque
3260 5074 3431 5154 apud

1942 5174 2303 5237 Matthaeum
2343 5173 2699 5235 clarissime
2739 5171 3113 5252 reperimus,
3148 5171 3257 5233 ubi
3300 5171 3431 5233 bla—

1946 5271 2197 5354 sphemi
2245 5271 2539 5334 Pharisaei
2586 5271 2809 5332 dicunt
2863 5269 2940 5330 de
2992 5267 3241 5331 Christo
3292 5286 3305 5330 :
3358 5270 3429 5333 In
3458 5297 3528 5341 24,

3122 5402 3185 5454 15

3472 5233 3723 5286 Matutam,
