4359 6267
141 1505 302 1554 amm,
311 1509 372 1547 19.

159 1801 254 1842 mi.
283 1804 348 1842 ἑο.

135 2097 228 2138 [biae.
241 2100 374 2140 2233.

133 2931 158 2973 ll
177 2933 270 2974 Cor.
287 2945 374 2982 nu.

131 2997 162 3036 ³.

1073 533 1489 581 commonui!
1531 535 1618 580 SS.
1653 533 1896 580 Parnm!
1937 533 2112 580 LIBER
2154 534 2218 579 11.
2264 551 2345 561 -·-
2385 523 2672 580 COLLATlo
2712 533 2841 579 xxu

399 701 600 774 vitiis,
631 711 698 764 et
732 703 1035 785 captivati
1076 704 1490 768 delectatione
1530 704 1899 786 passionum
1931 703 1982 764 A
2009 702 2373 776 batur‚duci
2408 704 2733 785 captivus?
2755 703 2872 776 Qui
2900 721 3097 785 quum
3127 702 3507 784 captivasset
3533 715 3798 767 ncor.x.5.

399 800 752 862 carnalium
793 818 807 863 ε
847 803 1068 884 sicque
1109 823 1177 865 se
1221 803 1389 885 ipsos
1435 802 1732 865 cohibere
1775 821 1900 864 non

399 898 638 972 valent,
673 900 828 961 dum
871 919 1064 982 prava
1105 903 1562 964 consuetudine
1599 903 1899 964 vitiorum

398 1003 710 1078 tanquam
749 998 992 1061 crudeli
1028 999 1460 1062 dominatione
1500 1009 1900 1081 premuntur,

399 1113 522 1156 nec
570 1096 884 1177 respirare
923 1105 1190 1179 possunt
1229 1099 1307 1160 ad
1352 1098 1676 1180 pudicitiae
1717 1097 1902 1161 liber-

401 1200 622 1254 tatem.
692 1193 974 1266 Qualiter
1033 1196 1206 1257 enim
1273 1197 1504 1278 poterit
1563 1197 1904 1259 convenire

403 1290 593 1354 beato
638 1292 961 1374 Apostolo,
1003 1312 1195 1375 quem
1247 1302 1491 1358 constat
1541 1295 1904 1377 pervenisse

404 1390 486 1451 ad
544 1409 874 1453 summum
936 1392 1193 1454 culmen
1253 1393 1685 1476 perfectioniS,
1736 1394 1904 1475 quod

405 1487 498 1549 ait
532 1505 547 1548 :
579 1487 720 1550 Non
757 1489 931 1550 enim
972 1491 1142 1572 quod
1181 1492 1325 1554 volo
1366 1491 1629 1565 bonum,
1661 1492 1781 1554 hoc
1820 1491 1908 1553 fa-

408 1586 534 1658 cio,
573 1586 686 1648 sed
729 1587 902 1668 quod
943 1589 1048 1650 odi
1093 1588 1356 1663 malum,
1399 1589 1519 1652 hoc
1558 1593 1722 1671 ago?
1749 1591 1907 1652 Prae-

406 1690 584 1746 terea
611 1686 935 1765 quomodo
965 1687 1246 1768 coaptari
1288 1695 1584 1769 poterunt
1623 1706 1906 1769 personae

405 1783 693 1864 Apostoli
743 1803 886 1866 quae
934 1786 1267 1867 subjungit
1310 1806 1324 1850 :
1368 1787 1432 1849 Si
1479 1795 1693 1849 autem
1737 1788 1904 1868 quod

407 1881 579 1955 nolo,
617 1881 737 1944 hoc
779 1901 917 1964 agO,
946 1883 1076 1965 jam
1125 1903 1251 1948 non
1294 1903 1411 1966 ego
1454 1903 1680 1968 operor
1723 1885 1903 1960 illud,
1939 1890 1986 1952 B

407 1979 520 2041 sed
552 1981 723 2062 quod
763 1981 1004 2044 habitat
1035 1983 1099 2044 in
1139 2003 1240 2046 me
1282 1987 1663 2066 peccatum?
1695 1985 1849 2045 ltem
1887 2003 1900 2046 :

407 2077 828 2142 Condelector
857 2081 979 2161 legi
1009 2081 1118 2143 Dei
1151 2083 1503 2144 secundum
1537 2082 1904 2145 interiorem

407 2175 765 2252 hominem,
815 2179 1002 2241 video
1051 2188 1268 2242 autem
1326 2180 1516 2242 aliam
1579 2181 1781 2262 legem
1841 2181 1904 2243 in

409 2273 724 2336 membris
772 2276 955 2349 meis,
1002 2286 1460 2358 repugnantem
1509 2278 1628 2359 legi
1675 2279 1906 2340 mentis

408 2390 589 2446 meze,
635 2380 698 2434 et
743 2373 1064 2454 captivum
1119 2393 1222 2436 me
1270 2375 1608 2438 ducentem
1663 2375 1726 2437 in
1773 2377 1908 2457 lege

407 2469 654 2550 peccati
700 2489 842 2552 quae
885 2479 982 2534 est
1028 2472 1093 2534 in
1145 2473 1452 2536 membris
1503 2474 1708 2536 meis?
1747 2474 1908 2548 Quid

403 2567 580 2629 enim
643 2567 793 2630 boni
853 2587 980 2632 non
1039 2572 1246 2652 potuit
1301 2573 1639 2653 Apostolus
1699 2579 1910 2634 tantus

408 2665 726 2746 implere?
759 2667 1146 2743 Econtrario‚
1176 2670 1345 2752 quod
1379 2671 1618 2732 malum
1650 2670 1912 2733 admisit

405 2763 674 2836 invitus,
707 2764 933 2828 nolens
961 2785 1036 2828 ac
1065 2767 1308 2840 odiens,
1344 2775 1606 2849 cogente
1642 2771 1910 2830 natura?

405 2861 650 2924 Rursus
681 2862 762 2924 ad
793 2882 984 2945 quam
1019 2864 1220 2945 legem
1253 2866 1496 2947 peccati
1530 2867 1738 2948 potuit
1766 2867 1913 2929 Pau-

407 2959 536 3034 lus,
567 2979 678 3022 vas
721 2959 1050 3025 electionis
1094 2963 1159 3024 in
1203 2982 1330 3045 quo
1369 2964 1656 3027 Christus
1699 2965 1911 3047 loque-

3386 511 3508 576 399

2010 819 2267 864 omnem
2332 801 2850 875 inobedientiam,
2913 819 3168 864 omnem
3226 799 3504 862 altitudi-

2011 919 2158 961 nem
2210 900 2617 962 extollentem
2662 919 2729 962 se
2779 907 2997 962 contra
3044 899 3268 972 Deum,
3309 897 3505 960 confi-

2010 999 2235 1060 denter
2280 1007 2542 1061 testatus
2600 1006 2695 1060 est
2744 999 2821 1060 de
2879 1017 2945 1060 se
3004 998 3143 1080 ipso
3195 1014 3209 1059 :
3260 997 3504 1059 Bonum
3552 1008 3778 1058 urinam

2013 1103 2335 1159 certamen
2367 1097 2625 1170 certavi,
2655 1115 2913 1159 cursum
2946 1094 3406 1168 consummavi,
3434 1093 3506 1155 fi·
3534 1074 3558 1113 ⁷

2012 1195 2156 1256 dem
2199 1195 2483 1272 servavi3
2520 1195 2598 1257 de
2638 1202 2847 1257 cetero
2892 1194 3167 1276 reposita
3208 1201 3304 1256 est
3348 1191 3505 1255 mihi

2013 1311 2246 1356 corona
2283 1292 2569 1373 justitiae,
2604 1300 2722 1355 etc.

2373 1583 2875 1647 CAPITULUM
2924 1585 3139 1647 XVII.

2085 1757 2323 1814 Dilatio
2352 1757 2677 1814 solutionis
2695 1758 3032 1830 propositae
3061 1759 3437 1831 quaestionis.

2143 1982 2446 2046 HEONAS
2480 2002 2494 2046 z
2528 1982 2765 2045 Rursus
2796 1982 3115 2045 conamini
3147 2002 3249 2045 me
3280 1983 3514 2045 intran-

2161 2091 2288 2144 tem
2322 2081 2713 2142 tutissimum
2756 2089 3007 2162 portum
3043 2081 3302 2154 silentii,
3335 2101 3513 2145 revo-

2016 2199 2158 2242 care
2203 2180 2282 2242 ad
2334 2179 2721 2241 immensum
2782 2178 3042 2260 pelagus
3092 2179 3511 2261 profundissi-

2018 2297 2137 2340 mae
2166 2275 2567 2360 quaestioni33
2592 2278 2699 2339 sed
2732 2277 2945 2358 adepti
2977 2278 3513 2359 opportunitatem

2016 2376 2305 2439 stationis
2355 2359 2521 2448 fid'ae,
2571 2375 2884 2457 jaciemus
2940 2375 3045 2437 hic
3096 2375 3352 2438 interim
3406 2396 3513 2439 an-

2017 2493 2230 2537 coram
2274 2473 2747 2547 taciturnitatiS,
2783 2473 3102 2555 completo
3141 2473 3276 2555 jam
3321 2493 3511 2536 cursu

2017 2583 2144 2636 tam
2208 2572 2409 2654 longoe
2467 2573 2822 2634 collationis
2881 2591 3051 2634 nunc
3114 2573 3509 2646 introductae‚

2016 2680 2329 2754 quate-nus
2378 2670 2519 2734 vela
2574 2670 3023 2752 disputationis
3082 2671 3354 2733 crastina
3410 2672 3513 2734 die

2017 2771 2375 2840 tendamuS,
2426 2786 2627 2849 quum
2684 2769 3226 2850 exploraverimus
3284 2769 3511 2832 flatum

2018 2867 2304 2951 prosperi
2337 2866 2691 2948 spirituS,si
2722 2873 2935 2929 tamen
2966 2867 3141 2929 nulla
3168 2875 3512 2950 tempestas

2019 2965 2340 3030 restiterit.
