4359 6267
1647 512 1836 560 mnu
1885 514 1936 559 S.
1982 510 2325 559 summm

427 683 500 747 X,
532 683 614 745 11,
635 682 810 755 juxta
838 684 995 739 LXX.
1027 682 1086 739 Si
1117 682 1504 739 momorderit
1539 698 1777 755 serpens
1807 697 1925 737 non

507 771 563 826 in
611 771 801 836 sibilo,
854 788 969 828 non
1015 776 1103 829 est
1147 771 1510 829 abundantia
1553 769 1924 833 incantatori,

427 860 713 1005 —iisgctn
746 950 999 1023 pigritiis
1027 948 1435 1007 humiliabitur
1460 948 1839 1022 contignati0,
1869 952 1928 1005 et

503 1039 563 1094 in
602 1039 944 1095 infirmitate
981 1055 1268 1095 manuum
1313 1038 1660 1111 perstillabit
1691 1039 1922 1102 domus,

425 1129 602 1283 Χῐῗὲ
619 1130 794 1288 {Lm
817 1218 974 1274 LXX.
1005 1218 1090 1274 Da
1118 1221 1312 1290 partes
1340 1216 1430 1273 his
1459 1221 1700 1289 septem,
1723 1219 1780 1273 et
1799 1214 1927 1289 qui·

500 1307 636 1362 dem
667 1306 761 1361 his
789 1309 937 1370 octo,
969 1308 1038 1363 37
1053 1310 1115 1361 Α.

423 1394 548 1461 XII,
571 1396 624 1450 7.
643 1396 1024 1469 (Antequam)
1051 1398 1374 1453 revertatur
1401 1396 1590 1469 pulvis
1618 1396 1678 1451 in
1709 1397 1925 1451 terram

501 1500 672 1539 suam
703 1485 862 1541 unde
887 1487 1030 1550 erat,
1061 1488 1119 1541 et
1145 1484 1386 1557 spiritus
1413 1486 1612 1543 redeat
1638 1485 1712 1541 ad
1742 1485 1927 1541 Deum

502 1572 605 1646 qui
633 1572 795 1630 dedit
824 1572 1013 1639 illum,
1043 1574 1225 1631 2408.

796 1759 1068 1816 CANTICI
1105 1759 1569 1816 CANTICORUM.

426 1928 470 1991 1,
492 1928 548 1983 3.
571 1928 705 1982 Post
727 1929 784 1983 te
814 1943 1120 1984 curremus
1139 1925 1200 1983 in
1223 1927 1462 1984 odorem
1492 1929 1925 1999 unguentorum

499 2019 761 2082 tuorum,
790 2016 959 2083 22Β’,
987 2016 1054 2071 61
1071 2017 1133 2083 Β,
1165 2016 1248 2072 A’.

423 2137 501 2147 —
548 2106 633 2161 16.
673 2105 856 2177 Tigna
900 2107 1216 2161 domorum
1273 2108 1612 2162 nostrarum
1667 2100 1926 2171 cedrina,

500 2194 804 2267 laquearia
829 2197 1029 2251 nostra
1057 2194 1408 2267 cypressina,
1437 2194 1604 2251 9613’.

427 2284 500 2349 lI,
533 2286 588 2339 6.
619 2284 786 2340 Laeva
813 2283 941 2356 ejus
968 2284 1076 2341 sub
1104 2283 1290 2357 capite
1328 2299 1480 2348 meo,
1511 2285 1568 2339 et
1594 2283 1834 2340 dextera
1861 2281 1928 2337 il-

503 2372 622 2429 lius
651 2372 1085 2445 amplexabitur
1112 2388 1224 2438 me,
1256 2373 1439 2429 2061).

972 2558 1380 2616 SAPIENTIAE.

423 2731 497 2797 lI,
523 2732 612 2796 24,
633 2731 724 2785 25.
758 2728 985 2786 Invidia
1011 2732 1209 2786 autem
1237 2728 1453 2811 diaboli
1485 2744 1644 2784 mors
1671 2727 1932 2785 introivit

499 2819 564 2875 in
597 2818 798 2875 orbem
833 2820 1122 2875 terrarum
1147 2836 1162 2883 ;
1194 2816 1504 2874 imitantur
1530 2819 1727 2875 autem
1757 2815 1928 2875 illum

499 2910 603 2981 qui
633 2912 774 2965 sunt
800 2924 870 2964 ex
899 2910 1063 2980 parte
1093 2906 1268 2971 illius,
1298 2907 1406 2963 353
1425 2907 1506 2961 D’.

422 3000 522 3065 lv,
562 3000 616 3062 8,
659 3000 714 3054 9.
753 2998 1031 3054 Senectus
1071 2996 1232 3054 enim
1274 2994 1622 3053 venerabilis
1666 3000 1770 3062 est,
1811 3012 1929 3053 non

499 3088 804 3150 diuturna,
839 3102 1026 3159 neque
1061 3102 1354 3143 annorum
1399 3102 1647 3143 numero
1689 3102 1930 3159 compu-

499 3180 654 3243 tata;
688 3175 822 3233 cani
869 3178 1066 3233 autem
1115 3179 1254 3233 sunt
1298 3192 1505 3232 sensus
1554 3175 1830 3241 hominis,
1875 3177 1932 3232 et

503 3270 644 3323 aetas
669 3264 985 3323 senectutis
1013 3265 1132 3321 vita
1159 3263 1556 3329 immaculata,
1592 3265 1766 3320 1573.

420 3357 548 3423 vn,
584 3357 670 3422 17,
697 3356 784 3411 18.
807 3353 975 3412 Dedit
1005 3352 1151 3411 mihi
1178 3354 1390 3410 horum
1423 3369 1554 3426 quae
1579 3356 1718 3411 sunt
1744 3352 1935 3411 seien-

499 3445 646 3502 tiam
689 3460 912 3510 veram,
954 3446 1020 3501 ut
1055 3441 1238 3499 sciam
1286 3441 1727 3515 dispositionem
1775 3442 1933 3499 orbis

497 3539 816 3599 terrarum,
845 3537 906 3590 et
936 3532 1178 3589 virtutes
1215 3531 1660 3597 elementorum,
1693 3531 1930 3589 initium

499 3627 560 3680 et
595 3621 1168 3679 consummationem
1207 3624 1265 3678 et
1302 3620 1674 3678 medietatem
1705 3624 1931 3693 tempo-

501 3729 655 3777 rum,
697 3710 1166 3768 vicissitudinum
1223 3708 1701 3783 permutationes,
1744 3710 1926 3766 2371).

421 3803 522 3867 IX,
564 3803 650 3857 15.
687 3802 937 3857 Terrena
978 3798 1326 3856 inhabitatio
1369 3798 1648 3871 deprimit
1689 3814 1928 3857 sensum

507 3890 692 3948 multa
721 3888 1096 3962 cogitantem,
1128 3888 1330 3944 213D’.

920 4077 1443 4134 ECCLESIASTICI.

429 4243 476 4308 1,
514 4242 564 4305 1,
592 4242 646 4296 5.
679 4238 886 4296 Omnis
923 4237 1208 4310 sapientia
1242 4254 1279 4294 a
1312 4236 1562 4293 Domino
1597 4237 1713 4294 Deo
1741 4241 1844 4303 est,
1874 4241 1934 4296 et

511 4346 644 4387 cum
687 4328 791 4385 illo
834 4327 946 4385 I'uit
989 4344 1237 4400 semper,
1269 4329 1326 4385 et
1365 4330 1453 4384 est
1492 4330 1628 4385 ante
1674 4342 1930 4384 aivum...

513 4420 661 4475 Fons
690 4416 990 4491 sapientiae
1008 4418 1262 4473 Verbum
1295 4415 1392 4474 Dei
1422 4416 1482 4472 in
1511 4415 1775 4482 excelsis,
1803 4417 1928 4472 269.

433 4510 510 4575 11,
544 4510 592 4563 1.
628 4508 919 4565 Accedens
955 4508 1030 4562 ad
1067 4504 1402 4562 servitutem
1436 4505 1554 4571 Dei,
1585 4511 1673 4561 sta
1702 4504 1827 4561 in...
1858 4505 1930 4561 ti-

512 4614 692 4661 more,
735 4598 792 4653 et
826 4610 1090 4667 proepara
1127 4594 1390 4651 animam
1427 4598 1591 4651 tuam
1631 4595 1708 4651 ad
1745 4598 1930 4652 tenta·

511 4685 751 4750 tionem,
781 4686 850 4741 51
872 4685 934 4739 D.

433 4777 534 4839 111,
571 4776 662 4831 33.
704 4775 904 4847 Ignem
953 4775 1255 4831 ardentem
1301 4774 1622 4848 exstinguit
1665 4790 1837 4847 aqua,
1874 4778 1932 4832 et

508 4865 878 4936 eleemosyna
903 4863 1120 4920 resistit
1146 4863 1413 4935 peccatis,
1443 4864 1641 4919 36813·.

431 4955 530 5019 XI,
549 4955 636 5020 30,
658 4956 834 5027 Juxta
861 4953 1014 5008 LXX.
1047 4953 1128 5009 Ne
1147 4952 1432 5025 justifices
1462 4953 1764 5011 hominem
1795 4957 1931 5011 ante

510 5043 733 5101 exitum
765 5058 958 5105 suum,
990 5042 1098 5097 210
1111 5042 1188 5097 C’.

430 5133 597 5198 XXV,
640 5132 696 5187 5.
743 5132 884 5196 Quae
931 5130 991 5185 in
1030 5131 1334 5203 juventute
1379 5133 1482 5187 tua
1529 5147 1646 5187 non
1691 5146 1930 5203 congre·

511 5220 679 5295 gasti,
723 5222 1018 5294 quomodo
1055 5219 1115 5276 in
1155 5224 1447 5278 senectute
1486 5223 1588 5278 tua
1625 5218 1929 5278 invenies?

513 5312 616 5371 157
627 5310 688 5365 Β.

3408 491 3530 557 439

2672 688 2894 745 ISAIAE.

2037 857 2076 922 1,
2122 859 2211 912 25.
2254 857 2587 929 Excoquam
2644 858 2718 913 ad
2775 873 2989 929 purum
3039 856 3290 913 scoriam
3337 860 3523 925 tuam,

2105 945 2303 1001 207Β’.

2034 1035 2124 1099 Vl,
2154 1036 2265 1091 5-7.
2294 1036 2362 1091 Et
2388 1034 2510 1091 dixi
2544 1052 2555 1090 :
2586 1036 2686 1091 Vae
2723 1033 2956 1099 mihi,...
2990 1034 3129 1107 quia
3156 1035 3244 1091 vir
3272 1035 3529 1109 pollutus

2105 1124 2277 1180 labiis
2314 1140 2420 1197 ego
2458 1141 2611 1189 sum,
2642 1128 2700 1181 et
2736 1123 2796 1180 in
2832 1124 3025 1182 medio
3068 1124 3267 1198 populi
3307 1126 3528 1198 polluta

2105 1211 2262 1270 labia
2305 1213 2571 1270 habentis
2608 1229 2716 1286 ego
2758 1212 2955 1270 habito
2978 1212 3060 1270 l...
3098 1216 3168 1269 Et
3201 1214 3413 1271 volavit
3454 1217 3528 1273 ad

2107 1318 2201 1359 me
2232 1318 2385 1360 unus
2414 1303 2485 1359 de
2513 1302 2843 1375 Seraphim,
2871 1306 2927 1359 et
2960 1302 3019 1359 in
3051 1320 3231 1361 manu
3260 1304 3385 1377 ejus
3414 1305 3527 1360 cal-

2105 1391 2275 1447 culus
2304 1408 2478 1464 quem
2510 1390 2725 1464 forcipe
2754 1392 2967 1449 tulerat
2996 1394 3067 1449 de
3093 1392 3280 1450 altari.
3304 1394 3373 1448 Et
3400 1394 3529 1450 teti-

2109 1479 2195 1552 git
2240 1497 2304 1536 0s
2348 1496 2571 1545 meum,
2620 1483 2678 1538 et
2723 1479 2873 1536 dixit
2917 1497 2931 1537 :
2980 1482 3183 1552 Ecce...
3230 1481 3529 1539 auferetur

2107 1568 2389 1643 iniquitas
2414 1571 2535 1634 tua,
2568 1568 2669 1624 411
2687 1569 2767 1634 Α’,
2799 1569 2879 1624 Β’.

2035 1659 2124 1725 XI,
2154 1660 2207 1725 2,
2239 1659 2294 1714 3.
2325 1656 2663 1730 Requiescet
2700 1674 2876 1729 super
2902 1674 3039 1715 eum
3070 1657 3309 1731 spiritus
3339 1659 3532 1715 Domi·

2107 1748 2189 1811 ni,
2232 1746 2473 1820 spiritus
2517 1745 2820 1818 sapientiae
2866 1750 2923 1803 et
2968 1746 3313 1814 intellectus,
3354 1748 3529 1821 spiri-

2105 1840 2203 1893 tus
2232 1834 2458 1892 consilii
2498 1837 2553 1892 et
2592 1834 2969 1901 fortitudinis,
3000 1835 3242 1908 spiritus
3272 1835 3531 1895 scientiae

2107 1928 2166 1981 et
2202 1924 2451 1997 pietatis.
2482 1924 2551 1980 Et
2576 1923 2825 1996 replebit
2857 1940 2995 1982 eum
3034 1923 3273 1997 spiritus
3299 1925 3531 1983 timoris

2108 2014 2360 2079 Domini,
2401 2015 2508 2071 279
2522 2014 2601 2070 C’.

2035 2103 2172 2167 XIV,
2208 2104 2293 2167 13,
2328 2104 2414 2159 14.
2444 2102 2554 2168 Qui
2593 2102 2829 2161 dicebas
2858 2102 2916 2159 in
2946 2104 3119 2161 corde
3149 2107 3250 2161 tuo
3281 2120 3295 2161 τ
3328 2104 3392 2160 In
3419 2120 3529 2162 οω-

2106 2192 2231 2249 lum
2273 2192 2683 2257 conscendam,
2723 2208 2900 2265 super
2934 2196 3091 2251 astra
3124 2193 3223 2251 Dei
3260 2194 3527 2251 exaltabo

2107 2280 2321 2337 solium
2364 2297 2653 2347 meum,...
2696 2270 3010 2339 ascendam
3059 2300 3235 2356 super
3270 2282 3529 2340 altitudi-

2109 2385 2246 2426 nem
2285 2368 2553 2435 nubium,
2585 2369 2798 2427 similis
2840 2387 2938 2428 ero
2976 2370 3292 2440 Altissimo‚
3327 2372 3527 2439 116A’,

2035 2546 2222 2612 XXIX,
2243 2549 2297 2604 9.
2321 2546 2717 2620 Obstupescite
2745 2551 2803 2605 et
2830 2549 3229 2615 admiramini,
3252 2550 3527 2609 fluctuate

2106 2640 2164 2694 et
2190 2636 2453 2694 vacillate
2474 2655 2488 2702 ;
2516 2636 2911 2703 inebriamini,
2936 2642 2994 2696 et
3020 2656 3137 2697 non
3158 2657 3193 2696 a
3210 2640 3346 2697 vino
3367 2658 3382 2707 ;
3406 2657 3529 2698 mo-

2105 2725 2344 2791 vemini,
2376 2728 2433 2782 et
2460 2741 2580 2782 non
2609 2726 2681 2782 ab
2711 2726 3005 2793 ebrietate,
3036 2730 3144 2784 243
3158 2729 3216 2784 C.

2037 2815 2197 2880 XXX,
2228 2816 2317 2870 23.
2349 2814 2593 2871 Dabitur
2627 2815 2821 2889 pluvia
2859 2815 3071 2874 semini
3107 2820 3229 2881 tuo,
3262 2818 3529 2876 ubicum-

2109 2922 2221 2977 que
2258 2903 2635 2963 seminaveris
2674 2906 2734 2961 in
2770 2909 2926 2964 terra
2946 2925 2961 2973 3
2992 2910 3050 2964 et
3084 2906 3254 2980 panis
3290 2906 3529 2981 frugum

2109 2997 2279 3051 terrae
2306 2993 2417 3050 erit
2443 2994 2778 3051 uberrimus
2803 2997 2860 3051 et
2887 2995 3141 3069 pinguis,
3172 2995 3279 3052 312
3295 2998 3359 3052 D.

2038 3114 2109 3123 —
2135 3084 2226 3138 26.
2258 3082 2380 3138 Erit
2408 3082 2507 3139 lux
2539 3082 2697 3141 lunoe
2724 3082 2876 3140 sicut
2904 3084 3003 3142 lux
3032 3083 3189 3151 solis,
3217 3089 3275 3143 et
3310 3084 3410 3143 lux
3440 3104 3531 3143 so-

2111 3171 2185 3227 lis
2211 3171 2322 3228 erit
2350 3172 2807 3245 septempliciter
2834 3172 2986 3231 sicut
3021 3164 3131 3232 lux'
3158 3179 3379 3248 septem
3411 3176 3533 3235 die·
3586 3160 3593 3167 ’

2110 3277 2265 3325 rum,
2296 3261 2479 3317 4028.

2037 3349 2273 3415 XXXIII,
2305 3350 2359 3406 6.
2392 3349 2617 3407 Divitiae
2644 3351 2849 3409 salutis
2876 3352 3161 3426 sapientia
3187 3357 3244 3411 et
3270 3354 3531 3420 scientia,

2109 3438 2289 3494 timor
2316 3438 2549 3495 Domini
2579 3440 2701 3513 ipse
2727 3444 2813 3498 est
2840 3442 3148 3500 thesaurus
3174 3443 3320 3515 ejus,
3352 3444 3459 3500 279
3472 3445 3535 3500 C.

2038 3527 2224 3592 XLIII,
2246 3530 2302 3583 2.
2326 3529 2519 3593 Quum
2550 3529 2941 3587 ambulaveris
2968 3530 3029 3586 in
3059 3531 3213 3604 igne,
3236 3548 3353 3587 non
3374 3548 3533 3589 com·

2108 3616 2353 3683 bureriS,
2385 3620 2444 3674 et
2470 3617 2713 3675 flamma
2754 3635 2873 3675 non
2902 3619 3130 3678 ardebit
3154 3621 3213 3677 in
3243 3624 3317 3687 te,
3348 3622 3455 3678 289
3468 3622 3530 3678 D.

2036 3705 2193 3771 XLV,
2224 3708 2277 3771 2,
2310 3706 2363 3761 3.
2392 3706 2510 3779 Ego
2544 3710 2677 3764 ante
2714 3710 2769 3764 te
2808 3708 2920 3772 ibo,
2952 3712 3011 3765 et
3047 3709 3327 3782 gloriosos
3363 3713 3534 3766 terroe

2110 3794 2436 3851 humiliabo
2456 3812 2471 3860 ς
2493 3797 2691 3867 portas
2718 3811 2898 3852 aereas
2927 3800 3244 3863 conteram,
3266 3802 3323 3855 et
3343 3802 3533 3855 vectes

2108 3880 2323 3939 ferreos
2370 3882 2761 3956 confringam,
2800 3888 2857 3941 et
2902 3886 3051 3941 daho
3089 3886 3193 3941 tihi
3228 3887 3531 3944 thesauros

2108 3971 2479 4027 absconditos
2508 3974 2565 4029 et
2590 3988 2808 4029 arcana
2836 3978 3211 4040 secretorum,
3242 3976 3411 4032 MA:

2036 4059 2270 4125 XLVIII,
2292 4062 2347 4116 9.
2375 4060 2613 4133 Propter
2640 4076 2856 4118 nomen
2888 4078 3087 4119 meum
3119 4063 3286 4137 longe
3316 4063 3529 4122 faciam

2107 4148 2366 4205 furorem
2408 4165 2627 4215 meum,
2659 4152 2717 4206 et
2745 4149 2915 4207 laude
2952 4167 3085 4209 mea
3120 4151 3425 4211 infrenabo
3451 4158 3527 4222 te,

2109 4254 2181 4294 ne
2210 4238 2482 4303 intereas,
2516 4238 2697 4293 193Α.

2035 4328 2095 4393 L,
2131 4327 2181 4383 1.
2216 4325 2357 4393 Quis
2385 4328 2473 4382 est
2496 4324 2589 4381 hic
2617 4326 2765 4384 liber
2802 4329 3032 4400 repudii
3072 4330 3276 4388 matris
3301 4335 3527 4399 vestrae,

2111 4433 2226 4490 quo
2256 4415 2455 4473 dimisi
2483 4432 2612 4473 eam
2634 4414 2661 4471 7
2680 4419 2782 4473 aut
2800 4417 2933 4491 quis
2956 4422 3045 4476 est
3064 4419 3313 4477 creditor
3340 4437 3526 4490 meus,

2111 4506 2204 4563 cui
2233 4504 2467 4563 vendidi
2493 4504 2630 4561 vos?
2649 4506 2790 4564 Ecce
2812 4506 2870 4563 in
2894 4506 3297 4581 iniquitatibus
3322 4511 3530 4568 vestris

2107 4594 2327 4653 venditi
2366 4594 2523 4659 estis,
2556 4598 2613 4651 et
2650 4594 2711 4651 in
2750 4596 3065 4655 sceleribus
3098 4598 3303 4656 vestris
3328 4598 3527 4657 dimisi

2112 4686 2364 4741 matrem
2396 4686 2666 4749 vestram,
2692 4684 2801 4741 408
2814 4686 2879 4741 D.

2037 4774 2124 4840 LI,
2159 4774 2245 4829 11.
2278 4772 2567 4831 Gaudium
2609 4776 2666 4831 et
2707 4772 2970 4831 loetitiam
3009 4776 3307 4843 tenebunt,
3348 4777 3530 4852 rugiet

2110 4863 2277 4920 dolor
2304 4866 2361 4919 et
2392 4862 2661 4935 gemitus,
2697 4864 2876 4920 142Α.

2037 4954 2171 5017 LVI,
2203 4953 2257 5017 4,
2286 4953 2341 5007 5.
2384 4954 2516 5008 IIoec
2553 4951 2696 5009 dicit
2734 4952 3019 5011 Dominus
3054 4954 3342 5013 eunuchis
3373 4973 3387 5012 :
3420 4957 3531 5023 Qui

2110 5042 2493 5099 custodierint
2532 5043 2775 5099 sabbata
2810 5060 2960 5109 mea,
2994 5046 3051 5101 et
3084 5044 3364 5117 elegerint
3399 5062 3533 5118 quoe

2109 5148 2217 5204 ego
2258 5130 2428 5195 volui,
2468 5134 2525 5187 et
2565 5132 2863 5189 tenuerint
2897 5131 3084 5190 foedus
3120 5149 3337 5200 meum,
3379 5135 3531 5192 dabo

2107 5218 2194 5278 eis
2222 5219 2283 5275 in
2312 5220 2485 5276 domo
2514 5236 2648 5277 mea
2675 5224 2732 5277 et
2761 5220 2821 5277 in
2854 5220 3037 5278 muris
3067 5220 3213 5279 meis
3236 5221 3450 5290 locum,
3473 5227 3530 5282 et

2110 5324 2327 5367 nomen
2384 5307 2595 5367 melius
2639 5326 2674 5367 a
2721 5309 2857 5368 flliis
2899 5313 2957 5369 et
2998 5308 3261 5381 filiabus3
3310 5327 3526 5372 nomen
