4359 6267
890 467 1012 534 392

1567 488 1982 536 cottArloNuu
2023 489 2109 534 SS.
2144 489 2388 534 runnu
2427 489 2601 534 LIBER
2642 489 2705 534 11.
2751 507 2832 516 —
2872 488 3160 537 COLLA‘rlo
3199 489 3331 536 xxu

884 654 1106 736 gloria,
1148 654 1468 737 superbia,
1510 655 1854 718 multitudo
1891 673 2146 737 quoque
2186 654 2387 717 omni·
2415 653 2466 716 A
2495 654 2773 718 nionem.
2819 656 2883 719 Si
2926 665 3141 719 autem
3190 657 3458 739 pollutio
3502 657 3621 719 ista
3670 657 4003 738 contingat

885 771 996 813 um
1039 753 1340 816 vitiorum
1390 754 1720 816 individua
1768 753 2066 817 societate
2106 752 2383 833 jungun-

885 857 1024 928 tur;
1069 851 1288 933 sicque
1336 852 1838 934 unumquodque
1881 851 2132 924 vitium,
2179 869 2381 931 quum

883 948 1150 1030 coeperit
1203 949 1411 1010 solum
1468 949 1680 1030 vigere
1742 949 1808 1010 in
1869 948 2074 1022 nobis,
2127 954 2383 1030 praestat

882 1046 1075 1107 etiam
1117 1046 1260 1108 aliis
1303 1047 1476 1109 vitiis
1520 1047 1930 1109 incrementa.

1291 1300 1796 1364 CAPITULUM
1857 1300 1973 1363 IV.

887 1445 1174 1512 Quoestio,
1203 1463 1286 1502 an
1315 1447 1496 1503 liceat
1517 1447 1778 1520 pollutis
1814 1447 2102 1503 illusione
2138 1452 2380 1503 noctur-

993 1551 1076 1591 na
1101 1535 1184 1591 ad
1211 1551 1449 1592 sacram
1477 1537 1944 1593 communionem
1971 1537 2271 1593 accedere.

1030 1732 1388 1796 ERMANUS
1409 1733 1766 1795 :Credimus
1796 1751 1873 1794 ex
1898 1732 2113 1794 divina
2141 1732 2385 1794 ordina·

2496 753 2651 815 vitio
2680 754 3367 830 nostr0,examinantes
3400 755 3855 818 conscientiam
3888 772 4003 817 no-

2494 859 2689 913 stram
2723 870 3059 914 vereamur
3102 852 3259 915 illud
3289 852 3573 935 Apostoli
3610 871 3625 914 :
3656 854 3773 926 Qui
3816 873 3998 915 man-

2492 950 2819 1011 ducaverit
2850 969 3081 1032 panem
3120 957 3182 1012 et
3212 950 3451 1013 biberit
3480 951 3746 1013 calicem
3786 952 4001 1014 Domi-

2492 1047 2558 1110 ni
2600 1049 2879 1130 indigne,
2912 1066 3059 1111 reus
3097 1049 3219 1111 erit
3248 1050 3532 1131 corporis
3571 1059 3635 1112 et
3662 1051 3999 1132 sanguinis

2492 1146 2764 1208 Domini.
2807 1147 3035 1209 Probet
3075 1154 3288 1210 autem
3332 1166 3401 1209 se
3447 1147 3660 1229 ipsum
3709 1148 3997 1229 primum

2492 1244 2704 1319 bomo,
2738 1252 2801 1306 et
2839 1245 2931 1307 sic
2974 1246 3315 1308 manducet
3343 1246 3422 1307 de
3462 1264 3626 1327 pane
3668 1246 3778 1308 illo
3817 1253 3882 1308 et
3914 1246 3997 1308 de

2492 1342 2689 1404 calice
2730 1342 2906 1405 bibat
2940 1359 2953 1404 ε
2986 1343 3099 1425 qui
3138 1343 3312 1406 enim
3356 1344 3697 1406 manducat
3728 1351 3793 1405 et
3826 1343 3999 1406 bibit

2493 1440 2773 1522 indigne,
2804 1440 3122 1521 judicium
3161 1441 3285 1505 sibi
3326 1442 3668 1504 manducat
3706 1450 3769 1504 et
3802 1441 3993 1516 bibit,

2492 1556 2620 1601 non
2651 1539 3010 1619 dijudicans
3050 1556 3281 1622 corpus
3314 1541 3588 1615 Domini,
3623 1541 3686 1602 id
3717 1549 3835 1614 est,
3862 1559 3995 1602 non

2492 1636 2859 1700 discernens
2908 1638 3127 1700 cibum
3178 1638 3360 1700 illum
3412 1638 3733 1702 coelestem
3773 1658 3812 1700 a
3848 1638 3995 1700 vili-

2492 1743 2617 1798 tate
2664 1753 2955 1798 escarum
3014 1736 3475 1811 communium,
3528 1755 3647 1798 nec
3692 1737 3993 1818 judicans

4082 867 4095 908 Ι
4116 865 4227 907 Cor.
4254 881 4307 909 n.

4028 933 4179 972 27-29.

1046 1832 1217 1894 tione
1267 1838 1504 1894 motam
1545 1849 1685 1892 esse
1733 1831 1895 1893 hanc
1937 1831 2375 1911 quaestionem,
2414 1833 2463 1896 B
2492 1853 2638 1896 eum
2679 1853 2816 1896 esse
2856 1835 3069 1908 talem,
3102 1854 3295 1917 quem
3340 1853 3468 1898 non
3512 1834 3661 1897 licet
3696 1835 3991 1917 accipere

885 1937 956 1990 ut
984 1929 1330 1991 audeamus
1370 1928 1757 1990 fiducialiter
1786 1928 2118 2002 sciscitari,
2154 1946 2378 2009 provo-

885 2027 1008 2090 cati
1066 2027 1538 2110 opportunitate
1586 2044 1659 2088 ac
1717 2026 1940 2088 ordine
1997 2025 2375 2100 collat-ioniS,

884 2125 1055 2207 quod
1113 2143 1441 2207 nunquam
1500 2125 1824 2206 potuimus
1882 2123 2148 2197 discere,
2202 2142 2379 2187 vere-

885 2224 1118 2286 cundia
1147 2223 1524 2306 prohibente
1556 2222 1861 2285 fiduciam
1893 2222 2279 2304 inquirendi.
2314 2223 2375 2285 Si

883 2339 1034 2403 ergo
1073 2322 1460 2384 senserimus
1505 2338 1618 2384 nos
1665 2321 1940 2403 pollutos
1985 2321 2193 2383 somni
2238 2320 2379 2381 illu-

885 2419 1064 2482 sione
1111 2426 1397 2503 tempore
1452 2419 1794 2481 accedendi
1850 2419 1930 2480 ad
1980 2426 2379 2480 sacrosancta

886 2518 1206 2600 mysteria,
1236 2536 1317 2580 an
1363 2517 1687 2600 perceptio
1733 2517 2112 2579 sacramenti
2161 2517 2245 2578 sit
2285 2517 2377 2578 vi-
2424 2533 2441 2544 ·

883 2616 1094 2691 tanda,
1126 2635 1206 2679 an
1248 2615 1663 2698 accipienda?

1303 2873 1806 2940 CAPITULUM
1870 2873 1952 2935 V.

875 3024 1227 3096 Responsio,
1259 3022 1501 3095 quando
1529 3021 1861 3095 culpabilis
1898 3020 1981 3076 sit
2013 3020 2227 3092 passio
2266 3026 2374 3077 aut
2412 3015 2455 3079 C
2484 3013 2721 3076 Deinde
2771 3013 3103 3096 subjungit
3140 3033 3154 3077 t
3197 3015 3373 3089 Quod
3414 3016 3468 3078 si
3512 3033 3627 3080 nos
3677 3016 3848 3099 ipsos
3894 3015 3990 3077 di-

1312 3111 1524 3167 illusio
1561 3109 1942 3166 dormientis.

1003 3308 1305 3373 HEONAS
1337 3329 1352 3373 ε
1386 3309 1649 3372 Studere
1690 3308 2018 3382 debemus,
2056 3315 2369 3390 quantum

1020 3409 1085 3471 in
1129 3408 1315 3471 nobis
1358 3415 1474 3482 est,
1517 3426 1666 3470 cum
1705 3408 1880 3470 omni
1925 3407 2259 3480 industria,
2304 3414 2375 3467 ut

873 3515 1203 3569 teneamus
1262 3505 1630 3569 inviolatam
1689 3505 2079 3569 castimoniae
2139 3504 2374 3586 purita-

876 3611 1006 3667 tem
1051 3611 1202 3667 tunc
1246 3605 1541 3678 maxime,
1584 3603 1839 3685 quando
1877 3611 2170 3685 optamus
2212 3601 2374 3664 adsi-

877 3711 1043 3765 stere
1089 3701 1468 3765 venerandis
1523 3701 1866 3780 altaribus3
1915 3709 1978 3762 et
2026 3701 2374 3781 vigilantis-

878 3801 1040 3863 sima
1085 3799 1656 3881 circumspectione
1714 3798 2070 3860 cavendum
2121 3805 2240 3872 est,
2292 3815 2373 3860 ne

875 3899 1254 3964 emaculatio
1310 3898 1518 3960 carnis
1581 3904 1726 3959 ante
1784 3895 2098 3959 custodita
2155 3897 2371 3978 inqui-

875 4007 1083 4072 netur,
1135 3997 1454 4079 praecipue
1507 4002 1690 4058 nocte
1750 3995 2166 4077 praecedente,
2214 3994 2368 4056 dum

873 4097 1174 4159 accedere
1235 4112 1349 4158 nos
1410 4101 1659 4176 oportet
1711 4093 1791 4156 ad
1850 4093 2369 4156 communionem

2491 1932 2615 1994 nisi
2667 1953 2825 2015 pura
2874 1941 3084 1996 mente
3132 1943 3196 1996 et
3242 1952 3449 1996 carne.
3494 1934 3779 2016 Denique
3826 1933 3992 2015 Apo-

2490 2031 2689 2093 stolus
2731 2030 2943 2104 infert‚
2979 2032 3125 2094 ldeo
3157 2033 3321 2094 inter
3360 2051 3471 2094 vos
3512 2032 3696 2094 multi
3739 2031 3987 2094 infirmi

2488 2137 2551 2190 et
2610 2130 2984 2204 imbecilleS‚
3034 2139 3099 2192 et
3154 2130 3480 2193 dormiunt
3538 2130 3721 2192 multi
3764 2147 3780 2192 ε
3833 2129 3987 2192 insi-

2488 2246 2692 2289 nuans
2741 2228 2973 2290 multas
3032 2229 3395 2310 spirituales
3454 2228 3862 2291 infirmitates
3910 2247 3987 2290 ac

2490 2334 2723 2388 mortes
2763 2327 3126 2409 specialiter
3160 2328 3450 2408 generari
3478 2345 3555 2390 ex
3586 2328 3989 2409 praesumpti-

2485 2442 2606 2486 one
2654 2425 3043 2505 hujusmodi.
3088 2426 3264 2487 Multi
3306 2425 3549 2508 quippe
3596 2426 3989 2508 accipientes

2486 2522 2658 2584 hunc
2708 2541 2938 2606 panem
2987 2525 3469 2606 persumptione
3518 2524 3761 2599 illicita,
3806 2524 3989 2586 infir-

2489 2628 2744 2682 mantur
2786 2621 2852 2682 in
2897 2619 3027 2684 fide
3067 2629 3131 2683 et
3169 2621 3522 2686 imbecilles
3565 2630 3715 2684 sunt
3744 2629 3985 2696 mente,

2487 2717 2755 2781 involuti
2784 2719 3153 2801 passionum
3182 2739 3435 2783 suarum
3462 2720 3907 2802 languoribus3
3924 2728 3991 2782 et

2484 2817 2811 2879 dormiunt
2848 2834 3071 2881 somno
3111 2819 3377 2901 peccati,
3410 2836 3538 2881 non
3580 2827 3987 2900 resurgentes

2483 2915 2913 2978 sollicitudine
2951 2917 3211 2979 salutari
3249 2917 3330 2980 ab
3362 2917 3481 2980 hoc
3520 2935 3745 2999 sopore
3784 2917 3981 2979 letali.

4048 2045 4171 2088 [bid.
4200 2047 4266 2086 30.

4046 3031 4167 3074 [ιω.
4194 3035 4259 3074 ιιι.

2480 3109 2935 3190 judicaremus,
2978 3130 3103 3176 non
3150 3113 3371 3197 utique
3412 3113 3868 3194 judicaremur,
3916 3113 3985 3176 id

2478 3216 2599 3284 est,
2625 3209 2679 3272 si
2704 3209 3139 3291 judicaremus
3176 3229 3290 3274 nos
3331 3212 3625 3293 indignos
3664 3212 3987 3294 percepti-

2482 3325 2603 3370 one
2652 3317 3192 3372 sacramentorum
3239 3311 3771 3394 quotiescumque
3816 3328 3986 3374 mor-

2488 3405 2694 3467 taliter
2736 3425 3098 3488 peccamus,
3130 3407 3581 3470 adhiberemus
3628 3409 3849 3490 utique
3896 3409 3989 3471 di·

2485 3503 2812 3585 ligentiam
2855 3514 2919 3568 et
2960 3515 3281 3580 conatum,
3319 3515 3387 3569 ut
3432 3525 3546 3589 per
3592 3507 3987 3590 poenitentiae

2484 3602 2997 3666 emendationem
3040 3621 3370 3685 possemus
3415 3606 3493 3667 ad
3536 3624 3611 3668 ea
3650 3606 3841 3687 digne
3880 3625 3988 3668 ac-

2486 3697 2730 3772 cedere,
2768 3707 2832 3760 et
2874 3715 3001 3762 non
3046 3699 3501 3780 castigaremur
3544 3708 3847 3784 tanquam
3892 3701 3989 3764 in-

2484 3894 2703 3976 gellis3
2756 3901 2824 3956 ut
2873 3895 2959 3958 ita
3018 3897 3386 3978 compuncti
3445 3916 3847 3960 recurramus
3906 3900 3989 3960 ad

2485 3973 2765 4055 remedia
2811 3994 3115 4057 vitiorum
3167 4004 3551 4070 nostrorum,
3604 4014 3683 4058 ne
3732 3997 3983 4080 indigni

2482 4092 2681 4155 habiti
2723 4093 3098 4155 brevissima
3131 4094 3275 4158 vitae
3312 4095 3643 4176 praesentis
3684 4096 3982 4158 correcti—

875 4195 1151 4260 coelestis
1201 4193 1496 4257 convivii.
1540 4194 1731 4256 Porro
1774 4192 1827 4254 si
1873 4192 2072 4254 hostis
2114 4191 2223 4254 ille
2267 4209 2373 4253 ne·
2406 4198 2455 4261 D
2482 4207 2625 4265 one,
2657 4191 3037 4253 damnemur
3066 4191 3132 4252 in
3162 4190 3378 4255 futuro
3409 4211 3558 4254 cum
3587 4193 3981 4256 amatoribus

875 4294 1225 4376 quissimus
1271 4292 1596 4375 deceperit
1642 4290 2022 4354 custoditam
2074 4290 2373 4372 sopitam-

877 4410 1003 4473 que
1059 4399 1361 4465 mentem,
1413 4398 1484 4453 ut
1540 4390 1868 4453 subtrahat
1924 4389 2109 4452 nobis
2168 4389 2370 4451 medi-

879 4491 1091 4552 cinam
1156 4488 1432 4554 coelestis
1499 4488 1786 4563 remedii,
1851 4488 1936 4549 ita
2006 4494 2075 4549 ut
2139 4505 2370 4568 corpus

879 4589 1268 4651 contaminet
1296 4607 1423 4650 non
1453 4587 1916 4650 interveniente
1947 4587 2198 4669 pruritu
2228 4605 2375 4668 quo-

879 4704 1156 4769 cumque
1219 4685 1703 4768 reprehensibili
1767 4693 1876 4747 aut
1933 4684 2369 4747 delectationis

877 4803 1139 4848 assensu
1183 4803 1199 4849 :
1241 4783 1332 4847 sic
1382 4791 1451 4846 ut
1495 4784 1574 4846 ad
1624 4783 2096 4866 impediendam
2146 4783 2373 4845 sancti-

876 4883 1246 4947 ficationem
1285 4892 1565 4945 nostram
1599 4882 1958 4945 obtenderit
1986 4881 2370 4944 effusionem

878 4983 1055 5046 illam
1086 4981 1358 5045 naturali
1387 4980 1762 5044 necessitate
1792 4987 2097 5054 exortam,
2120 4986 2230 5041 aut
2261 4979 2374 5041 im-

881 5082 1268 5165 pugnatione
1298 5080 1534 5144 diaboli
1569 5086 1970 5162 procuratam
1998 5078 2240 5160 absque
2270 5097 2374 5142 vo·

882 5182 1141 5264 luptatis
1190 5197 1526 5254 consensu,
1569 5195 1909 5261 possumus
1957 5184 2020 5239 et
2064 5177 2373 5240 debemus

882 5279 1279 5344 confidenter
1324 5277 1626 5342 accedere
1672 5277 1752 5340 ad
1799 5294 2043 5339 sacram
2093 5293 2376 5339 commu-

2487 4289 2677 4370 hujus
2718 4289 2959 4351 mundi.
2992 4289 3167 4363 Quod
3203 4297 3267 4352 et
3298 4289 3363 4352 in
3404 4290 3684 4354 Levitico
3724 4292 3985 4354 eviden-

2484 4396 2579 4449 ter
2620 4388 2987 4470 praecipitur
3020 4406 3033 4449 :
3068 4387 3286 4451 Omnis
3326 4390 3603 4452 mundus
3644 4390 3986 4453 manduca·
4038 4411 4310 4464 Lanam

2484 4485 2579 4548 bit
2606 4503 2859 4564 carnes3
2891 4493 2955 4548 et
2982 4486 3196 4548 anima
3231 4504 3651 4569 quaecumque
3686 4488 3981 4551 comede·
4012 4477 4149 4531 ¹⁰¹²·
4172 4477 4310 4528 ²¹¹*

2486 4585 2567 4646 rit
2613 4585 2691 4647 de
2740 4585 3038 4648 carnibus
3096 4585 3397 4648 sacrificii
3454 4587 3747 4649 salutaris
3805 4589 3981 4670 quod

2484 4693 2579 4746 est
2636 4685 2910 4759 Domini,
2964 4685 3028 4746 in
3089 4704 3214 4767 qua
3268 4693 3365 4747 est
3420 4686 3690 4759 macula,
3742 4687 3985 4768 peribit

2486 4800 2697 4845 coram
2744 4783 3032 4845 Domino.
3076 4784 3144 4845 In
3194 4785 3681 4847 Deuteronomio
3722 4802 3985 4867 quoque

2485 4881 2693 4943 omnis
2732 4880 3101 4943 immundus
3143 4881 3407 4964 mystice
3447 4883 3761 4963 segregari
3797 4883 3989 4963 jube-

2487 4988 2588 5041 tur
2636 4980 2715 5042 de
2764 4978 3009 5053 castris,
3059 4999 3258 5061 quum
3308 4979 3543 5041 dicitur
3594 4998 3609 5042 z
3661 4981 3727 5043 Si
3784 4980 3987 5043 fuerit
4036 5008 4285 5055 omnm,

2486 5079 2652 5141 inter
2690 5094 2801 5141 vos
2840 5077 3031 5140 homo
3070 5078 3181 5160 qui
3222 5085 3531 5140 nocturno
3572 5079 3855 5160 pollutus
3900 5081 3989 5143 sit
4024 5075 4097 5123 ¹⁰·
4126 5078 4191 5115 ¹¹·

2485 5178 2756 5250 somnio,
2812 5176 3172 5258 egredietur
3222 5184 3399 5239 extra
3454 5184 3679 5250 castra,
3730 5186 3795 5239 et
3850 5198 3987 5242 non

2489 5283 2843 5338 revertetur
2886 5276 3261 5359 priusquam
3308 5276 3388 5338 ad
3432 5295 3767 5359 vesperam
3818 5276 3989 5341 lave·
