4359 6267
877 473 956 537 74
1769 496 1849 542 nn
1891 497 2219 543 urs'rrrurts
2263 498 2348 543 ss.
2383 496 2644 543 runnu.
2689 514 2770 525 —-
2809 497 2985 545 mnan
3023 499 3087 543 v1

871 661 1271 742 praestolatur
1303 681 1318 727 ε
1353 671 1666 745 quatenus
1716 683 2119 747 nequaquam
2169 666 2367 748 patia-
2397 665 2450 729 A
2479 666 2550 727 iti
2589 666 2895 748 temporis
2939 674 3088 728 sunt
3128 666 3479 748 acquisitis,
3512 666 3767 748 quando
3811 665 3987 727 cibis

871 776 1016 820 mur
1064 779 1179 842 per
1219 761 1665 842 cogitationem
1716 764 2033 826 incautam
2080 783 2153 826 ea
2206 765 2369 826 intra

867 875 982 920 nos
1023 877 1326 933 crescere,
1361 880 1504 942 quae
1543 862 1875 924 horremus
1918 862 1984 924 in
2028 862 2367 925 manifesto

2478 764 2599 827 sibi
2633 765 2965 827 contrariis
3004 766 3147 847 quis
3188 764 3487 839 refectus,
3519 764 3835 827 contraxit
3866 764 3990 825 hu-

2480 880 2686 925 mores
2728 862 2987 925 sibimet
3032 864 3253 926 noxios
3296 882 3369 925 ac
3414 863 3649 925 letales,

863 956 1233 1035 admittere3
1274 966 1338 1020 et
1378 960 1454 1021 de
1493 960 1729 1041 quibus
1769 979 1845 1023 ex
1890 961 2224 1024 hominum
2266 979 2365 1023 co-

863 1054 1148 1135 gnitione
1203 1059 1730 1133 verecundamur,
1785 1078 1864 1121 ne
1923 1060 2173 1122 occulta
2232 1060 2368 1143 qui-

864 1152 1010 1214 dem
1044 1153 1310 1217 libidine
1342 1155 1790 1237 inquinemur:
1814 1177 1958 1239 quae
1990 1159 2138 1221 licet
2165 1160 2367 1241 possit

865 1252 1130 1313 evadere
1174 1253 1463 1316 notitiam
1509 1254 1867 1329 hominum,
1915 1257 2106 1319 latere
2151 1266 2365 1320 tamen

867 1365 992 1410 non
1037 1351 1270 1431 poterit
1322 1352 1655 1415 scientiam
1703 1355 2074 1435 angelorum
2124 1364 2367 1417 sancto-

868 1464 1010 1509 rum
1050 1447 1632 1531 omnipotentisque
1668 1452 1802 1526 Dei,
1833 1471 2026 1533 quam
2064 1453 2240 1515 nulla
2274 1472 2365 1515 se-

868 1552 1038 1607 creta
1079 1545 1519 1628 subterfugere
1561 1557 1822 1630 queunt.

2864 1091 3369 1154 CAPITULUM
3432 1092 3585 1153 XII.

2512 1208 2685 1274 Quod
2710 1212 2921 1266 carnis
2942 1213 3195 1283 puritas
3222 1218 3481 1284 nequeat
3509 1212 3779 1268 obtineri
3806 1213 3947 1267 sine

2944 1300 3254 1356 munditia
3284 1300 3507 1355 cordis.

2625 1450 2752 1513 INC
2793 1450 3041 1530 generis
3081 1450 3346 1512 humani
3388 1457 3630 1511 creator
3662 1456 3725 1510 et
3757 1450 3983 1512 condi·

2648 1555 2744 1609 tor
2772 1548 3061 1610 omnium
3093 1548 3282 1623 DeuS‚
3312 1564 3699 1629 cognoscens
3730 1555 3983 1609 creatu-

2471 1663 2556 1708 rae
2596 1664 2727 1708 suae
2770 1651 3083 1719 naturam,
3111 1652 3174 1707 et
3213 1644 3723 1708 emendationem
3770 1644 3979 1727 ipsius

2471 1761 2602 1823 prae
2644 1741 2945 1805 omnibus
2991 1743 3277 1824 cupienS,
3323 1742 3458 1804 illic
3501 1760 3721 1805 curam
3772 1742 3975 1805 medi-

2395 1843 2442 1906 B
2473 1840 2631 1903 cinae
2660 1839 2973 1913 adhibuit,
3008 1840 3177 1901 unde
3208 1848 3470 1903 noverat
3502 1859 3723 1902 causas
3760 1840 3973 1903 morbi

2470 1956 2583 1999 seu
2626 1937 2767 1999 vitii
2811 1938 3250 2019 principaliter
3292 1956 3609 2011 emanare,
3643 1938 3918 2000 dicendo
3952 1955 3969 1999 :

2466 2035 2863 2117 Quicumque
2896 2036 3129 2097 viderit
3167 2036 3505 2098 mulierem
3548 2036 3626 2097 ad
3667 2034 3974 2117 concupi·
4034 2052 4255 2098 uatem.

2467 2134 2773 2195 scendum
2811 2152 2973 2207 eam,
3005 2134 3139 2214 jam
3184 2134 3537 2196 moechatus
3576 2139 3672 2195 est
3710 2152 3851 2195 eam
3899 2133 3971 2194 in
4004 2120 4075 2160 ²⁸·

1284 1774 1786 1839 CAPITULUM
1849 1780 1934 1840 X.

959 1894 1132 1960 Quod
1158 1896 1240 1949 ait
1270 1896 1570 1952 indicium
1589 1896 1879 1968 ρον-βροτω
1907 1915 1978 1953 ac
2008 1899 2265 1970 inteqroe

1438 1986 1764 2057 puritatis.

986 2133 1266 2196 VIDENS
1306 2142 1519 2197 autem
1562 2135 1817 2217 signum
1861 2155 1934 2199 ac
1981 2138 2170 2219 plena
2215 2156 2354 2220 pro—

1005 2229 1174 2293 batio
1233 2232 1530 2313 perfecta}
1586 2240 1652 2295 et
1709 2233 1970 2315 integrae
2032 2236 2350 2317 puritatiS,

853 2328 974 2391 hoc
1012 2337 1108 2391 est
1141 2347 1155 2391 z
1190 2330 1244 2391 si
1284 2330 1748 2393 dormientibus
1777 2340 1842 2393 et
1870 2334 2354 2414 quiescentibus

852 2425 1038 2489 nobis
1079 2427 1255 2489 nulla
1292 2436 1584 2491 occurrat
1623 2429 1829 2511 imago
1868 2431 2217 2513 decipienS‚
2253 2434 2351 2496 vel

854 2532 1024 2586 certe
1083 2525 1137 2586 si
1196 2527 1564 2600 occurrerit,
1619 2528 1826 2589 nullos
1885 2536 2098 2591 tamen
2148 2531 2351 2593 valeat

856 2630 1063 2685 motus
1094 2624 1626 2706 concupiscentias
1651 2626 1936 2688 excitare.
1955 2627 2111 2690 Nam
2142 2648 2356 2711 quam-

852 2719 951 2781 vis
983 2721 1125 2783 talis
1157 2722 1501 2784 commotio
1530 2740 1657 2785 non
1696 2731 2026 2806 reputetur
2065 2725 2253 2807 plene
2284 2728 2351 2789 in

853 2818 1130 2899 culpam,
1165 2826 1375 2881 tamen
1423 2820 1733 2883 indicium
1778 2829 1873 2884 est
1914 2824 2146 2885 mentis
2193 2842 2349 2887 non-

851 2916 1004 2977 dum
1065 2915 1384 2998 perfectae,
1439 2926 1504 2979 et
1558 2918 1813 3000 signum
1873 2919 2015 2982 vitii
2075 2923 2349 2984 necdum

2467 2232 2655 2294 corde
2685 2248 2817 2295 suo.
2854 2232 3029 2294 Unde
3069 2232 3425 2314 petulantes
3455 2231 3672 2294 oculos
3713 2240 3967 2304 notam,

2468 2346 2593 2391 non
2624 2336 2753 2391 tam
2783 2330 2991 2411 arguit
3020 2346 3149 2402 eoS,
3184 2348 3377 2411 quam
3419 2329 3789 2391 interiorem
3820 2347 3970 2391 sen-

2467 2446 2611 2488 sum
2653 2428 2765 2508 qui
2804 2428 3137 2490 oculorum
3176 2426 3397 2490 officio
3438 2428 3602 2488 male
3641 2426 3842 2489 utitur
3885 2427 3968 2488 ad

2466 2525 2832 2587 videndum.
2886 2526 3003 2589 Cor
3062 2544 3336 2608 namque
3386 2527 3557 2607 quod
3605 2526 3683 2587 ad
3734 2543 3971 2588 concu-

2467 2623 2843 2704 piscendum
2892 2625 3086 2698 videt,
3120 2643 3358 2704 aegrum
3404 2633 3503 2687 est
3542 2632 3606 2685 et
3652 2624 3775 2686 telo
3819 2623 3967 2686 libi·

2464 2721 2632 2783 dinis
2677 2722 3053 2795 sauciatum,
3088 2723 3245 2784 vitio
3284 2741 3400 2785 suo
3442 2730 3813 2804 retorquens
3858 2741 3971 2784 na-

2464 2819 2664 2881 turale
2723 2819 3113 2883 beneficium
3175 2820 3347 2883 visus
3408 2819 3533 2881 sibi
3585 2839 3623 2881 a
3671 2819 3967 2883 Creatore

2463 2925 2633 2979 recte
2673 2935 3069 2991 concessum,
3103 2918 3180 2979 ad
3224 2936 3560 2999 pravorum
3608 2918 3968 2980 ministeria

851 3032 1009 3095 pure
1051 3016 1316 3087 excocti,
1351 3034 1551 3096 quum
1591 3035 1704 3097 per
1744 3017 1999 3079 fallaces
2041 3017 2348 3099 imagines
2387 3023 2431 3086 C
2462 3032 2751 3095 operum,
2802 3023 2992 3097 atque
3041 3015 3441 3078 reconditum
3503 3016 3568 3076 in
3618 3015 3969 3096 semetipso

849 3110 928 3173 fit
968 3112 1113 3174 talis
1158 3112 1390 3175 illusio.

1249 3338 1755 3402 CAPITULUM
1818 3341 1940 3403 XI.

1028 3460 1132 3514 1⁴5oe
1177 3476 1293 3533 quo
1341 3460 1495 3515 vitio
1535 3461 1830 3531 procedat
1878 3468 2178 3519 nocturna

1484 3549 1715 3605 illusio.

991 3700 1344 3764 OCTURNA
1389 3721 1663 3784 namque
1703 3704 1916 3784 quiete
1960 3711 2347 3765 monstratur

1009 3799 1305 3881 qualibus
1335 3800 1854 3863 distractionibus
1887 3802 2344 3883 cogitationum

847 3897 1271 3979 negligentius
1339 3916 1681 3979 evagemur
1748 3898 1814 3960 in
1882 3899 2004 3961 die.
2076 3899 2340 3974 IdcircO,

817 4014 1047 4079 ⁸quum
1079 3996 1492 4058 intervenerit
1522 3996 1736 4078 aliqua
1767 3997 1908 4059 talis
1946 3997 2180 4071 illusio,
2215 4014 2342 4058 non

843 4092 1033 4174 culpa
1070 4093 1277 4155 somni
1310 4094 1624 4156 credenda
1655 4102 1770 4169 est,
1805 4095 1914 4157 sed
1955 4094 2343 4175 negligentia

835 4287 903 4350 bi
934 4308 1047 4351 seu
1080 4290 1392 4371 passionis
1426 4290 1596 4351 intus
1637 4290 1889 4352 latentis
1926 4308 1939 4352 ε
1975 4310 2165 4372 quem
2209 4307 2341 4352 non

835 4386 1086 4469 peperit
1134 4387 1433 4470 primitus
1483 4389 1639 4450 hora
1688 4389 1914 4461 noctiS,
1969 4389 2078 4450 sed
2141 4388 2342 4450 latens

839 4482 1098 4546 morbus
1145 4503 1260 4566 per
1308 4485 1515 4546 somni
1564 4484 1981 4547 refectionem
2042 4485 2344 4568 produxit

837 4581 916 4642 ad
974 4582 1387 4664 superficiem
1437 4583 1600 4644 cutis
1659 4583 1994 4645 humorem
2056 4582 2344 4645 recondi-

840 4685 976 4739 tum
1020 4678 1261 4742 intimis
1299 4679 1529 4742 animae
1560 4679 1766 4755 sibriS,
1801 4699 2070 4761 arguens
2103 4688 2164 4743 et
2199 4697 2341 4762 pro-

841 4776 1060 4857 palans
1090 4778 1371 4839 occultas
1403 4778 2064 4860 concupiscentiarum
2097 4796 2209 4841 seu
2236 4796 2343 4840 aes-

840 4880 1023 4937 tuum
1080 4874 1291 4937 febres
1340 4895 1496 4957 quas
1545 4883 1674 4938 tota
1723 4876 1825 4939 die
1875 4878 2336 4950 contraximuS,

840 4973 1052 5055 pravis
1084 4974 1572 5056 cogitationibus
1603 4976 1779 5057 pasti.
1797 4976 2340 5048 Quemadmodum

839 5089 1177 5154 corporum
1220 5071 1626 5137 infirmitates
1657 5075 1862 5137 solent
1894 5074 2184 5137 contrahi
2225 5093 2337 5136 seu

839 5169 1102 5246 hauriri,
1157 5188 1284 5233 non
1334 5179 1487 5233 tunc
1536 5173 1789 5254 quando
1837 5171 2135 5235 videntur
2181 5172 2336 5234 oriri

837 5275 899 5329 et
930 5287 1258 5350 apparere,
1293 5270 1402 5331 sed
1443 5288 1556 5351 per
1593 5270 2044 5351 negligentiam
2085 5277 2338 5351 praeter-

2462 3113 2995 3194 concupiscentiae
3062 3112 3357 3176 morbum
3426 3114 3781 3195 producens
3844 3132 3969 3194 per

2458 3211 2831 3293 adspectum
2869 3212 2933 3273 in
2966 3211 3319 3293 publicum.
3354 3212 3499 3273 Ideo
3530 3212 3681 3273 huic
3711 3211 3971 3274 interio-

2461 3308 2517 3369 ri
2556 3308 2771 3371 sensui
2809 3308 3148 3371 adhibetur
3188 3308 3459 3371 salutare
3500 3309 3890 3383 mandatum,
3926 3330 3967 3371 a

2460 3406 2645 3486 cujus
2694 3405 2897 3469 abusu
2948 3407 3234 3489 procedit
3280 3415 3344 3468 et
3390 3406 3593 3468 oritur
3640 3406 3965 3488 pessimus

2461 3504 2724 3585 languor
2772 3523 2884 3587 per
2932 3504 3264 3566 exterioris
3306 3504 3482 3567 visus
3531 3505 3959 3567 occasionem.

2457 3601 2593 3663 Non
2643 3602 2816 3664 enim
2868 3603 3102 3664 dicitur
3145 3619 3160 3663 :
3202 3602 3387 3664 Omni
3439 3602 3725 3665 custodia
3772 3622 3965 3665 serva

2458 3700 2674 3762 oculos
2726 3708 2867 3763 tuos
2912 3702 3100 3782 (quos
3150 3701 3373 3781 utique
3420 3708 3741 3781 oporteret
3787 3700 3967 3782 prin-

2462 3798 2753 3879 cipaliter
2816 3798 3144 3871 custodiri,
3206 3799 3256 3859 si
3316 3798 3588 3860 affectus
3651 3800 3962 3881 concupi-

2459 3896 2715 3960 scentiae
2754 3916 2831 3959 ex
2877 3897 3033 3979 ipsis
3083 3896 3480 3979 procederet)
3522 3914 3535 3959 :
3581 3896 3671 3958 nil
3717 3898 3959 3960 etenim

2458 3995 2733 4076 amplius
2776 3994 2943 4057 oculi
2986 3993 3291 4076 praebent,
3326 4013 3518 4076 quam
3560 3994 3831 4077 simplex
3861 3995 3957 4058 ol'-

2458 4091 2683 4153 ficium
2736 4092 3001 4154 visionis
3058 4092 3306 4155 animae.
3362 4093 3482 4155 Sed
3540 4091 3716 4167 dicit,
3768 4094 3955 4156 Omni
4038 4121 4186 4165 pm„
4218 4137 4267 4167 π,

839 4192 1144 4271 temporis
1176 4192 1691 4272 praecedentiS,et
1723 4192 2151 4254 manifestatio
2186 4210 2346 4254 mor·
2373 4198 2422 4258 D
2459 4190 2746 4252 custodia
2804 4208 2987 4252 serva
3044 4208 3153 4252 cor
3212 4198 3392 4252 tuum

3448 4208 3461 4252 :
3515 4192 3573 4253 ei
3623 4192 3957 4273 potissime
3986 4184 4069 4225 ²³·

2457 4288 2841 4350 medicinam
2892 4288 3249 4369 imponenS‚
3299 4290 3467 4370 quod
3520 4296 3727 4371 potest
3771 4289 3951 4351 abuti

2457 4384 2814 4447 ministerio
2854 4385 3205 4447 oculorum.

2824 4642 3327 4705 CAPITULUM
3391 4642 3578 4706 XIII.

2572 4789 2717 4855 Quoe
2755 4790 2839 4843 sit
2868 4789 3078 4860 prima
3116 4790 3393 4845 custodia
3427 4791 3827 4862 purqationis

3054 4878 3351 4934 carnalia.

2581 5073 2707 5136 Rl'l'
2759 5091 2907 5154 ergo
2955 5073 3090 5136 haec
3141 5074 3348 5155 prima
3399 5074 3791 5156 purgationis
3840 5090 3955 5135 no-

2602 5180 2746 5234 strae
2786 5171 3094 5246 custodia,
3129 5179 3199 5233 ut
3229 5172 3482 5253 quando
3514 5172 3819 5235 memoria
3852 5190 3951 5233 se-

2448 5290 2566 5333 xus
2609 5269 2872 5331 feminei
2919 5270 3269 5332 occurrerit
3313 5271 3509 5331 menti
3556 5278 3785 5333 nostrae
3832 5288 3949 5351 per
