4359 6267
1081 510 1498 558 comunionem
1539 512 1625 556 ss,
1659 510 1902 556 ruam(
1943 510 2119 557 unna
2160 511 2224 557 ιι.
2271 529 2353 540 -
2392 513 2679 560 comm-no
2720 515 2809 560 xu
3378 496 3499 560 283

413 680 684 762 duosque
743 680 992 744 labores
1051 689 1114 743 et
1171 680 1552 743 incessabile
1609 679 1892 742 studium
1922 679 1975 741 A

410 777 710 852 lectioniS,
744 786 1020 842 attamen
1065 779 1293 842 merito
1333 779 1562 841 horum
1602 776 1892 839 laborum

407 877 722 956 acquirere
765 896 1156 959 nequeamus
1198 886 1570 958 perpetuam
1610 877 1896 938 castimo-

407 974 521 1036 niae
559 975 926 1056 puritatem,
970 975 1096 1038 nisi
1140 975 1207 1037 in
1251 975 1569 1037 exercitiis
1613 973 1752 1036 istis
1793 973 1894 1054 ju-

403 1072 556 1151 giter
592 1073 995 1147 desudanteS,
1030 1074 1373 1136 doceamur
1413 1092 1527 1154 per
1564 1072 1893 1152 experien-

406 1169 548 1231 tiam
617 1171 1160 1254 incorruptionem
1231 1171 1538 1234 castitatis
1610 1170 1890 1253 praestari

407 1267 680 1348 largitate
747 1270 964 1349 gratiae
1034 1269 1164 1332 Dei.
1231 1271 1388 1332 Hinc
1450 1268 1891 1351 unusquisque

407 1375 691 1445 agnoscat
739 1367 971 1430 debere
1018 1387 1085 1429 se
1137 1366 1620 1448 infatigabiliter
1667 1366 1894 1447 perdu-

407 1481 538 1525 rare
567 1463 630 1524 in
662 1465 982 1526 exercitiis
1014 1464 1154 1527 istis
1193 1465 1594 1528 solummodo
1635 1470 1893 1546 propter

409 1561 541 1635 hoc,
573 1569 642 1623 ut
684 1581 799 1643 per
835 1563 1090 1625 illorum
1131 1563 1552 1625 afflictionem
1595 1580 1894 1625 consecu-

408 1667 504 1722 tus
553 1661 1054 1724 misericordiam
1110 1662 1242 1735 Dei,
1303 1669 1623 1723 mereatur
1675 1660 1893 1722 divino

407 1777 660 1820 munere
710 1758 968 1821 liberari
1020 1760 1099 1821 de
1150 1759 1629 1840 impugnatione
1683 1757 1890 1820 carnis

2434 741 2937 806 CAPITULUM
2984 743 3063 804 V.

2037 879 2123 934 De
2150 878 2425 934 utilitate
2456 880 2940 951 2'mpuqnationis
2968 897 3105 954 quoe
3131 885 3461 951 qeneratur

2382 969 2624 1040 fervore
2654 971 3111 1027 incentivorum.

2141 1163 2393 1226 ULTIS
2453 1183 2679 1246 capere
2735 1165 2995 1227 evidens
3053 1171 3498 1245 argumentum

2158 1260 2352 1341 hujus
2384 1262 2475 1323 rei
2506 1281 2699 1345 quam
2732 1263 3027 1336 dicimuS‚
3052 1281 3167 1344 per
3197 1263 3363 1345 quod
3396 1280 3503 1344 ap-

2003 1359 2285 1440 probetis
2318 1379 2458 1441 quae
2488 1361 2657 1422 dicta
2696 1368 2865 1435 sunt,
2899 1369 2963 1422 et
2993 1360 3349 1423 doceamini
3387 1379 3500 1441 pu-

2002 1476 2191 1538 gnam
2245 1458 2409 1520 hanc
2460 1461 2765 1540 corporiS,
2818 1479 2959 1542 quae
3008 1460 3260 1522 videtur
3316 1458 3503 1521 nobis

2003 1575 2140 1618 esse
2189 1557 2449 1618 inimica
2492 1576 2565 1619 ac
2610 1559 2818 1631 noxia,
2854 1558 3110 1620 insitam
3157 1575 3295 1619 esse
3341 1556 3506 1619 utili-

2001 1661 2099 1715 ter
2137 1655 2443 1718 membris
2489 1657 2767 1718 nostris?
2807 1656 3233 1730 Considerate,
3264 1672 3499 1737 quaes0,

2004 1752 2337 1832 spadoneS‚
2371 1772 2513 1834 quae
2552 1773 2739 1815 causa
2780 1753 2999 1815 reddat
3034 1771 3141 1815 eos
3182 1753 3501 1834 praecipue

403 1863 580 1937 atque
648 1856 934 1919 dominio
1003 1858 1492 1939 praepotentium
1563 1857 1886 1929 vitiorum,
1927 1853 1974 1914 B
2005 1858 2133 1911 tam
2174 1851 2423 1912 desides
2462 1870 2535 1912 ac
2576 1851 2875 1913 remissos
2917 1851 2982 1912 in
3015 1851 3359 1912 virtutibus
3398 1869 3504 1931 ap-

406 1971 523 2014 non
556 1961 625 2015 ut
666 1953 948 2016 confidat
988 1973 1055 2016 se
1096 1973 1211 2036 per
1241 1955 1352 2016 illa
1383 1955 1766 2036 adepturum
1802 1954 1893 2014 in-

405 2051 693 2113 violatam
745 2052 908 2114 hanc
956 2053 1241 2134 corporis
1292 2053 1646 2115 castitatem
1699 2070 1890 2133 quam

404 2149 587 2230 cupit.

490 2248 680 2310 Tanto
723 2248 917 2329 igitur
958 2249 1272 2312 desiderio
1315 2257 1378 2311 et
1418 2267 1633 2311 amore
1675 2267 1893 2310 accen-

405 2346 620 2408 damur
649 2365 766 2427 pro
794 2346 1182 2428 acquirenda
1212 2349 1329 2409 hac
1362 2347 1669 2420 castitate,
1703 2366 1895 2428 quan·

404 2450 466 2504 to
500 2445 718 2507 ardore
756 2453 934 2528 optat
975 2446 1360 2508 desiderium
1405 2465 1592 2508 suum
1636 2445 1891 2526 impleri

403 2541 786 2624 quicumque
837 2543 1293 2624 cupidissimus
1343 2545 1660 2625 appetitor
1703 2562 1892 2624 pecu-

405 2641 668 2714 niarum,
720 2649 832 2704 aut
881 2660 1132 2703 summe
1180 2641 1579 2714 ambitiosuS,
1629 2641 1728 2704 vel
1781 2641 1894 2723 qui

405 2737 778 2801 intolerabili
821 2738 1027 2801 fervet
1059 2741 1282 2802 ardore
1331 2739 1616 2802 mulieris
1661 2739 1892 2802 formo·

403 2855 484 2898 sae
527 2853 541 2898 ε
584 2836 802 2919 sicque
846 2835 962 2899 fiet
1005 2844 1077 2899 ut
1118 2838 1271 2899 dum
1322 2837 1665 2900 insatiabili
1716 2837 1895 2918 cupi-

401 2932 590 2995 ditate
629 2935 1084 2997 succendimur
1117 2954 1232 3018 pro
1272 2936 1632 3017 integritate
1673 2954 1894 3017 perpe-

2005 1947 2315 2028 petendis.
2355 1948 2575 2011 Nonne
2614 1949 2916 2030 quoniam
2956 1949 3225 2011 credunt
3265 1967 3332 2010 se
3374 1963 3501 2008 non

2002 2046 2237 2108 habere
2264 2047 2567 2109 castitatis
2599 2047 3075 2128 corrumpendae
3107 2045 3509 2127 periculum?

2002 2144 2176 2216 Quod
2210 2151 2420 2205 tamen
2457 2161 2645 2206 nemo
2677 2152 2858 2225 putet
2888 2163 2989 2205 me
3021 2145 3107 2205 ita
3137 2143 3500 2226 proposuis-

2003 2261 2091 2316 se,
2124 2249 2197 2303 ut
2226 2242 2421 2305 velim
2462 2261 2742 2304 asserere
2773 2242 3025 2304 nullum
3055 2260 3276 2304 eorum
3316 2259 3501 2323 posse

2005 2341 2281 2403 inveniri
2326 2341 2434 2423 qui
2482 2340 2723 2403 ferveat
2769 2340 3323 2402 abrenuntiatione
3366 2359 3504 2421 per·

2002 2437 2189 2514 fecta,
2224 2441 2333 2502 sed
2365 2440 2517 2521 quia
2550 2446 2841 2501 naturam
2880 2458 3060 2500 suam
3091 2438 3502 2520 quodammo-

2003 2538 2084 2600 do
2122 2538 2405 2612 vincant,
2440 2538 2491 2600 si
2538 2536 2703 2600 forte
2747 2536 2942 2618 aliqui
2988 2555 3208 2600 eorum
3253 2533 3549 2599 summa'

2004 2636 2211 2698 cordis
2260 2636 2655 2699 districtione
2699 2637 2962 2698 tendant
3009 2635 3088 2697 ad
3136 2643 3501 2717 praetactam

2005 2735 2462 2816 perfectionem
2499 2752 2512 2795 :
2549 2734 2733 2814 cujus
2778 2734 2963 2796 ardor
3001 2751 3074 2795 ac
3113 2733 3500 2795 desiderium

2001 2833 2154 2895 facit
2212 2852 2361 2895 eum
2420 2851 2613 2915 quem
2672 2832 2870 2894 semel
2927 2832 3309 2904 accenderit,
3370 2849 3499 2893 non

2002 2931 2211 2994 solum
2261 2932 2595 3012 patienter,
2640 2930 2750 2992 sed
2800 2931 2953 2991 item
3002 2928 3273 2992 libenter
3315 2929 3501 2990 susti—

402 3038 522 3104 tua,
537 3031 923 3115 despiciatur
951 3033 1392 3096 desiderabilis
1423 3033 1621 3108 cibuS,
1643 3033 1893 3096 horreat
1928 3029 1971 3093 C
2004 3049 2152 3092 nere
2199 3029 2457 3103 famem,
2493 3029 2689 3103 sitim,
2723 3027 2994 3109 vigilia8‚
3027 3028 3401 3100 nuditatem,
3434 3035 3499 3089 et

403 3137 604 3210 potus.
638 3149 902 3194 somnus
935 3149 1190 3214 quoquc
1226 3139 1468 3195 naturae
1505 3131 1760 3194 debitus
1800 3150 1892 3193 re-

403 3235 680 3308 spuatur,
715 3229 816 3291 vel
849 3237 1018 3291 certe
1058 3231 1346 3312 capiatur
1384 3236 1596 3292 mente
1627 3229 1892 3292 attonita

403 3332 463 3385 et
512 3334 829 3407 suspecta,
882 3334 1183 3408 tanquam
1243 3328 1544 3408 deceptor
1600 3335 1663 3388 et
1721 3325 1889 3388 frau-

403 3422 880 3486 dulentissimus
937 3425 1204 3487 aemulus
1264 3425 1558 3506 puritatis
1618 3424 1887 3487 castitati

403 3523 799 3600 contrarius3
857 3522 1076 3604 sicque
1129 3523 1568 3605 unusquisque
1617 3523 1889 3586 effectus

403 3627 680 3681 maturus
715 3620 1108 3683 examinator
1138 3621 1513 3702 integritatis
1553 3641 1704 3693 suae,
1739 3637 1891 3702 quo-

400 3715 552 3778 tidie
595 3718 866 3797 gaudeat
915 3719 1016 3780 de·
1043 3719 1316 3800 puritate
1366 3719 1484 3780 sibi
1539 3719 1784 3791 collata,
1826 3726 1890 3780 et

399 3814 623 3876 sentiat
670 3835 738 3877 se
793 3835 934 3878 eam
985 3817 1286 3898 adeptum
1336 3835 1462 3879 non
1513 3817 1725 3880 studio
1773 3836 1888 3880 suo

399 3918 504 3972 aut
542 3913 891 3994 vigilantia,
925 3914 1034 3976 sed
1075 3915 1466 3995 protectione
1507 3915 1725 3976 divina
1747 3933 1763 3994 ;
1800 3915 1889 3976 in-

401 4011 635 4090 telligat
688 4029 944 4094 quoque
994 4031 1134 4074 eam
1184 4014 1426 4075 tamdiu
1474 4030 1590 4075 suo
1639 4013 1888 4095 corpori

400 4108 812 4182 adhaesuram,
866 4110 1174 4191 quamdiu
1233 4111 1398 4173 Deus
1455 4131 1570 4173 sua
1631 4111 1888 4173 misera-

2005 3127 2250 3190 labores
2300 3128 2583 3209 corporis
2641 3127 2991 3188 universos.
3043 3126 3152 3187 Vir
3198 3126 3371 3188 enim
3428 3125 3496 3187 in
3550 3147 3785 3200 Promw,

2001 3226 2329 3289 doloribus
2378 3224 2621 3288 laborat
2670 3224 2817 3298 sibi,
2868 3232 2932 3286 et
2978 3225 3109 3285 vim
3158 3223 3310 3286 facit
3358 3242 3496 3305 per·
3522 3209 3739 3314 {QX-{⁰¹⁸⁸
3818 3298 3827 3307 Ι

2001 3324 2227 3387 ditioni
2268 3342 2439 3402 suae3
2480 3331 2543 3385 et
2584 3324 2813 3385 iterum
2849 3339 2863 3383 :
2905 3323 3148 3385 Animae
3188 3321 3494 3384 esurienti
3538 3333 3790 3386 thid-xxva,

2000 3413 2194 3485 etiam
2239 3441 2453 3484 amara
2499 3422 2712 3484 dulcia
2758 3439 2896 3483 esse
2940 3421 3254 3483 videntur.
3296 3419 3495 3482 Aliter
3520 3397 3730 3501 {jxffm

2003 3539 2277 3603 namque
2326 3519 2712 3581 desiderium
2757 3526 2820 3580 et
2860 3536 3038 3581 amor
3079 3537 3292 3579 rerum
3342 3535 3495 3598 prae-

2001 3619 2279 3681 sentium
2331 3635 2456 3680 non
2507 3624 2805 3698 poterunt
2854 3615 3160 3679 refrenari
3210 3615 3343 3678 sive
3392 3633 3496 3676 ex-

2002 3715 2175 3797 pelli,
2211 3717 2333 3778 nisi
2376 3733 2490 3796 pro
2521 3715 2659 3777 istis
2690 3714 3031 3776 affectibus
3072 3713 3301 3786 noxiis,
3334 3731 3493 3795 quos

2002 3813 2298 3895 cupimus
2336 3813 2673 3894 amputari,
2709 3811 3212 3874 intromittantur
3239 3811 3379 3873 aliae
3406 3811 3495 3873 af-

1999 3910 2307 3974 fectiones
2351 3910 2654 3973 salubreS.
2691 3910 3003 3971 vivacitas
3042 3910 3279 3971 etenim
3323 3928 3496 3972 men-

1999 4010 2080 4072 tis
2113 4010 2475 4072 nullatenus
2506 4009 2674 4072 valet
2704 4009 3047 4072 consistere
3078 4007 3318 4090 absque
3346 4005 3497 4069 affe·

2001 4108 2210 4170 ctione
2241 4106 2561 4181 desiderii,
2596 4125 2708 4169 seu
2740 4105 3007 4180 timoriS,
3041 4106 3142 4168 vel
3179 4105 3490 4180 moeroriS,

401 4204 566 4267 tione
599 4206 940 4268 contulerit
975 4214 1040 4268 et
1075 4209 1544 4270 conservaverit
1573 4226 1732 4270 eam.
1770 4209 1884 4282 Qui
1919 4208 1967 4269 D
1999 4214 2108 4268 aut
2136 4207 2351 4287 gaudii
2390 4205 2663 4286 alicujus
2700 4225 2713 4269 :
2749 4225 2889 4287 quae
2928 4203 3053 4266 nisi
3094 4202 3497 4266 refrenentur

399 4303 567 4364 enim
597 4303 760 4365 hanc
790 4302 988 4366 fidem
1019 4305 1331 4367 stabiliter
1359 4306 1624 4379 obtinet,
1659 4325 1890 4388 nequa-

399 4419 586 4481 quam
639 4402 956 4482 superbus
1008 4404 1088 4465 de
1142 4423 1256 4465 sua
1305 4405 1540 4466 virtute
1594 4403 1882 4476 confidit,

399 4515 510 4560 nec
543 4499 916 4562 dissolvitur
949 4502 1285 4564 securitate
1326 4501 1760 4574 blandissima,
1795 4519 1889 4563 se—

395 4595 620 4659 ductus
659 4597 862 4679 longis
908 4599 1184 4661 induciis
1228 4618 1340 4662 seu
1385 4599 1684 4662 carentiis
1731 4598 1884 4662 foedi

396 4693 700 4769 humoriS,
744 4697 951 4759 sciens
990 4717 1056 4759 se
1098 4698 1387 4779 protinus
1431 4697 1884 4760 maculandum

393 4792 710 4857 effusione
740 4793 1193 4878 impurissimae
1225 4795 1626 4869 colluvioniS,
1660 4796 1712 4857 si
1746 4814 1886 4877 pro-

394 4891 578 4955 tectio
609 4892 829 4955 divina
857 4892 1191 4974 paululum
1221 4894 1376 4976 quid
1406 4893 1485 4956 ab
1517 4894 1656 4976 ipso
1687 4913 1887 4956 reces-

395 4991 558 5053 serit.
603 4991 868 5074 Propter
904 4993 1074 5074 quod
1117 4992 1452 5055 indefessis
1492 4993 1886 5056 orationibus

399 5087 819 5152 insistendum
869 5098 966 5152 est
1019 5108 1133 5171 pro
1187 5091 1362 5154 omni
1418 5090 1888 5171 perseverantia

400 5187 702 5250 castitatis
741 5207 889 5250 cum
926 5188 1104 5251 omni
1145 5189 1525 5253 contritione
1565 5187 1890 5251 humilita-

401 5292 585 5368 teque
626 5285 856 5351 cordis.

1999 4311 2061 4366 et
2091 4304 2460 4385 regulentur
2491 4303 2556 4364 in
2588 4302 2851 4376 bonum,
2877 4320 3134 4364 necesse
3161 4308 3258 4363 est
3286 4319 3360 4362 ea
3389 4301 3494 4362 de-

1999 4403 2235 4464 clinare
2271 4401 2335 4464 in
2368 4411 2613 4485 partem
2648 4401 3031 4463 contrariam
3065 4419 3139 4462 ac
3173 4399 3485 4462 nocivam.

2104 4501 2251 4563 Ideo
2318 4501 2371 4562 si
2440 4501 2873 4563 desideramus
2944 4499 3492 4581 concupiscentias

1997 4598 2282 4660 carnales
2312 4598 2668 4671 extrudere,
2704 4597 3063 4678 plantemus
3100 4597 3389 4679 protinus
3426 4597 3492 4658 in

1997 4716 2217 4759 earum
2262 4696 2416 4759 locis
2444 4696 2803 4778 voluptates
2845 4695 3230 4777 spirituales,
3264 4701 3333 4756 ut
3366 4695 3496 4756 ani·

1998 4814 2139 4856 mus
2172 4801 2387 4858 noster
2414 4793 2507 4856 eis
2544 4813 2797 4876 semper
2828 4792 3229 4874 conjunctuS,
3265 4792 3494 4854 habeat

1998 4894 2163 4956 bona
2211 4893 2447 4976 quibus
2492 4893 2729 4974 J’ugiter
2774 4892 3168 4963 immoretur,
3212 4897 3494 4971 respuat-

1998 4990 2505 5073 que·illecebras
2556 4991 2964 5072 praesentium
3012 5007 3086 5051 ac
3130 4987 3491 5069 temporali-

1998 5109 2109 5150 um
2172 5089 2571 5171 gaudiorum.
2636 5089 2968 5169 Quumque
3030 5105 3210 5149 mens
3277 5093 3492 5149 nostra

1999 5187 2386 5270 quotidianis
2416 5185 2735 5248 exercitiis
2767 5185 3013 5247 erudita
3052 5183 3394 5266 profecerit
3422 5184 3489 5245 in

1999 5286 2171 5348 hunc
2210 5292 2468 5359 statum,
2501 5283 2715 5346 statim
2752 5281 3069 5363 concipiet
3095 5281 3491 5364 experientia
