4359 6267
629 1950 769 2007 tneo.
789 1966 875 2003 xui,

612 2016 677 2065 ¹3,
706 2017 781 2067 ¹⁴3
806 2028 875 2065 xv,

609 2077 677 2119 22.

605 2835 661 2880 ΙΙΙ
674 2835 786 2892 Περ.
800 2849 870 2887 xx,

602 2902 671 2943 42.

612 4308 787 4365 Ephee.
804 4322 863 4362 iv,

596 4375 667 4416 26.

596 4612 731 4656 Prou-
738 4626 795 4663 xi,
802 4616 817 4655 l
825 4616 863 4664 ὁ,

592 4677 720 4731 Juxta
745 4674 863 4720 Lxx.

594 5102 676 5149 Pa.
693 5117 777 5155 cui,
791 5106 855 5147 15.

606 5176 859 5227 Pramum,

593 5240 634 5288 ⁴.
660 5239 785 5293 Juxta

593 5300 713 5344 Lxx.

916 474 1036 539 152

912 663 1167 737 cedunt,
1195 661 1606 745 implicentur
1633 661 1916 724 tenebris
1945 660 2250 724 vitiorum
2283 679 2410 722 ma·
2439 658 2490 721 A
2522 658 2774 734 iterum,
2809 659 2985 722 Sicut
3016 661 3238 723 civitas
3280 660 3481 723 muris
3520 661 3731 723 diruta
3757 660 3852 742 (id
3895 668 4027 735 est,
4063 678 4294 782 gnam.

905 760 1175 842 joribus.

1311 960 1815 1025 CAPITULUM
1878 960 2000 1022 ΙΙΙ.

1057 1091 1143 1146 De
1179 1105 1387 1146 errore
1421 1089 1632 1146 Saulis
1668 1096 1725 1145 et
1754 1088 1979 1153 Achab,
2010 1089 2121 1161 qui
2141 1104 2258 1163 per

1187 1178 1685 1234 indiscretionem
1711 1178 1945 1249 decepti
1974 1184 2134 1232 sunt.

1047 1347 1158 1410 EN
1170 1347 1374 1420 IQUE
1423 1348 1531 1409 ille
1572 1348 1683 1429 qui
1718 1347 1964 1428 judicio
2002 1347 2113 1410 Dei
2159 1347 2404 1429 primus

1070 1445 1421 1527 promeruit
1464 1463 1731 1527 regnum
1776 1445 1999 1527 populi
2044 1446 2259 1519 Israel,
2300 1445 2406 1507 de-

904 1543 1113 1624 jectus
1156 1551 1253 1606 est
1289 1561 1485 1623 regno
1524 1544 1825 1626 quoniam
1868 1544 2129 1607 oculum
2170 1545 2405 1606 discre—

906 1642 1099 1704 tionis
1163 1642 1357 1723 hujus
1414 1660 1541 1705 non
1604 1641 1848 1717 habuit,
1914 1650 2214 1723 tanquam
2275 1650 2404 1705 toto

909 1758 1171 1821 corpore
1214 1739 1607 1803 tenebrosus.
1643 1741 1933 1822 Dumque
1974 1759 2051 1802 ex
2082 1740 2277 1822 hujus
2309 1741 2404 1801 lu-

1638 492 2054 539 coLLA'rIONtm
2097 492 2181 538 SS.
2220 492 2464 537 PATRUM
2505 492 2680 539 LIBER
2720 492 2760 537 1.
2805 510 2888 521 ·—
2925 491 3212 541 COLLATIO
3251 495 3298 541 11

2519 775 2648 819 non
2709 758 3100 821 circumdata
3157 759 3409 840 muris),
3461 760 3553 822 sic
3609 768 3704 821 est
3752 760 3854 821 vir
3906 780 4026 841 qui

2519 873 2645 918 non
2689 874 2838 918 cum
2879 856 3146 919 consilio
3188 858 3430 939 aliquid
3470 858 3614 938 agit.
3649 857 3846 937 Cujus
3892 858 4034 919 dis-

2520 954 2819 1016 cretionis
2852 954 3124 1035 privatio
3154 975 3346 1037 quam
3387 955 3742 1037 perniciosa
3768 956 3852 1017 sit
3883 974 4028 1018 mo-

2519 1051 2744 1125 nacho,
2777 1052 3000 1133 pandit
3048 1054 3392 1115 auctoritas
3439 1053 3726 1133 allegata,
3764 1070 4032 1135 compa-

2519 1150 2714 1212 rando
2744 1169 2892 1212 eum
2932 1150 3175 1213 civitati
3215 1169 3343 1214 non
3386 1158 3649 1213 muratae
3685 1170 3761 1213 ac
3789 1151 4028 1215 dirutae

2517 1266 2630 1308 seu
2673 1247 2985 1330 collapsae.
3021 1249 3092 1310 In
3131 1249 3516 1311 discretione
3554 1267 3830 1330 namque
3871 1268 4032 1312 con-

2515 1345 2684 1405 sistit
2741 1346 3054 1427 sapientia
3102 1354 3165 1408 et
3215 1347 3576 1409 intellectus
3634 1364 3708 1408 ac
3763 1364 4024 1421 sensuS,

2517 1443 2654 1505 sine
2686 1443 2920 1524 quibus
2952 1462 3078 1506 non
3119 1452 3327 1526 potest
3367 1444 3631 1507 interior
3664 1452 3877 1507 noster
3905 1445 4026 1506 ho-

2515 1559 2617 1603 mo
2647 1541 3002 1623 spirituales
3034 1543 3250 1605 domus
3281 1541 3600 1605 aedificare
3629 1561 3829 1625 neque
3859 1544 4023 1606 divi-

2516 1638 2636 1700 tias
2667 1657 3068 1720 congregare,
3083 1641 3266 1721 juxta
3296 1640 3453 1703 illud
3474 1642 3667 1705 :Cum
3697 1642 4022 1723 sapientia
4069 1664 4288 1715 namu.

4045 1729 4087 1770 3.
4107 1730 4148 1768 4.

2515 1735 2870 1798 aedificatur
2917 1738 3167 1811 domuS,
3207 1746 3272 1800 et
3319 1756 3468 1801 cum
3517 1738 3844 1800 intellectu
3885 1740 4020 1801 eri·

909 1856 1115 1901 cernae
1164 1838 1417 1900 defectu
1460 1839 1764 1919 deceptus
1808 1845 1904 1901 est
1945 1856 2157 1901 errore
2203 1858 2274 1900 ac
2321 1847 2404 1901 te·
2440 1837 2487 1899 B
2515 1834 2717 1913 gitur3
2751 1853 2899 1896 cum
2937 1854 3127 1897 sensu
3161 1835 3511 1917 implentur
3539 1836 3767 1899 solaria
3803 1837 4016 1900 omni-

907 1937 1145 2011 nebris‚
1180 1937 1428 2019 putavit
1462 1936 1778 1999 sacrificia
1811 1956 1925 1998 sua
1958 1938 2086 1999 Deo
2124 1956 2264 1999 esse
2300 1956 2401 1999 ac-

907 2034 1341 2116 ceptabiliora,
1383 2054 1574 2117 quam
1618 2034 2045 2097 obedientiam
2097 2036 2400 2098 exhibere

906 2132 1217 2195 Samuelis
1258 2133 1593 2216 praeceptis
1628 2151 1641 2195 :
1676 2133 1897 2215 sicque
1936 2152 2013 2195 ex
2050 2133 2157 2194 illa
2197 2142 2395 2215 parte,

905 2238 1060 2313 puta
1104 2231 1446 2305 oblatione,
1482 2232 1683 2313 magis
1726 2232 1994 2294 incurrit
2035 2232 2147 2294 Dei
2195 2233 2399 2295 offen-

902 2347 1061 2403 sam,
1101 2348 1179 2391 ex
1217 2350 1343 2411 qua
1382 2338 1743 2411 speraverat
1783 2330 2064 2392 divinam
2106 2330 2400 2411 majesta-

902 2434 1034 2488 tem
1092 2426 1214 2489 sibi
1276 2427 1667 2509 placandam.
1720 2428 1985 2509 Insuper
2044 2428 2398 2509 ignorantia

902 2525 1305 2587 discretionis
1358 2526 1539 2588 istius
1586 2526 1742 2587 fecit
1783 2526 2000 2588 Achab
2049 2544 2262 2607 regem
2312 2528 2396 2589 ls-

901 2623 1054 2697 rael,
1088 2630 1232 2704 post
1263 2623 1814 2705 praeclarissimam
1857 2622 2030 2685 illam
2063 2624 2395 2686 victoriam

901 2720 1025 2783 sibi
1069 2728 1287 2784 contra
1328 2740 1542 2803 regem
1586 2722 1779 2805 Syriae
1820 2721 2200 2784 mirabiliter
2241 2742 2400 2803 prae-

901 2819 1138 2893 stitam,
1173 2820 1429 2883 credere
1462 2820 1790 2883 meliorem
1825 2838 1963 2882 esse
1995 2840 2174 2883 suam
2209 2822 2399 2883 mise-

900 2917 1262 2992 ricordiam,
1295 2936 1486 3000 quam
1526 2937 1810 2981 severam
1851 2919 2051 2980 divini
2096 2919 2395 3000 praecepti

2516 1931 2636 1995 bus
2694 1933 2935 1995 divitiis
2993 1942 3056 1995 et
3113 1934 3296 1997 bonis
3357 1935 3670 2017 pretiosis,
3724 1935 4016 2017 Denique

2515 2030 2814 2094 discretio
2857 2040 2954 2094 est
2995 2032 3237 2095 solidus
3279 2033 3483 2107 cibus,
3517 2034 3627 2115 qui
3667 2034 3836 2096 sumi
3879 2051 4012 2095 non

2515 2136 2722 2209 potest
2751 2129 2876 2192 nisi
2913 2149 2952 2193 a
2991 2129 3262 2193 fortibus
3297 2139 3360 2193 et
3397 2130 3720 2214 perfectiS,
3755 2132 4012 2193 dicente

2511 2228 2810 2308 Apostolo
2849 2247 2862 2290 :
2899 2228 3324 2292 perfectorum
3369 2237 3583 2292 autem
3625 2240 3723 2292 est
3765 2230 4010 2294 solidus
4039 2260 4284 2310 ρώπως,

2511 2324 2716 2400 cibuS,
2749 2344 2970 2389 eorum
3015 2328 3124 2409 qui
3170 2346 3287 2409 pro
3326 2328 3786 2391 consuetudine
3829 2347 4010 2391 exer·

2511 2423 2733 2486 citatos
2763 2424 3000 2487 habent
3039 2444 3263 2488 sensus
3299 2426 3378 2487 ad
3416 2425 3870 2488 discretionem
3899 2426 4013 2490 bo—

2510 2522 2575 2583 ni
2608 2530 2670 2584 et
2699 2523 3031 2597 mali.Quae
3061 2524 3126 2585 in
3158 2531 3403 2587 tantum
3432 2524 3618 2587 nobis
3651 2527 4011 2588 necessaria

2510 2620 2813 2702 utilisque
2860 2621 3184 2704 probatur,
3219 2628 3289 2684 ut
3327 2622 3519 2684 etiam
3565 2631 3900 2704 coaptetur
3934 2643 4009 2686 ac

2508 2726 2826 2799 competat
2863 2719 3069 2782 Verbo
3104 2720 3216 2782 Dei
3263 2721 3543 2783 increato
3579 2728 3770 2803 atque
3809 2722 4009 2784 virtu·

2509 2816 2678 2877 tibus
2736 2817 2900 2897 ejus,
2961 2819 3315 2880 secundum
3379 2818 3536 2881 illud
3585 2836 3600 2880 :
3655 2820 3852 2882 Vivus
3909 2828 4005 2881 est
4029 2840 4286 2889 manaa

2505 2915 2677 2976 enim
2728 2933 2937 2978 sermo
2980 2916 3090 2978 Dei
3133 2924 3197 2977 et
3243 2916 3496 2992 efficax,
3529 2926 3593 2979 et
3641 2918 4003 3000 penetrabi-

898 3017 1394 3092 exsecutionem,
1420 3017 1587 3099 quod
1619 3018 1743 3079 sibi
1776 3016 2108 3079 videbatur
2138 3017 2394 3079 crudele
2431 3018 2474 3081 C
2507 3012 2625 3075 lior
2653 3014 2826 3076 omni
2858 3014 3066 3095 gladio
3094 3014 3467 3096 ancipiti,ac
3501 3017 3870 3097 pertingens
3903 3036 4005 3077 us-

900 3114 1263 3197 imperium.
1328 3115 1459 3188 Qua
1522 3115 2023 3178 consideratione
2085 3115 2391 3188 mollituS,

895 3212 1051 3274 dum
1082 3212 1285 3275 voluit
1314 3219 1642 3275 cruentam
1673 3213 2007 3276 victoriam
2038 3220 2394 3295 temperare

897 3310 1256 3386 clementia,
1290 3311 1625 3373 damnatus
1662 3320 1757 3373 est
1793 3312 2193 3375 irrevocabili
2232 3328 2395 3374 mor-

896 3414 980 3482 te,
1013 3409 1212 3471 veluti
1244 3416 1375 3473 toto
1413 3426 1677 3491 corpore
1709 3410 2081 3472 tenebrosus
2120 3409 2393 3473 effectus

896 3514 1156 3590 propter
1196 3507 1603 3571 indiscretam
1638 3509 2139 3572 misericordiam
2182 3528 2384 3571 suam.

1302 3734 1805 3799 CAPITULUM
1870 3735 1985 3799 IV.

966 3856 1112 3925 Quae
1139 3854 1492 3928 referantur
1520 3857 1589 3913 in
1616 3858 1846 3913 sanctis
1873 3857 2220 3929 Scripturia
2249 3858 2322 3913 de

1350 3945 1499 4003 bono
1525 3946 1936 4003 discretionis.

1045 4098 1172 4162 AEC
1212 4104 1308 4160 est
1345 4097 1646 4160 discretio
1684 4116 1825 4179 quae
1864 4105 2273 4182 nuncupatur
2313 4098 2391 4160 ab

2505 3129 2629 3192 que
2658 3112 2737 3173 ad
2769 3112 3147 3175 divisionem
3179 3113 3409 3176 animae
3437 3121 3500 3175 et
3529 3114 3817 3196 spirituS,
3837 3132 4006 3177 com-

2503 3226 2736 3290 pagum
2767 3228 3022 3292 quoque
3051 3217 3114 3272 et
3144 3211 3583 3286 medullarum,
3601 3221 3665 3273 et
3693 3212 4003 3275 discretor

2503 3308 2958 3387 cogitationum
2989 3316 3052 3371 et
3093 3309 3519 3372 intentionum
3560 3309 3787 3373 cordis.
3825 3310 4002 3373 Unde

2501 3404 2833 3467 manifeste
2864 3407 3240 3481 ostenditur,
3259 3405 3503 3468 nullam
3533 3407 3830 3469 virtutem
3865 3424 4006 3490 pos-

2503 3521 2571 3564 se
2620 3511 2785 3566 stare
2826 3512 2936 3566 aut
2979 3504 3206 3587 perfici
3247 3506 3384 3567 sine
3426 3506 3826 3568 discretione.
3871 3506 4003 3569 Sic-

2504 3619 2628 3682 que
2667 3602 3009 3664 definitum
3049 3610 3144 3666 est
3183 3602 3496 3666 sententia
3535 3602 3702 3665 beati
3739 3602 4002 3667 Antonii

2501 3699 2901 3783 aliorumque
2951 3702 3296 3777 seniorum,
3341 3703 3510 3784 quod
3558 3703 3862 3766 discretio
3911 3704 4008 3766 in-

2503 3799 2825 3880 trepidum
2863 3801 3248 3864 monachum
3291 3800 3597 3882 perducat
3629 3799 3764 3863 fixo
3799 3802 4004 3882 gradu

2502 3899 2581 3960 ad
2619 3899 2842 3973 Deum,
2877 3907 2940 3961 et
2983 3899 3316 3979 praedictas
3354 3898 3624 3961 virtutes
3669 3908 4006 3962 conservet

2504 4015 2758 4077 semper
2796 3996 3066 4061 illaesas:
3102 4015 3250 4059 cum
3291 4015 3415 4078 qua
3457 3997 3534 4059 ad
3575 3996 3824 4059 excelsa
3864 4015 4006 4078 per-

2502 4092 2798 4156 fectionis
2829 4094 3096 4175 vestigia
3125 4094 3357 4157 minori
3387 4093 3756 4175 fatigatione
3784 4113 4002 4156 ascen-

1072 4195 1393 4278 Apostolo,
1442 4212 1570 4257 non
1612 4195 1820 4257 solum
1863 4196 2122 4257 lucerna
2171 4213 2392 4287 corpo·
2423 4197 2472 4259 D
2503 4191 2786 4265 datur,et
2816 4192 2955 4254 sine
2984 4212 3107 4274 qua
3138 4192 3320 4253 multi
3352 4192 3544 4254 etiam
3574 4191 3998 4254 abundantius

894 4296 1004 4370 riS,
1056 4296 1165 4358 sed
1213 4294 1406 4357 etiam
1456 4294 1571 4369 sol,
1614 4294 1797 4375 juxta
1842 4293 2002 4356 illud
2048 4311 2061 4355 :
2107 4294 2211 4357 Sol
2263 4312 2391 4356 non

894 4394 1137 4457 occidat
1198 4411 1391 4475 super
1450 4392 1843 4454 iracundiam
1894 4400 2192 4453 vestram.
2247 4392 2391 4455 Haec

894 4492 1087 4556 etiam
1132 4492 1365 4555 dicitur
1404 4490 1782 4572 gubernatio
1823 4490 1969 4553 vitae
2013 4499 2265 4566 nostrae,
2299 4510 2392 4554 se-

894 4590 1177 4651 cundum
1210 4588 1371 4651 illud
1394 4605 1409 4650 :
1432 4586 1675 4661 Quibus
1706 4603 1833 4650 non
1862 4596 1959 4650 est
1980 4588 2385 4669 gubernatio,

893 4687 1119 4749 cadent
1149 4686 1316 4749 sicut
1354 4685 1526 4749 folia.
1561 4685 1705 4748 Haec
1736 4702 1989 4767 quoque
2027 4687 2386 4752 rectissime

891 4784 1259 4847 nominatur
1298 4782 1661 4857 consilium,
1696 4782 1834 4844 sine
1877 4801 2004 4864 quo
2042 4784 2204 4846 nihil
2247 4804 2391 4867 per-

892 4882 1209 4945 mittimur
1238 4899 1445 4963 agere,
1475 4881 1827 4943 secundum
1859 4881 2275 4963 Scripturam‚
2304 4884 2390 4947 ita

890 4989 961 5043 ut
1008 4980 1147 5043 sine
1197 4978 1626 5041 moderatione
1673 4978 1877 5059 ipsius
1926 4995 2051 5042 non
2101 4981 2389 5044 sinamur

890 5078 1221 5161 percipere
1268 5076 1598 5159 spirituale
1628 5076 1851 5139 vinum
1894 5078 2063 5158 quod
2103 5079 2387 5143 laetificat

891 5194 1019 5249 cor,
1070 5177 1321 5239 dicente
1370 5174 1694 5256 Scriptura
1748 5191 1761 5235 :
1816 5174 2040 5237 Omnia
2086 5176 2186 5237 fac
2235 5195 2382 5241 cum

891 5274 1181 5348 consilio,
1214 5280 1277 5336 et
1319 5291 1469 5335 cum
1513 5271 1782 5335 consilio
1821 5270 2047 5335 vinum
2093 5272 2280 5354 bibe3
2321 5284 2385 5338 et

2505 4289 2880 4365 laboranteS,
2929 4290 3336 4371 nequiverint
3379 4290 3690 4371 attingere
3737 4289 3994 4352 culmen

2502 4387 2930 4469 perfectionis.
2948 4388 3256 4450 Discretio
3280 4405 3557 4469 namque
3585 4394 3682 4449 est
3711 4388 3996 4450 omnium

2501 4485 2812 4547 virtutum
2853 4494 3054 4548 mater
3093 4492 3159 4547 et
3196 4491 3408 4547 custos
3447 4492 3510 4547 et
3545 4484 3948 4548 moderatrix.

2926 4710 3430 4775 CAPITULUM
3477 4710 3556 4773 V.

2824 4831 2910 4887 De
2949 4837 3137 4888 morte
3179 4832 3438 4887 Heroni-s
3475 4831 3659 4886 senis.

2637 4983 2682 5045 T
2725 4991 2939 5045 autem
2980 5002 3202 5046 recens
3243 4983 3609 5066 exemplum
3653 4982 3990 5046 confirmet

2653 5082 2941 5144 eamdem
2982 5082 3576 5145 determinationem
3617 5100 3728 5143 seu
3761 5081 3990 5144 doctri-

2493 5198 2643 5241 nam
2692 5198 2729 5241 a
2778 5180 2962 5242 beato
3007 5178 3280 5241 Antonio
3327 5196 3402 5239 ac
3451 5180 3680 5241 ceteris
3728 5178 3986 5241 senibus

2493 5277 2982 5360 promulgatam,
3037 5275 3294 5339 recolite
3350 5277 3523 5358 quod
3577 5294 3789 5358 nuper
3845 5293 3982 5358 pro-
