4359 6267
163 1209 236 1250 1¹⁸.
257 1221 410 1258 xxxiv,

149 1275 204 1314 10.

173 2787 252 2828 Ρε.
275 2801 416 2836 mxu,

161 3183 316 3228 Recte.
335 3199 420 3234 vu.

141 3251 162 3274 ο

135 4661 248 4705 Lae.
261 4661 427 4708 xudi-

1102 531 1518 580 coust-‘nonum
1561 533 1647 577 SS.
1683 532 1923 578 PATRUM
1965 531 2138 576 LIBER
2181 531 2245 577 11.
2290 549 2371 559 —
2409 530 2697 579 coum-'no
2738 531 2891 576 xxm

872 759 1379 824 CAPITULUM
1444 760 1526 823 V.

523 907 834 963 Neminem
861 923 1082 964 summo
1114 907 1216 962 illi
1247 907 1398 964 bono
1428 908 1724 963 intentum
1754 921 1878 962 esse

965 996 1211 1070 J'uqiter
1231 1013 1428 1070 posse.

618 1290 958 1352 fortiorum
991 1291 1154 1372 ejus,
1187 1299 1250 1352 et
1287 1309 1558 1371 egenum
1601 1309 1672 1353 ac
1719 1309 1949 1372 paupe-

445 1409 586 1452 rem
629 1409 667 1451 a
707 1389 1161 1472 diripientibus
1204 1409 1350 1452 eum
1380 1407 1396 1469 ;
1428 1391 1574 1471 quis
1617 1397 1948 1452 conterens

449 1488 654 1550 molas
705 1489 1101 1571 iniquorum,
1154 1497 1214 1550 et
1262 1489 1340 1550 de
1391 1488 1601 1550 medio
1658 1486 1944 1549 dentium

443 1605 670 1650 eorum
727 1588 980 1668 rapinas
1028 1595 1434 1668 extorquenS‚
1485 1585 1952 1667 contempletur

443 1684 718 1764 gloriam
755 1685 1104 1766 majestatis
1134 1685 1364 1747 divinae
1397 1692 1608 1746 mente
1645 1683 1950 1765 tranquil-

447 1784 510 1845 la
549 1783 614 1844 in
663 1783 1036 1864 hujusmodi
1085 1786 1321 1865 opere?
1359 1783 1509 1856 Quis
1561 1781 1948 1864 pauperibus

451 1188 724 1390 QUIS
767 1192 942 1254 enim
993 1192 1274 1274 eripiens
1321 1192 1576 1274 inopem
1627 1193 1704 1254 de
1754 1211 1946 1255 manu

3428 509 3550 574 403

1974 699 2025 762 A
2053 699 2497 781 Apostolorum
2538 720 2552 764 :
2589 700 2717 782 Ipsi
2760 700 2937 762 scitis
2979 700 3129 782 quia
3169 700 3248 762 ad
3290 719 3365 760 ea
3406 717 3548 780 quae
3576 715 3843 768 Ace.xx,2t.

2057 797 2215 860 mihi
2258 815 2419 879 opus
2462 807 2663 872 erant,
2696 806 2759 860 et
2803 799 2901 860 his
2943 798 3051 881 qui
3088 817 3340 860 mecum
3375 803 3543 870 sunt,

2058 895 2579 958 ministraverunt
2614 915 2828 958 manus
2860 897 3013 959 istae.
3042 895 3551 959 Thessalonicen-

2055 994 2237 1056 sibus
2276 1013 2529 1078 quoque
2569 993 2879 1068 scribens,
2920 1002 3186 1056 testatur
3225 1014 3293 1057 se
3331 1010 3843 1076 opera-nrumn11,

2059 1101 2194 1154 tum
2232 1092 2430 1156 fuisse
2472 1094 2538 1157 in
2578 1093 2789 1156 labore
2828 1102 2889 1156 et
2933 1093 3299 1175 fatigatione
3337 1093 3440 1156 die
3477 1111 3552 1155 ac
3580 1076 3621 1116 ⁸·

2061 1200 2285 1270 nocte3
2317 1199 2381 1254 et
2414 1192 2709 1274 quamvis
2744 1211 2860 1275 per
2898 1211 3089 1273 opera
3127 1191 3237 1254 illa
3274 1192 3547 1254 multum

2060 1292 2385 1364 meruerit,
2418 1299 2630 1353 tamen
2673 1311 2851 1354 mens
2890 1290 3051 1370 ejuS‚
3085 1291 3233 1353 licet
3274 1291 3552 1354 solennis

2058 1395 2120 1448 et
2169 1396 2407 1462 sancta,
2458 1407 2585 1451 non
2638 1389 2847 1472 potuit
2892 1389 3235 1471 aliquando
3282 1407 3408 1451 non
3460 1408 3553 1451 re-

2065 1488 2223 1550 trahi
2265 1507 2302 1549 a
2340 1488 2583 1551 theoria
2622 1487 2887 1562 coelesti,
2922 1488 3339 1570 occupatione
3376 1496 3553 1550 actus

2059 1587 2317 1647 terreni.
2360 1586 2685 1661 Praeterea,
2728 1587 2880 1648 dum
2927 1595 3210 1649 cerneret
3257 1606 3324 1649 se
3367 1586 3551 1649 ditari

2060 1683 2378 1746 fructibus
2429 1685 2619 1746 tantis
2668 1704 2741 1746 ac
2793 1684 3047 1756 talibus,
3097 1694 3159 1747 et
3212 1703 3555 1748 econverso

2061 1791 2354 1865 pensaret
2409 1784 2597 1846 corde
2648 1783 2885 1846 bonum
2938 1784 3084 1846 vitae
3137 1784 3451 1856 theoricae,
3493 1792 3556 1846 et

441 1881 822 1942 alimoniam
853 1880 1370 1954 subministrans,
1402 1888 1510 1942 aut
1537 1880 1947 1942 advenientes
1985 1879 2241 1962 Bquasi
2294 1881 2358 1941 in
2409 1900 2534 1942 una
2594 1881 2774 1942 lance
2829 1882 3213 1963 appenderet
3273 1881 3553 1944 fructum

447 1979 732 2041 humane
781 1979 1162 2060 suseipiem,
1209 1979 1574 2060 speculetur
1625 1978 1949 2040 immensi-

445 2087 644 2142 tatem
701 2077 1116 2141 beatitudinis
1175 2079 1470 2141 increatae
1525 2096 1602 2141 eo
1662 2085 1947 2159 tempore

445 2195 578 2260 quo
607 2177 884 2239 sollicita
915 2184 1128 2240 mente
1166 2177 1548 2240 distenditur
1579 2195 1694 2258 pro
1736 2194 1950 2238 neces-

441 2276 746 2339 sitatibus
778 2277 1250 2358 proximorum3
1273 2276 1556 2357 dumque
1587 2275 1948 2337 concutitur

443 2374 761 2456 angustiis
796 2375 942 2437 vitae
977 2374 1327 2456 praesentis,
1367 2373 1710 2455 prospiciat
1747 2372 1943 2434 futuri

445 2473 669 2536 saeculi
717 2481 955 2535 statum
1005 2474 1190 2536 corde
1239 2493 1276 2535 a
1323 2473 1591 2534 terrenis
1640 2471 1946 2552 contagiis

445 2573 742 2636 elevato?
789 2572 948 2633 Hinc
997 2579 1250 2634 sanctus
1301 2572 1495 2634 David
1546 2572 1779 2632 docens
1828 2570 1948 2632 hoc

449 2670 658 2732 solum
725 2689 866 2732 esse
935 2669 1180 2732 homini
1239 2669 1506 2742 bonum,
1567 2668 1948 2731 desideravit

451 2769 582 2831 Deo
615 2769 856 2850 jugiter
895 2769 1201 2831 inhaerere
1236 2788 1249 2832 :
1283 2769 1456 2842 Mihi,
1491 2767 1809 2850 inquienS,
1843 2767 1946 2828 ad-

453 2868 694 2930 haerere
735 2868 864 2930 Deo
903 2867 1142 2930 bonum
1185 2875 1304 2940 est,
1346 2885 1582 2949 ponere
1626 2866 1691 2928 in
1734 2865 1944 2928 Domi-

453 2985 538 3028 no
594 2967 722 3029 Deo
781 2985 960 3048 spem
1019 2984 1248 3028 meam.
1302 2965 1477 3039 Quod
1538 2964 1946 3026 Ecclesiastes

2059 1986 2381 2041 tantorum
2436 1979 2745 2052 laborum,
2796 1988 2985 2061 atque
3036 1980 3101 2042 in
3148 1979 3345 2043 altera
3392 1980 3559 2042 dele-

2059 2079 2401 2140 ctationem
2444 2087 2507 2140 et
2545 2078 2825 2140 fructum
2868 2079 3424 2160 contemplationis
3464 2080 3555 2141 di-

2057 2179 2265 2255 vinae3
2302 2185 2441 2258 post
2477 2177 2729 2257 longam
2769 2177 3300 2240 examinationem
3340 2197 3414 2239 ac
3454 2179 3557 2240 de-

2061 2276 2522 2349 liberationem,
2546 2276 2697 2337 dum
2734 2277 3047 2338 immensa
3076 2277 3296 2339 merita
3328 2275 3556 2339 laboris

2057 2374 2209 2436 hinc
2234 2394 2380 2436 eum
2408 2375 2743 2448 delectant,
2771 2374 2946 2436 illinc
2971 2375 3357 2437 desiderium
3385 2375 3559 2436 unio-

2057 2473 2156 2534 nis
2187 2481 2250 2535 et
2282 2473 2723 2555 inseparabilis
2754 2473 3186 2536 associationis
3213 2493 3359 2535 cum
3389 2473 3557 2536 Chri-

2057 2579 2155 2634 sto
2198 2590 2345 2633 eum
2393 2571 2617 2634 invitat
2661 2572 2853 2635 etiam
2898 2572 2975 2633 ad
3021 2571 3472 2635 resolutionem
3518 2590 3555 2632 a

2058 2687 2270 2739 carne,
2311 2669 2537 2730 anxius
2581 2669 2809 2730 clamat
2845 2690 2858 2733 :
2903 2670 3059 2743 Quid
3104 2670 3333 2750 eligam
3382 2669 3554 2750 igno-
3598 2683 3846 2740 Philippa.

2059 2785 2149 2838 ro,
2195 2774 2478 2829 coarctor
2527 2767 2699 2829 enim
2754 2787 2791 2829 a
2841 2767 3112 2841 duobuS,
3164 2767 3550 2829 desiderium
3582 2751 3720 2792 ²²⁴⁴·

2058 2865 2299 2927 habens
2330 2865 2591 2929 dissolvi
2631 2875 2693 2928 et
2732 2884 2869 2928 esse
2908 2884 3055 2927 cum
3094 2865 3361 2940 Christ0,
3398 2866 3555 2927 mul·

2061 2971 2122 3026 to
2161 2963 2334 3026 enim
2379 2965 2641 3044 melius;
2672 2982 3044 3046 permanere
3082 2971 3293 3026 autem
3328 2964 3393 3026 in
3423 2983 3555 3026 car·-

452 3083 710 3148 quoque
756 3064 1026 3127 asseruit
1068 3083 1104 3126 a
1149 3065 1405 3127 nemine
1450 3064 1766 3145 justorum
1815 3062 1948 3125 sive
1986 3067 2028 3128 C
2062 3082 2139 3125 ne
2184 3064 2612 3126 necessarium
2660 3071 2917 3146 propter
2960 3081 3091 3126 voS.

451 3173 822 3227 sanctorum
861 3163 1086 3244 pertici
1130 3181 1336 3244 posse,
1370 3163 1590 3224 dicens
1624 3179 1638 3224 ε
1679 3161 1813 3224 Non
1856 3169 1950 3223 est

455 3265 646 3326 homo
693 3263 906 3343 justus
956 3262 1020 3324 in
1069 3269 1236 3323 terra
1281 3261 1392 3343 qui
1446 3260 1636 3322 faciat
1684 3259 1947 3334 bonum,

453 3368 516 3422 et
555 3379 682 3424 non
723 3368 964 3441 peccet.
1003 3359 1154 3433 Quis
1196 3361 1368 3422 enim
1415 3359 1479 3420 in
1526 3359 1644 3421 hoc
1687 3376 1949 3440 corpore

453 3461 711 3541 degens,
762 3459 1056 3540 quamvis
1115 3458 1277 3520 inter
1329 3466 1578 3520 sanctos
1634 3466 1697 3519 et
1746 3458 1952 3537 justos

454 3565 656 3620 exstet
695 3558 1079 3640 praecipu11S,
1113 3557 1334 3639 utique
1375 3557 1651 3638 possedit
1691 3563 1819 3619 tam
1864 3555 1954 3616 in-

455 3654 822 3717 desinenter
880 3661 941 3716 et
998 3654 1331 3716 actualiter
1386 3653 1626 3716 bonum
1687 3654 1830 3726 hoc,
1883 3659 1952 3714 ut

453 3772 584 3818 non
643 3754 722 3814 sit
785 3752 1107 3815 interdum
1162 3753 1502 3814 distractus
1551 3752 1630 3814 ab
1681 3751 1790 3814 illo
1839 3771 1953 3833 per

455 3852 872 3933 cogitationes
913 3859 1192 3914 terrenas
1236 3871 1249 3914 ε
1293 3851 1402 3934 qui
1446 3870 1773 3932 nunquam
1815 3869 1952 3931 ges-

455 3951 610 4013 serit
653 3969 876 4012 curam
922 3948 1200 4033 aliquam
1249 3950 1608 4012 indumenti
1651 3958 1761 4012 aut
1806 3949 1954 4012 alia-

455 4069 598 4112 rum
640 4069 860 4112 rerum
903 4047 1290 4128 carnalium3
1332 4050 1442 4131 qui
1485 4069 1812 4132 nunquam
1860 4048 1954 4111 fu-

454 4148 577 4212 erit
611 4148 924 4212 sollicitus
964 4149 1041 4211 de
1083 4149 1362 4211 Fratrum
1412 4149 1838 4230 susceptione,
1875 4148 1952 4209 de

2142 3162 2347 3234 Quum
2397 3162 2591 3244 igitur
2634 3161 3076 3224 excellentiam
3132 3161 3389 3225 theoriae
3443 3180 3555 3224 seu

2063 3261 2619 3342 contemplationis
2680 3259 3120 3342 multipliciter
3178 3260 3559 3342 praetulisset

2063 3358 2311 3420 cunctis
2364 3357 2681 3420 fructibus
2737 3378 2866 3421 suae
2916 3358 3405 3440 pra-dicationis,
3456 3358 3557 3419 ni-

2065 3457 2199 3519 hilo
2246 3457 2459 3518 minus
2510 3457 2745 3520 intuitu
2796 3457 3073 3520 caritatis
3115 3457 3431 3531 fraternae,
3480 3459 3559 3519 si-

2065 3575 2144 3618 ne
2194 3577 2319 3639 qua
2368 3575 2556 3620 nemo
2620 3559 2819 3620 Deum
2882 3566 3183 3630 meretur,
3238 3556 3560 3619 submittit

2064 3676 2152 3730 se,
2200 3675 2316 3720 nec
2360 3665 2607 3719 recusat
2644 3656 3013 3719 dilationem
3053 3676 3090 3718 a
3130 3656 3379 3720 Christo
3419 3657 3558 3736 (no-

2066 3756 2274 3818 civam
2305 3754 2450 3828 sibi,
2485 3755 2594 3817 sed
2629 3754 3049 3817 necessariam
3092 3755 3264 3837 aliis)
3302 3761 3559 3836 propter

2066 3854 2208 3916 illos
2248 3853 2483 3935 quibus
2521 3854 2729 3916 adhuc
2771 3853 3182 3935 immulgebat
3216 3852 3413 3915 instar
3442 3873 3556 3914 nu-

2065 3953 2241 4015 tricis
2294 3953 2388 4014 lac
2436 3971 2548 4034 per
2597 3951 2960 4033 evangelica
3008 3952 3223 4015 ubera.
3272 3952 3556 4034 Denique

2063 4053 2139 4114 ad
2192 4051 2553 4133 eligendam
2601 4051 2764 4113 hanc
2822 4060 3064 4132 partem
3120 4051 3412 4112 inductus
3460 4057 3557 4111 est

2065 4151 2267 4214 nimia
2298 4151 2406 4213 illa
2437 4151 2670 4233 pietate
2700 4157 2763 4211 et
2802 4150 3083 4222 caritate,
3117 4167 3241 4230 qua
3280 4167 3393 4230 pro
3433 4148 3554 4211 fra-

455 4247 581 4310 loci
629 4247 1004 4320 mutatione,
1058 4247 1136 4308 de
1184 4246 1430 4309 cellulae
1477 4246 1899 4309 aedit'icatione
1935 4264 1950 4324 ;
1983 4254 2032 4315 D
2063 4257 2233 4311 trum
2288 4250 2490 4311 salute
2546 4255 2823 4330 optasset
2877 4247 3199 4310 incurrere
3253 4247 3550 4308 ultimum

453 4355 564 4410 aut
594 4364 723 4409 non
755 4345 1151 4427 concupierit
1188 4345 1466 4427 aliquam
1509 4361 1696 4427 opem
1729 4345 1951 4407 huma-

455 4445 522 4508 ni
564 4443 870 4522 subsidii3
903 4463 1110 4525 neque
1151 4451 1413 4506 vexatus
1453 4443 1782 4505 sterilitate
1824 4443 1953 4506 ino-

455 4544 600 4625 piae.
645 4542 988 4604 incurrerit
1024 4543 1403 4606 sententiam
1456 4542 1632 4604 illam
1672 4542 1954 4624 increpa-

457 4643 650 4706 tionis
687 4641 1029 4704 dominicae
1063 4659 1078 4703 :
1120 4641 1209 4704 Ne
1249 4641 1502 4705 solliciti
1543 4642 1683 4704 sitis
1723 4640 1952 4704 animae

453 4748 680 4804 vestrae
741 4739 895 4822 quid
958 4740 1378 4814 manducetis,
1433 4759 1640 4822 neque
1701 4740 1950 4822 corpori

451 4847 664 4902 vestro
724 4839 881 4921 quid
943 4837 1353 4900 induamini?
1403 4838 1688 4920 Denique
1747 4837 1950 4901 confi-

450 4940 678 5002 denter
717 4937 1016 5012 dicimus,
1056 4937 1469 5007 adstruimuS‚
1502 4937 1764 4998 Paulum
1807 4955 1954 5019 apo-

451 5038 714 5110 stolum,
779 5037 890 5118 qui
953 5036 1408 5100 numerositate
1467 5035 1945 5098 tribulationum

451 5155 716 5199 suarum
750 5142 1108 5198 excesserat
1135 5135 1425 5199 omnium
1459 5135 1833 5198 Sanctorum
1867 5137 1950 5199 la-

451 5233 700 5310 borem,
737 5233 907 5296 istud
949 5252 1354 5316 nequaquam
1394 5233 1715 5315 implesse,
1751 5254 1948 5316 quum

453 5332 728 5416 ipsemet
779 5338 1164 5415 protestetur
1204 5331 1538 5414 discipulis
1581 5331 1647 5393 in
1688 5332 1952 5395 Actibus

2061 4348 2417 4420 anathema,
2461 4347 2515 4408 si
2558 4346 2781 4409 fuisset
2822 4346 3124 4427 possibile
3161 4365 3174 4409 :
3220 4344 3548 4426 Optabam,
3592 4364 3843 4412 amma,

2063 4447 2293 4528 inquit,
2338 4464 2455 4527 ego
2498 4446 2634 4527 ipse
2678 4445 3013 4507 anathema
3055 4463 3193 4506 esse
3231 4464 3268 4506 a
3306 4443 3553 4507 Christo
3582 4430 3622 4469 ⁴·

2063 4563 2178 4627 pro
2223 4544 2525 4607 fratribus
2572 4544 2753 4619 meiS,
2787 4545 2897 4626 qui
2943 4552 3090 4607 sunt
3136 4544 3379 4624 cognati
3428 4544 3549 4607 mei

2061 4643 2414 4704 secundum
2446 4659 2725 4712 carnem,
2758 4641 2866 4722 qui
2900 4649 3049 4703 sunt
3076 4641 3404 4720 Israelitae3
3434 4643 3553 4705 hoc

2061 4750 2177 4814 est,
2228 4740 2519 4803 volebam
2570 4758 2695 4802 non
2746 4740 2952 4802 solum
2998 4741 3203 4802 addici
3248 4749 3559 4824 tempora-

2064 4839 2254 4914 libus,
2288 4839 2399 4901 sed
2428 4839 2618 4900 etiam
2654 4838 2978 4919 perpetuis
3010 4839 3238 4920 poeniS,
3272 4840 3559 4902 dummo-

2063 4938 2163 5009 do,
2190 4937 2241 4998 si
2275 4937 2417 4999 fieri
2453 4945 2686 5018 posset,
2705 4954 2927 4999 omnes
2956 4937 3248 5000 homines
3279 4939 3559 5001 frueren-

2064 5043 2166 5097 tur
2215 5035 2447 5098 Christi
2496 5035 2812 5099 consortio
2865 5055 2879 5098 ε
2933 5043 3142 5098 certus
3191 5055 3333 5098 sum
3383 5038 3553 5099 enim

2062 5135 2333 5198 salutem
2365 5134 2653 5198 omnium
2688 5133 3007 5196 utiliorem
3039 5152 3176 5196 esse
3208 5134 3456 5198 Christo
3494 5144 3555 5198 et

2063 5234 2247 5309 mihi,
2296 5253 2489 5316 quam
2535 5252 2762 5296 meam.

2144 5333 2401 5415 Optavit
2446 5349 2595 5413 ergo
2642 5330 2980 5414 Apostolus
3029 5329 3290 5394 dissolvi
3340 5350 3377 5394 a
3425 5349 3558 5396 cor·
