4359 6267
1028 505 1444 554 comrlolwx
1487 505 1572 550 SS-

1607 504 1850 550 PATRmt
1890 503 2066 549 Lmssn
2107 504 2168 549 11.
2216 522 2287 531 —

2337 502 2623 550 coturno
2662 505 2769 550 xvr
3324 481 3446 546 327

155 691 353 786 taguma.
377 674 600 736 crificia
651 673 929 739 offerant
985 675 1339 749 daemoniis,
1385 681 1450 736 et
1507 692 1633 737 non
1692 675 1842 748 De0,
1876 673 1926 736 Α
1958 672 2281 754 patientiae
2331 690 2405 734 ac
2457 673 2748 735 mititatis
2798 689 3199 754 nequaquam
3253 687 3445 780 posse

181 2349 308 2392 unsih.

377 773 483 834 diis
521 790 676 854 quos
720 773 1114 854 ignorabant.

747 1026 1253 1091 CAPITULUM
1301 1029 1454 1090 XX.

443 1177 522 1232 De
547 1177 942 1250 quorumdam
971 1176 1262 1233 simulata
1281 1177 1616 1248 patientia,
1649 1176 1758 1249 qui

402 1265 636 1322 alteram
679 1265 1004 1322 maxillam
1050 1265 1314 1338 offerunt
1359 1265 1813 1322 verberandam.

496 1462 592 1526 ΟΝ
613 1463 978 1545 ignoramus
997 1464 1189 1525 etiam
1211 1462 1386 1526 aliud
1407 1481 1607 1544 genus
1628 1481 1842 1524 amen-

511 1563 628 1636 tioe,
663 1562 832 1643 quod
871 1562 932 1622 in
975 1561 1359 1643 quibusdam
1393 1560 1714 1623 Fratribus
1755 1578 1844 1622 re·

377 1658 598 1740 peritur
631 1658 750 1721 sub
788 1659 996 1721 colore
1033 1659 1354 1740 patientiae
1389 1677 1573 1731 verae,
1608 1657 1842 1738 quibus

375 1777 576 1838 parum
612 1765 705 1821 est
741 1758 952 1840 jurgia
991 1758 1434 1830 commovisse,
1469 1757 1590 1818 nisi
1633 1755 1843 1817 verbis

1957 770 2211 854 impleri
2251 770 2565 833 contrario
2604 771 2856 853 spiritu,
2891 778 3045 852 puta
3082 768 3215 832 zelo
3250 768 3448 849 impa-

1953 869 2194 932 tientiae
2237 887 2309 930 ac
2361 868 2615 931 furoris,
2665 869 2992 951 Siquidem
3036 867 3341 931 Dominus
3385 873 3449 926 et

1953 967 2237 1029 Salvator
2275 967 2595 1029 instruens
2636 985 2750 1029 nos
2794 967 2869 1029 ad
2916 965 3295 1049 profundam
3342 983 3449 1046 pa-

1952 1065 2191 1128 tientiae
2223 1065 2853 1147 mansuetudinisque
2885 1065 3209 1136 virtutem,
3241 1071 3308 1124 ut
3336 1063 3451 1124 sci·

1955 1163 2102 1225 licet
2146 1163 2543 1245 proferamus
2587 1183 2727 1225 eam
2773 1182 2897 1225 non
2945 1162 3129 1224 labiis
3175 1169 3444 1235 tantum,

1953 1263 2062 1322 sed
2112 1263 2531 1324 recondamus
2590 1282 2729 1324 eam
2791 1263 2855 1324 in
2915 1261 3159 1323 intimis
3217 1261 3447 1322 animae

1953 1368 2182 1424 nostrae
2225 1360 2601 1434 visceribus,
2643 1360 2817 1423 dedit
2864 1359 3049 1423 nobis
3098 1360 3261 1421 hanc
3309 1378 3447 1440 per-

1953 1457 2248 1521 fectionis
2290 1459 2669 1539 evangelicae
2712 1459 2981 1521 formam
3026 1477 3039 1520 ε
3088 1459 3149 1520 Si
3194 1458 3338 1539 quis
3384 1465 3443 1519 te
3498 1477 3734 1530 Manna,

1956 1557 2335 1639 percusserit
2388 1559 2448 1618 in
2502 1558 2821 1619 dexteram
2873 1557 3191 1620 maxillam
3244 1565 3440 1631 tuam,
3472 1543 3539 1584 ³·

1956 1654 2164 1737 praebe
2205 1656 2264 1716 ei
2304 1664 2366 1717 et
2406 1656 2689 1717 aiteram.
2728 1656 3116 1718 Subauditur
3154 1656 3289 1718 sine
3332 1656 3445 1716 du-

1954 1753 2082 1826 bio,
2128 1755 2471 1816 dexteram.
2507 1755 2653 1828 Quae
2697 1763 2791 1817 est
2833 1755 2957 1816 alia
3000 1754 3277 1828 dextera,
3324 1753 3445 1816 nisi

377 1856 763 1937 instigatoriis
803 1865 1143 1938 provocent
1186 1855 1344 1919 alios
1386 1863 1442 1917 et
1489 1854 1733 1916 irritent
1776 1860 1841 1913 ut
1883 1856 1928 1917 B
1958 1851 2277 1914 interioris
2325 1853 2603 1915 hominis
2651 1852 2893 1915 facies?
2943 1853 3229 1915 Christus
3280 1870 3451 1914 nam-

377 1955 788 2034 percutiantur
823 1955 904 2017 ab
943 1955 1054 2016 eis,
1094 1955 1427 2035 Quumque
1467 1952 1706 2015 fuerint
1744 1950 1841 2013 vel

381 2052 768 2114 leviter-caesi
819 2052 880 2112 in
929 2071 1054 2113 una
1101 2052 1383 2134 corporis
1429 2058 1624 2133 parte,
1677 2051 1846 2130 inge-

383 2157 513 2211 runt
547 2151 732 2212 aliam
773 2151 852 2212 ad
894 2150 1286 2222 caedendum,
1329 2150 1509 2231 quasi
1553 2148 1846 2230 impletu-

381 2247 424 2308 ri
467 2267 572 2330 per
623 2249 740 2312 hoc
793 2248 1252 2330 perlectionem
1305 2248 1476 2308 illius
1529 2245 1780 2309 consilii
1828 2263 1841 2307 :

321 2365 355 2400 v·
381 2347 433 2408 Si
469 2349 602 2429 quis
641 2357 701 2410 te
742 2347 1126 2430 percusserit
1165 2346 1226 2408 in
1262 2346 1584 2408 dexteram
1629 2345 1848 2406 maxil-

381 2444 488 2505 lam
535 2453 726 2518 tuam,
779 2446 990 2528 praebe
1040 2446 1098 2507 ei
1148 2452 1212 2505 et
1257 2445 1539 2506 alteram.
1588 2443 1843 2506 Penitus

379 2542 712 2623 ignorantes
743 2545 875 2606 vim
914 2543 1441 2625 propositumque
1479 2543 1841 2624 Scripturae,

377 2642 780 2723 evangelicam
834 2641 1204 2723 patientiam
1261 2648 1483 2722 putant
1532 2659 1598 2702 se
1647 2639 1846 2701 adim-

377 2739 532 2819 plere
565 2759 676 2822 per
708 2739 1052 2802 iracundiae
1083 2739 1334 2812 vitium,
1368 2739 1450 2801 ob
1481 2738 1647 2820 quod
1681 2738 1843 2800 radi-

377 2838 520 2900 citus
548 2839 1050 2920 exstirpandum,
1074 2837 1447 2920 prohibetur
1478 2855 1602 2899 non
1635 2837 1842 2898 solum

373 2936 510 3000 talio
544 2945 602 3000 et
640 2936 1045 3000 concertandi
1079 2936 1464 3018 provocatio,
1498 2935 1608 2996 sed
1648 2935 1839 2996 etiam

1956 1969 2079 2031 que
2130 1970 2243 2032 per
2283 1951 2400 2013 hoc
2452 1952 2630 2033 cupit
2672 1952 3021 2033 exstirpare
3070 1952 3148 2012 dc
3199 1950 3452 2013 interio-

1957 2047 2133 2110 ribus
2184 2049 2411 2112 animae
2460 2068 2716 2112 omnem
2768 2049 3057 2112 fomitem
3108 2049 3237 2123 irae,
3282 2056 3351 2110 ut
3398 2046 3451 2133 si

1955 2147 2229 2208 exterior
2278 2147 2535 2208 dextera
2581 2148 2899 2230 acceperit
2948 2148 3259 2230 impetum
3311 2166 3452 2228 per-

1947 2247 2277 2319 cutientis,
2322 2265 2500 2308 mens
2542 2247 2678 2328 ipsa
2718 2247 2980 2310 interior
3020 2248 3297 2329 praebeat
3340 2266 3453 2328 per

1954 2344 2335 2406 humilitatis
2382 2365 2713 2408 assensum
2762 2366 2941 2408 suam
2993 2348 3315 2409 dexteram
3366 2345 3452 2407 fe-

1955 2443 2265 2517 riendam,
2327 2445 2720 2525 compatiens
2780 2446 3109 2508 exterioris
3169 2445 3449 2507 hominis

1955 2542 2404 2624 compassioni,
2456 2552 2519 2604 et
2577 2562 2807 2624 corpus
2857 2563 3043 2607 suum
3095 2544 3447 2625 subjiciens

1956 2641 2205 2721 injuriae
2235 2641 2546 2714 ferientiS‚
2567 2661 2645 2704 ne
2678 2643 2776 2704 vel
2810 2643 2997 2705 tacite
3030 2643 3195 2705 intra
3225 2663 3291 2705 se
3325 2660 3451 2704 mo-

1954 2749 2174 2802 veatur
2205 2741 2282 2802 de
2323 2741 2653 2803 exterioris
2695 2741 2971 2802 hominis
3014 2741 3440 2822 percussione.

2031 2839 2272 2901 Videtis
2312 2857 2461 2919 ergo
2494 2838 2634 2901 illos
2670 2838 2963 2920 praefatos
2996 2839 3178 2920 longe
3213 2840 3447 2902 distare

1953 2937 2033 2999 ab
2081 2938 2446 3018 evangelica
2499 2937 2910 3019 perfectione,
2963 2958 3103 3020 quae
3155 2939 3447 3019 patienti-

378 3036 645 3117 mitigare
685 3036 990 3117 jubemur
1032 3034 1506 3097 verberantium
1551 3034 1708 3095 iram
1756 3040 1842 3095 to-
1879 3041 1922 3104 C
1953 3055 2055 3096 am
2103 3036 2283 3098 docet
2328 3036 2701 3098 servandam
2751 3053 2876 3098 non
2921 3035 3132 3098 verbis
3179 3045 3445 3110 tantum,

379 3133 621 3196 lei-antia
663 3133 918 3214 injuriae
958 3134 1294 3214 geminatae
1337 3151 1448 3195 seu
1492 3132 1795 3214 repetitae.

717 3389 1221 3453 CAPITULUM
1283 3388 1469 3451 XXI.

875 3529 1311 3600 Interroyatio.

497 3728 851 3792 ERMANUS
897 3745 911 3788 z
955 3726 1235 3800 Qualiter
1284 3727 1841 3809 reprehendendus

515 3835 610 3890 est.
643 3825 756 3909 qui
797 3824 1190 3887 satisfaciens
1234 3825 1600 3907 evangelico
1642 3825 1844 3887 consi-

373 3923 466 3994 lio,
489 3925 778 3988 talionem
800 3943 925 3987 non
953 3924 1159 3986 solum
1181 3941 1306 3985 non
1337 3924 1571 3991 intulit,
1597 3924 1720 3985 imo
1746 3943 1844 4004 pa-

371 4031 530 4084 ratus
561 4032 652 4086 est
683 4024 876 4086 etiam
915 4031 981 4084 ut
1021 4021 1386 4103 duplicetur
1414 4021 1534 4084 sibi
1571 4022 1842 4102 injuria?

715 4275 1218 4340 CAPITULUM
1264 4273 1484 4336 XXII.

415 4425 575 4492 Quod
601 4425 878 4480 Christus
907 4425 1213 4496 inspector
1239 4424 1321 4476 sit
1349 4421 1707 4485 voluntati&
1737 4427 1794 4476 e!

756 4529 874 4568 non
905 4511 1062 4581 sacti
1091 4512 1435 4566 dumtaxat.

451 4709 684 4772 OSEPH
719 4727 733 4770 z
767 4708 1310 4782 Quemadmodum
1342 4711 1622 4772 diximus
1656 4711 1843 4792 paulo

466 4815 628 4880 ante,
671 4825 798 4870 non
838 4806 1044 4870 solum
1089 4806 1390 4870 intuenda
1430 4817 1527 4870 est
1567 4827 1663 4870 res
1707 4809 1843 4890 ipsa

369 4921 494 4983 quae
539 4905 633 4979 fit,
679 4906 786 4968 sed
829 4905 1019 4967 etiam
1065 4905 1337 4986 qualitas
1385 4905 1616 4968 mentis
1654 4913 1842 4987 atque

373 5004 748 5084 propositum
806 5002 1115 5066 facientis,
1181 5002 1420 5065 Idcirco
1488 5004 1538 5064 si
1602 5003 1844 5084 integro

373 5101 562 5162 cordis
619 5101 908 5163 examine
975 5101 1380 5182 perpendatis
1447 5120 1574 5182 quo
1630 5102 1845 5164 animo

373 5195 494 5270 fiat,
531 5207 592 5260 et
635 5218 716 5260 ex
756 5216 884 5280 quo
927 5197 1164 5260 affectu
1216 5199 1513 5279 procedat
1564 5199 1625 5260 id
1675 5198 1844 5280 quod

373 5293 444 5357 ab
473 5315 846 5380 unoquoque
875 5295 1180 5370 efficitur,
1214 5296 1512 5359 videbitis
1542 5297 1843 5359 virtutem

1953 3133 2062 3195 sed
2095 3133 2412 3196 interioris
2444 3133 2649 3197 cordis
2682 3133 3168 3215 tranquillitate3
3192 3155 3449 3218 eamque

1955 3231 2246 3314 praecipit
2290 3231 2381 3294 sic
2425 3232 2729 3294 custodiri
2772 3251 2809 3294 a
2852 3232 3057 3306 nobiS‚
3104 3252 3305 3315 quum
3350 3235 3454 3296 ad-

1953 3349 2209 3392 versum
2263 3330 2417 3411 quid
2471 3331 2724 3404 accidit,
2777 3338 2847 3392 ut
2896 3348 3022 3393 non
3077 3332 3282 3398 solum
3336 3351 3450 3394 nos

1953 3429 2126 3510 ipsos
2165 3447 2492 3490 servemus
2532 3429 2771 3491 alienos
2811 3429 2892 3491 ab
2928 3429 3271 3494 iracundia)
3315 3449 3453 3512 pas-

1953 3527 2130 3588 sione
2175 3545 2247 3588 ac
2297 3525 2795 3608 perturbatione,
2839 3527 2950 3589 sed
2998 3528 3189 3590 etiam
3241 3527 3450 3590 humi-

1954 3626 2179 3687 liantes
2205 3633 2265 3688 et
2292 3624 2637 3686 subdentes
2664 3643 2777 3687 nos
2804 3624 2930 3687 illis
2956 3625 3063 3707 qui
3096 3626 3247 3688 moti
3276 3635 3445 3700 sunt,

1953 3742 2253 3803 cogamus
2301 3739 2520 3785 eorum
2574 3723 2838 3803 injurias
2886 3723 2963 3784 ad
3014 3723 3445 3805 placiditatem

1953 3821 2185 3883 reverti
2232 3821 2483 3902 expleta
2531 3821 2815 3882 satietate
2865 3822 3294 3902 percussionis
3343 3841 3444 3884 eo-

1953 3939 2118 3991 rum,
2181 3919 2496 3981 vincendo
2564 3928 2777 3981 nostra
2836 3919 3104 3982 mititate
3166 3919 3444 3983 furorem

1954 4018 2293 4098 ipsorum3
2343 4017 2563 4098 sicque
2615 4016 3026 4098 implebimus
3080 4017 3235 4080 illud
3286 4021 3446 4100 Apo-

1953 4115 2096 4178 stoli

1953 4331 2019 4372 se
2072 4311 2325 4393 impleri
2369 4311 2450 4373 ab
2492 4311 2621 4373 illis
2663 4311 2773 4392 qui
2818 4310 3006 4373 verba
3055 4312 3334 4375 caritatis
3382 4321 3444 4376 et

1953 4409 2332 4471 humilitatis
2371 4409 2669 4471 emittunt
2712 4409 2821 4472 illo
2860 4409 3088 4491 spiritu
3129 4429 3202 4471 ac
3239 4419 3445 4473 tumo-

1954 4526 2042 4581 re,
2078 4515 2142 4569 ut
2177 4526 2305 4569 non
2336 4507 2542 4570 solum
2575 4525 2700 4569 non
2734 4508 3022 4589 mitigent
3065 4517 3445 4592 conceptum

1952 4607 2258 4680 furorem,
2310 4607 2418 4667 sed
2469 4605 2704 4667 faciant
2752 4624 2900 4668 eum
2952 4607 3151 4688 magis
3204 4606 3446 4671 fervere

1956 4713 2082 4766 tam
2136 4704 2200 4764 in
2256 4721 2370 4765 suo
2421 4721 2611 4784 quam
2665 4702 2728 4763 in
2780 4722 2968 4765 sensu
3022 4703 3232 4767 fratris
3283 4724 3449 4768 com-

1953 4803 2128 4865 moti.
2186 4801 2301 4874 Qui
2352 4801 2644 4883 quamvis
2696 4809 2952 4882 possent
2994 4802 3211 4883 aliquo
3261 4805 3449 4868 modo

1956 4902 2140 4963 mites
2193 4919 2267 4962 ac
2321 4900 2551 4982 placidi
2603 4918 2997 4982 permanere,
3044 4919 3161 4962 nec
3210 4903 3301 4963 sic
3352 4921 3450 4964 ca-

1955 5008 2173 5082 perent
2226 4999 2473 5080 aliquos
2525 4998 2770 5060 fructus
2816 4997 3101 5078 justitiae,
3155 5017 3230 5060 eo
3277 5001 3445 5081 quod

1953 5097 2276 5160 vindicare
2315 5096 2435 5158 sibi
2479 5105 2787 5159 conentur
2825 5096 3143 5178 patientiae
3180 5097 3446 5177 gloriam

1955 5215 2100 5257 cum
2136 5195 2411 5276 proximi
2449 5195 2716 5256 damno:
2753 5213 2865 5274 per
2896 5194 3065 5275 quod
3106 5194 3279 5256 omni
3322 5213 3448 5258 mo-

1955 5295 2038 5358 do
2077 5302 2225 5356 sunt
2264 5293 2453 5356 alieni
2494 5293 2574 5355 ab
2613 5292 2957 5374 apostolica
2993 5293 3271 5366 caritate,
3305 5311 3447 5375 quae

2133 4133 2146 4176 ε
2180 4115 2320 4177 Noli
2360 4115 2532 4176 vinci
2564 4133 2601 4176 a
2630 4115 2819 4187 malo,
2854 4116 2960 4177 sed
3003 4116 3188 4178 vince
3230 4117 3290 4178 in
3338 4117 3447 4180 bo·
3513 4138 3641 4183 nom.
3665 4153 3738 4190 m,

1875 4217 1921 4278 D
1952 4231 2034 4275 no
2065 4214 2322 4274 malum.
2360 4213 2533 4286 Quod
2566 4213 2993 4275 certissimum
3024 4220 3119 4275 est
3149 4232 3274 4276 non
3307 4234 3448 4296 pos-
3472 4203 3540 4245 ²¹·
