4359 6267
95 1530 141 1571 Ιε.
150 1535 331 1578 nmis.

1088 541 1503 589 COLLATmNuu
1547 543 1631 588 SS.
1668 542 1910 587 PATRUM
1951 542 2125 588 LIBER
2168 544 2210 589 1.
2254 561 2333 571 —
2374 540 2660 589 coLLA'rto
2701 541 2739 585 V

356 714 685 777 declinent
739 714 1271 797 concupiscentiae
1327 714 1643 789 stimulOS,
1691 715 1934 795 judi-A

358 813 565 874 cando
602 830 709 875 eos
752 820 969 895 turpes
1016 820 1206 895 atque
1250 814 1543 894 indignos
1593 833 1723 875 suae
1765 812 1856 875 fa-

360 933 486 977 mae
530 922 639 975 aut
678 914 888 976 ordini
932 914 1063 987 tali,
1106 922 1169 975 et
1212 914 1606 976 retundendo
1650 914 1855 994 majus

362 1013 605 1076 malum
650 1014 818 1075 malo
859 1014 1123 1076 minore.
1158 1013 1575 1076 Tolerabilius
1618 1013 1857 1095 quippe

362 1119 464 1174 est
502 1130 891 1193 quemquam
932 1112 1170 1193 pulsari
1209 1111 1409 1193 gloria
1447 1130 1630 1185 vana,
1665 1131 1857 1194 quam

362 1209 853 1274 fornicationem
914 1210 1215 1284 incidere,
1267 1212 1345 1274 de
1392 1230 1519 1292 qua
1574 1219 1683 1273 aut
1729 1229 1856 1272 non

360 1318 475 1371 aut
503 1309 609 1371 vix
651 1310 929 1391 reparari
960 1310 1164 1372 valeat
1197 1319 1339 1392 post
1377 1311 1647 1372 ruinam.
1684 1310 1857 1383 Quod

362 1427 536 1469 unus
572 1408 1025 1490 Prophetarum
1056 1408 1376 1490 eleganter
1406 1409 1737 1491 expressit,
1771 1408 1862 1469 di-

364 1506 573 1568 cendo
606 1524 620 1567 :
655 1507 914 1588 Propter
951 1526 1054 1568 me
1087 1508 1269 1588 longe
1308 1506 1539 1569 faciam
1578 1505 1858 1569 furorem

364 1624 609 1679 meum,
650 1613 713 1667 et
754 1605 939 1667 laude
979 1624 1121 1667 mea
1160 1605 1492 1668 infrenabo
1531 1614 1613 1681 te,
1653 1624 1733 1668 ne
1772 1605 1863 1667 in-

361 1711 601 1778 tereas3
638 1704 699 1765 id
740 1711 857 1777 est,
902 1703 1053 1765 dum
1099 1703 1394 1765 laudibus
1433 1724 1611 1767 vanae
1648 1704 1862 1784 gloriae

362 1803 637 1885 caperiS,
696 1821 1101 1883 nequaquam
1156 1802 1233 1863 ad
1294 1801 1611 1884 profunda
1673 1801 1861 1865 infer-

3339 519 3458 585 193

1964 734 2032 777 re
2082 715 2456 797 completur.
2507 714 2664 778 Nam
2724 714 3017 795 quamvis
3064 711 3457 775 tolerabilius

1963 814 2047 875 sit
2094 814 2413 876 deservire
2461 833 2638 877 vanae
2685 813 2900 894 gloriae
2949 831 3141 894 quam
3189 811 3459 873 fornica-

1965 912 2146 985 tioni,
2200 911 2535 975 difficilius
2593 920 2805 974 tamen
2862 911 3210 973 disceditur
3265 928 3302 971 a
3357 910 3462 972 do-

1966 1011 2317 1073 minatione
2374 1030 2446 1072 ac
2501 1011 2654 1091 jugo
2710 1029 2888 1072 vanae
2944 1008 3160 1090 gloriae
3214 1028 3227 1071 :
3279 1015 3342 1070 et
3401 1008 3458 1069 ei

1967 1110 2318 1192 subjectus,
2365 1111 2548 1192 quasi
2601 1110 2865 1191 longiori
2916 1109 3119 1190 spatio
3170 1108 3460 1189 captivus

1967 1209 2303 1281 abductuS,
2337 1208 2672 1271 difficilius
2717 1214 3069 1269 revertetur
3108 1206 3187 1269 ad
3227 1213 3458 1269 terram

1966 1304 2250 1369 natalem
2282 1314 2344 1369 et
2384 1307 2760 1369 libertatem.
2798 1306 2874 1367 Et
2915 1305 3141 1369 merito
3180 1305 3460 1387 increpa-

1970 1406 2057 1469 tio
2087 1405 2196 1467 illa
2237 1406 2608 1487 prophetica
2646 1404 2722 1467 ad
2755 1423 2902 1466 eum
2941 1404 3176 1466 dicitur
3210 1423 3223 1467 :
3257 1404 3458 1477 Quare
3499 1416 3750 1469 Bau-uelum.

1969 1505 2356 1566 inveteratus
2387 1523 2453 1565 es
2489 1504 2552 1565 in
2583 1511 2748 1565 terra
2786 1502 3037 1565 aliena?
3067 1502 3254 1564 Recte
3284 1501 3454 1563 enim
3489 1484 3555 1523 ¹¹·

1970 1604 2206 1665 dicitur
2252 1604 2638 1666 inveteratus
2687 1603 2753 1664 in
2799 1610 2964 1665 terra
3011 1602 3236 1675 aliena,
3269 1600 3380 1682 qui
3423 1618 3460 1661 a

1972 1702 2238 1765 terrenis
2287 1702 2461 1763 vitiis
2512 1719 2638 1764 non
2699 1701 3036 1763 innovatur
3083 1720 3194 1762 seu
3242 1718 3462 1761 emun-

1972 1800 2173 1862 datur.

361 1901 433 1962 ni
478 1902 798 1973 decurraS‚
831 1907 894 1961 et
934 1900 1437 1963 irrevocabiliter
1477 1900 1861 1981 demergaris
1898 1901 1945 1963 B
2053 1900 2374 1961 Postremo
2423 1898 2737 1980 superbiae
2785 1899 2926 1960 duae
2974 1906 3122 1960 sunt
3164 1896 3410 1978 species
3445 1914 3459 1957 :

362 1999 916 2062 consummatione
958 1998 1321 2061 mortalium
1365 2007 1789 2080 peccatorum.

444 2098 575 2161 Nec
626 2098 859 2159 mirum
904 2098 1077 2178 quod
1120 2105 1292 2159 tanta
1334 2098 1430 2159 vis
1480 2098 1645 2159 inest
1686 2117 1863 2160 vanae

358 2198 585 2279 gloriae
633 2196 934 2277 passioni,
978 2204 1048 2257 ut
1096 2197 1300 2258 valeat
1350 2194 1668 2259 refrenare
1714 2216 1863 2259 eum

360 2296 477 2377 qui
528 2314 688 2377 pene
734 2294 901 2355 cadit
943 2294 1007 2355 in
1057 2294 1498 2357 fornicationis
1549 2293 1860 2369 foetorem,

360 2413 569 2476 quum
610 2393 961 2475 saepiSSIme
990 2394 1074 2454 sit
1104 2392 1440 2475 probatum
1471 2393 1865 2474 experimen-

360 2494 449 2554 tis
482 2492 831 2554 multorum
862 2491 1031 2572 quod
1061 2511 1210 2554 eum
1239 2510 1431 2573 quem
1472 2510 1587 2553 suo
1618 2509 1863 2554 veneno

358 2591 568 2655 semel
617 2590 991 2673 corruperit,
1038 2596 1165 2652 tam
1217 2589 1678 2670 infatigabilem
1729 2590 1865 2651 red-

358 2692 493 2764 dat,
531 2698 599 2751 ut
627 2688 816 2751 faciat
846 2707 995 2751 eum
1027 2688 1131 2751 vix
1172 2688 1408 2751 sentire
1440 2688 1719 2750 biduana
1756 2696 1864 2749 aut

358 2789 662 2851 triduana
712 2788 977 2869 jejunia.
1031 2788 1204 2861 Quod
1254 2787 1445 2849 etiam
1506 2786 1745 2848 scimus
1796 2786 1859 2848 in

358 2889 484 2950 hac
524 2904 738 2949 eremo
780 2886 1090 2967 quosdam
1128 2905 1266 2947 esse
1305 2884 1627 2948 confessos
1672 2903 1859 2966 saepe,

360 2985 541 3067 quod
571 2984 813 3045 scilicet
844 2983 1171 3045 constituti
1203 2983 1269 3045 in
1302 2982 1613 3045 coenobiis
1644 2982 1858 3065 Syriae,

360 3085 507 3145 sine
555 3082 763 3144 labore
810 3082 1233 3144 toleraverunt
1281 3082 1603 3162 jejunium
1647 3082 1861 3163 quinis
1899 3082 1942 3145 C

360 3201 479 3243 seu
526 3180 809 3262 quinque
852 3179 1079 3241 diebus
1122 3180 1461 3257 continu03
1503 3198 1675 3241 nunc
1714 3178 1864 3241 vero

360 3280 593 3341 dicunt
622 3298 689 3341 se
726 3286 900 3341 tanta
936 3276 1103 3340 farne
1142 3277 1345 3359 affligi
1384 3298 1421 3339 a
1459 3277 1646 3340 tertia
1688 3278 1861 3351 hora,

363 3386 436 3439 ut
477 3377 589 3439 vix
632 3384 867 3458 queant
908 3376 1275 3458 quotidiana
1317 3374 1577 3438 differre
1619 3376 1866 3456 jejunia

364 3494 575 3558 usque
602 3476 681 3537 ad
722 3494 972 3537 nonam.
1009 3474 1213 3555 Super
1242 3494 1367 3556 qua
1407 3493 1473 3536 re
1511 3473 1707 3535 abbas
1746 3474 1865 3535 Ma-

362 3574 579 3637 carius
619 3572 885 3655 pulchre
916 3573 1242 3653 respondit
1272 3572 1525 3634 cuidam
1556 3573 1863 3654 quaerenti

363 3692 483 3734 cur
506 3672 691 3734 -famc
733 3671 1092 3753 pulsaretur
1134 3670 1198 3732 in
1228 3689 1442 3733 eremo
1471 3690 1507 3732 a
1537 3671 1721 3733 tertia
1759 3670 1866 3733 ho-

362 3790 457 3846 ra,
511 3770 624 3852 qui
685 3772 749 3832 in
810 3768 1099 3833 coenobio
1157 3787 1285 3832 non
1344 3770 1542 3831 sensit
1588 3769 1863 3831 esuriem

366 3869 839 3932 contemnendo
886 3887 995 3930 seu
1046 3866 1405 3929 differendo
1453 3866 1865 3929 refectionem

365 3968 739 4049 frequenter
780 3966 1175 4028 hebdomada
1220 3966 1464 4047 integra
1506 3984 1519 4027 :
1562 3964 1719 4038 Quia
1761 3965 1865 4027 hic

368 4065 591 4127 nullus
646 4072 742 4127 est
792 4064 968 4127 testis
1021 4064 1254 4146 jejunii
1305 4064 1399 4125 tui
1457 4064 1567 4146 qui
1622 4070 1679 4125 te
1734 4064 1865 4125 suis

371 4163 669 4226 laudibus
719 4164 958 4226 nutriat
1004 4182 1076 4225 ac
1124 4170 1471 4241 sustentet3
1516 4162 1604 4224 ibi
1653 4170 1865 4225 autem

368 4262 687 4345 saginavit
732 4270 795 4325 te
854 4262 1089 4342 digitus
1148 4262 1482 4325 hominum
1541 4270 1604 4323 et
1651 4262 1867 4343 gloriae
1898 4270 1945 4330 D

370 4382 557 4425 vanae
602 4360 879 4424 refectio.
925 4361 1209 4443 Denique
1251 4361 1445 4441 hujus
1495 4361 1585 4422 rei
1635 4360 1863 4441 figura,

370 4481 505 4544 qua
557 4461 829 4523 diximus
879 4459 1109 4522 vitium
1166 4458 1603 4522 fornicationis
1659 4460 1869 4521 exclu-

370 4562 439 4622 di
482 4560 968 4641 superveniente
1010 4577 1185 4623 vanae
1224 4559 1439 4640 gloriae
1481 4558 1733 4640 spiritu,
1766 4577 1869 4620 ex-

374 4658 676 4740 primitur
732 4658 998 4740 pulchre
1056 4658 1206 4720 satis
1265 4658 1330 4719 in
1383 4657 1547 4720 libro
1602 4658 1863 4737 Regum,

107 4758 329 4869 ¹2³&ss
374 4755 496 4817 ubi
534 4756 915 4819 describitur
942 4757 1109 4838 quod
1138 4755 1719 4819 Nabuchodonosor
1757 4774 1866 4816 rex

374 4855 695 4917 transtulit
738 4854 1051 4937 populum
1096 4854 1307 4927 Israel,
1350 4874 1387 4915 a
1428 4854 1678 4915 Nechao
1722 4872 1866 4934 rege

375 4954 622 5034 AEgypti
663 4954 1073 5036 captivatum,
1109 4952 1186 5014 de
1228 4951 1469 5014 finibus
1500 4952 1748 5035 AEgypti
1788 4951 1866 5014 ad

376 5058 609 5112 terram
650 5071 852 5125 suam,
895 5067 1024 5112 non
1068 5059 1138 5112 ut
1181 5050 1493 5132 populum
1537 5049 1726 5112 Israel
1776 5070 1869 5112 re-

376 5149 662 5211 stitueret
699 5149 985 5232 pristinae
1025 5148 1300 5211 libertati
1340 5156 1449 5210 aut
1480 5155 1659 5212 terrae
1702 5158 1870 5211 nata-

377 5245 448 5321 li,
484 5247 591 5308 sed
628 5255 693 5309 ut
729 5248 978 5328 longius
1016 5254 1367 5329 asportaret
1405 5264 1534 5321 605,
1567 5247 1644 5309 ad
1685 5267 1864 5309 suam

376 5342 672 5408 videlicet
700 5347 1041 5431 regionem.
1076 5345 1223 5421 Quae
1253 5344 1463 5429 figura
1500 5346 1618 5409 rite
1649 5346 1715 5409 in
1745 5347 1863 5410 hac

1976 1996 2184 2079 prima
2246 1997 2536 2071 carnaliS‚
2601 1998 2880 2060 secunda
2941 1996 3342 2079 spiritualis3
3403 2001 3466 2056 et

1975 2096 2095 2157 ista
2134 2096 2487 2178 spiritualis
2529 2096 2944 2177 perniciosior
2976 2102 3093 2167 est,
3129 2102 3190 2156 et
3225 2093 3465 2174 specia-

1976 2194 2097 2257 lius
2142 2212 2249 2255 eos
2296 2193 2626 2276 impugnat
2669 2194 2778 2275 qui
2825 2194 2890 2254 in
2933 2191 3279 2254 virtutibus
3325 2207 3466 2273 pro-

1975 2293 2285 2356 fecerunt.

2342 2511 2844 2603 CAPITULUM
2908 2511 3096 2574 XIII.

2015 2633 2101 2688 De
2128 2634 2312 2688 varia
2341 2633 2798 2705 impuqnatione
2828 2633 3092 2688 omnium
3119 2632 3426 2688 vitiorum.

2124 2784 2254 2847 AEC
2312 2785 2524 2867 itaque
2583 2794 2734 2848 octo
2782 2784 2937 2846 vitia
2997 2802 3195 2866 quum
3260 2783 3468 2864 impu-

2145 2886 2339 2963 gnent
2373 2900 2562 2945 omne
2593 2884 2944 2944 humanum
2975 2900 3197 2961 genuS,
3224 2898 3350 2943 non
3382 2887 3469 2942 ta-

1976 3004 2122 3047 men
2173 3002 2300 3047 uno
2355 2984 2542 3046 modo
2583 3002 2803 3047 omnes
2854 2984 3180 3046 invadunt.
3226 2984 3296 3045 ln
3344 2982 3469 3044 alio

1975 3102 2250 3165 namque
2291 3083 2713 3164 principalem
2755 3082 2964 3144 locum
3004 3081 3250 3144 obtinet
3288 3079 3472 3162 spiri-

1974 3188 2075 3243 tus
2114 3180 2575 3253 fornicationiS‚
2611 3180 2675 3241 in
2717 3180 2841 3242 alio
2882 3179 3318 3261 superequitat
3355 3179 3472 3240 ira-

1975 3280 2222 3342 cundia».
2255 3278 2450 3351 furor,
2473 3280 2536 3341 in
2569 3278 2692 3341 alio
2724 3297 2882 3339 vana
2911 3279 3111 3358 gloria
3143 3278 3470 3360 tyrannice

1975 3379 2358 3452 dominatur,
2402 3378 2468 3439 in
2511 3377 2635 3440 alio
2680 3376 2980 3458 superbia
3020 3395 3232 3439 arcem
3274 3384 3464 3439 tenet.

1975 3478 2051 3538 Et
2089 3496 2288 3560 quum
2333 3495 2552 3539 omnes
2596 3476 2886 3540 homines
2925 3475 3004 3537 ab
3045 3475 3342 3537 omnibus
3382 3477 3473 3537 vi-

1975 3576 2079 3637 tiis
2122 3576 2598 3658 impugnentur,
2632 3576 2884 3636 diverso
2917 3582 3129 3635 tamen
3171 3574 3358 3635 modo
3395 3593 3469 3635 ac

1974 3674 2198 3737 ordine
2246 3674 2480 3755 singuli
2540 3674 3018 3756 impugnantur,
3074 3672 3359 3736 laborant
3406 3680 3470 3734 et

1976 3780 2234 3834 certant.

2347 3991 2848 4054 CAPITULUM
2910 3992 3093 4055 XIV.

2044 4124 2130 4178 De
2159 4120 2536 4176 instituendo
2564 4122 2892 4176 certamine
2917 4125 3132 4175 contra
3148 4126 3402 4192 peccata

2158 4209 2480 4265 secundum
2512 4208 2982 4264 molestationem
3010 4210 3298 4281 ipsorum.

2053 4360 2206 4425 DEO
2239 4362 2324 4423 ita
2355 4360 2662 4423 debemus
2692 4361 2974 4442 arripere
3005 4361 3222 4443 praelia
3253 4370 3471 4425 contra

2073 4460 2208 4523 haec
2253 4460 2428 4533 vitia,
2473 4468 2544 4522 ut
2592 4460 3033 4542 unusquisque
3081 4460 3368 4543 exploret
3408 4468 3472 4525 et

1978 4566 2201 4640 penset
2259 4577 2386 4641 quo
2443 4558 2600 4621 vitio
2658 4559 2932 4621 maxime
2991 4558 3348 4635 infestetur,
3408 4570 3472 4624 et

1978 4665 2196 4720 contra
2241 4657 2399 4720 illud
2453 4657 2787 4739 potissime
2835 4658 3156 4740 praelietur
3210 4677 3224 4721 :
3277 4669 3471 4724 totam

1977 4756 2184 4819 cordis
2237 4756 2335 4818 sui
2387 4755 2882 4818 sollicitudinem
2931 4756 3137 4839 figens
3185 4760 3355 4821 circa
3405 4760 3476 4820 il-

1979 4854 2101 4916 lius
2150 4854 2659 4918 observationem
2705 4863 2767 4917 et
2814 4857 3370 4937 expugnationem,
3414 4866 3476 4920 et

1978 4954 2256 5035 dirigens
2309 4961 2527 5015 contra
2585 4953 2744 5016 illud
2802 4956 3171 5035 quotidiana
3231 4957 3476 5037 spicula

1974 5051 2391 5132 jejuniorum,
2426 5059 2644 5113 contra
2687 5052 2845 5113 illud
2885 5054 3183 5115 emittens
3229 5055 3476 5117 cunctis

1978 5151 2318 5214 momentis
2359 5150 2636 5232 suspiria
2670 5150 2877 5213 cordis
2918 5169 2991 5213 ac
3024 5151 3245 5213 crebra
3282 5153 3476 5232 gemi-

1979 5256 2159 5312 tuum
2200 5249 2360 5327 tela3
2404 5249 2779 5330 impendens
2821 5249 3014 5311 etiam
3059 5256 3275 5312 contra
3313 5249 3470 5311 illud

1977 5348 2343 5431 vigiliarum
2400 5347 2644 5412 labores
2698 5355 2759 5413 et
2813 5348 3251 5413 meditationes
3309 5348 3472 5413 salu-
