4359 6267
605 3461 800 3568 ‚glintun
813 3479 871 3516 vi,

637 5037 824 5082 Ibidem.

892 505 1014 570 250

1608 523 2024 570 COLLATIONmt
2066 523 2150 568 SS.
2187 522 2431 568 mmm!
2472 521 2647 567 Lmen
2688 522 2727 566 1.
2774 540 2855 548 —
2894 521 3180 568 commo
3222 522 3285 566 tx

893 691 976 752 sit
1011 713 1198 755 usum
1240 702 1304 756 et
1339 697 1680 760 utilitatem
1719 693 1902 776 panis
1943 691 2146 754 istius.
2182 692 2390 764 Quum
2421 691 2470 754 A
2502 691 2673 773 prios
2704 691 3020 754 debitores
3058 692 3405 764 dumtaxat,
3438 708 3566 754 non
3608 689 3777 752 circa
3818 687 4006 750 debi-

893 791 1066 852 enim
1115 793 1204 854 ait
1251 817 1284 853 ι(
1315 795 1846 877 quotidianum»,
1899 791 2174 854 ostendit
2222 791 2390 872 quod

895 890 1074 953 nullo
1113 891 1214 954 die
1254 894 1578 955 valeamus
1619 891 2016 974 spiritualem
2052 889 2250 951 vitam
2286 890 2392 951 ha-

895 987 1045 1050 bere
1075 999 1184 1052 aut
1211 1010 1395 1073 agere
1431 993 1569 1055 sine
1605 992 1763 1073 ipso.
1798 991 2003 1063 Quum
2039 989 2197 1050 dicit
2228 989 2392 1051 «ho-

895 1087 997 1150 die
1029 1111 1086 1163 »,
1132 1091 1408 1153 ostendit
1457 1110 1604 1153 eum
1655 1089 2033 1152 sumendum
2080 1088 2389 1170 quotidie,

894 1204 1012 1247 nec
1043 1186 1344 1250 sufficere
1375 1189 1807 1270 sumptionem
1837 1186 1978 1268 ejus
2010 1187 2389 1260 hesternam,

893 1283 1020 1346 nisi
1053 1284 1369 1347 tribuatur
1399 1286 1583 1349 nobis
1619 1286 1810 1348 etiam
1843 1285 2048 1347 hodie.
2084 1285 2394 1347 Admonet

894 1401 1148 1464 quoque
1202 1402 1317 1446 nos
1371 1385 1740 1466 quotidiana
1797 1383 2145 1464 indigentia
2198 1383 2391 1464 hujus

893 1481 1099 1562 paniS,
1132 1483 1300 1562 quod
1339 1483 1515 1544 omni
1548 1489 1832 1563 tempore
1874 1481 2221 1544 debeamus
2260 1499 2394 1543 ora-

890 1578 1131 1641 tionem
1177 1579 1362 1642 istam
1405 1580 1761 1654 effundere,
1806 1600 2005 1662 quum
2052 1579 2267 1642 nullus
2310 1580 2395 1641 sit

891 1675 1027 1738 dies
1076 1695 1202 1758 quo
1253 1696 1379 1740 non
1430 1678 1828 1759 indigeamus
1879 1697 1991 1740 esu
2053 1685 2114 1740 et
2174 1696 2391 1760 perce-

891 1773 1108 1855 ptione
1141 1775 1324 1837 istius
1357 1776 1538 1858 panis
1571 1777 1938 1838 interiorem
1969 1784 2257 1838 nostrum
2292 1777 2395 1839 bo·

2502 797 2667 852 tores
2716 790 2968 853 Domini
3018 791 3138 852 sui.
3182 791 3471 854 Solemus
3514 790 3753 871 quippe
3794 787 4005 870 (quod

2505 888 2690 970 pejus
2730 889 2855 969 est)
2898 889 3199 952 exhibere
3250 908 3364 952 nos
3414 888 3695 971 placidos
3744 905 3819 948 ac
3876 885 4007 948 cle·

2505 988 2936 1052 mentissimos
2994 989 3165 1050 circa
3220 1007 3295 1050 ea
3351 1008 3492 1070 quae
3540 986 3709 1049 fiunt
3756 987 3837 1048 ad
3890 985 4007 1048 Dei

2504 1084 2829 1166 injuriam,
2870 1086 3164 1169 quamvis
3208 1087 3337 1149 sint
3379 1093 3639 1168 peccata
3682 1103 4009 1167 praegran-

2502 1185 2648 1263 dia3
2690 1186 2801 1248 sed
2841 1186 3011 1248 circa
3049 1186 3263 1248 debita
3302 1194 3659 1248 nostrarum
3697 1183 4009 1247 offensio-

2505 1303 2681 1356 num,
2715 1285 3007 1366 quamvis
3048 1285 3595 1367 parvissimarum,
3630 1283 4009 1345 invenimur

2502 1390 2824 1445 exactores
2856 1382 3277 1445 inexorabiles
3308 1391 3368 1444 et
3404 1382 3701 1444 immites,
3738 1381 3859 1454 Qui
3895 1381 4008 1442 ita·

2502 1499 2626 1560 que
2658 1498 2783 1542 non
2818 1481 3085 1543 remittit
3115 1499 3193 1543 ex
3224 1481 3413 1543 corde
3444 1479 3622 1542 fratri
3654 1480 3721 1541 in
3752 1498 3819 1540 se
3856 1497 4008 1560 pec·

2503 1579 2693 1653 canti,
2758 1579 3125 1661 impetrabit
3185 1580 3303 1642 hac
3365 1579 3809 1661 deprecatione
3874 1595 4005 1640 non

2503 1678 2777 1752 veniam,
2812 1679 2921 1740 sed
2962 1678 3598 1757 condemnationem;
3638 1684 3700 1739 et
3741 1676 4011 1760 propria

2502 1793 2657 1838 voce
2709 1776 2993 1858 deposcit
3042 1795 3109 1838 se
3153 1777 3407 1857 gravius
3448 1776 3717 1857 judicari
3764 1795 3801 1837 a
3848 1775 4005 1846 Deo,

893 1873 1132 1934 minem
1165 1873 1538 1936 roborantis.
1565 1873 1738 1936 Licet
1771 1875 1940 1956 quod
1970 1874 2206 1936 dicitur
2234 1875 2393 1936 «bo-
2426 1875 2474 1938 B
2508 1873 2771 1954 loquens
2814 1875 2892 1936 ad
2936 1893 3085 1937 eum
3128 1893 3143 1939 ε
3184 1875 3457 1936 Remitte
3500 1874 3680 1948 mihi,
3726 1874 3901 1936 sicut
3942 1879 4009 1934 et

891 1970 994 2032 die
1016 1992 1074 2044 »‚
1110 1972 1310 2054 possit
1343 1971 1566 2034 referri
1602 1973 1679 2034 ad
1714 1979 1919 2034 totum
1959 1980 2214 2054 tempus
2245 1973 2392 2035 vitae

892 2072 1245 2151 praesentiS‚
1291 2079 1360 2133 ut
1398 2071 1481 2133 sit
1521 2091 1744 2134 sensus
1784 2090 1797 2133 :
1840 2072 1887 2135 Ο
1926 2073 2125 2145 Pater,
2164 2079 2392 2154 praesta

890 2168 1075 2230 nobis
1134 2168 1306 2232 bunc
1365 2188 1595 2252 panem
1666 2171 1973 2251 quamdiu
2040 2189 2390 2233 commora-

890 2285 1035 2328 mur
1094 2267 1158 2328 in
1222 2267 1454 2330 saeculo
1519 2268 1640 2330 isto
1677 2286 1694 2348 3
1757 2269 2052 2331 novimus
2114 2288 2390 2352 namque

890 2364 1058 2444 quod
1091 2365 1418 2446 praestabis
1449 2365 1514 2426 in
1549 2364 1765 2428 futuro
1796 2366 1895 2427 his
1931 2365 2041 2448 qui
2071 2385 2220 2429 eum
2254 2384 2393 2448 pro-

892 2463 1243 2525 meruerint
1282 2483 1319 2525 a
1358 2471 1440 2537 te,
1484 2465 1594 2526 sed
1639 2483 1932 2545 rogamus
1978 2472 2048 2526 ut
2089 2484 2238 2526 eum
2283 2484 2392 2528 no-

890 2560 990 2623 bis
1024 2561 1307 2642 largiaris
1342 2562 1553 2637 hodie,
1588 2563 1890 2644 quoniam
1927 2563 2050 2624 nisi
2085 2563 2229 2645 quis
2266 2582 2391 2626 me-

891 2659 1089 2721 ruerit
1138 2678 1286 2721 eum
1339 2660 1404 2721 in
1449 2661 1578 2722 vita
1621 2661 1759 2734 hac,
1804 2679 1932 2723 non
1977 2663 2210 2743 poterit
2251 2680 2390 2725 esse

892 2758 1213 2840 particeps
1255 2758 1394 2839 ejus
1441 2759 1505 2820 in
1550 2760 1680 2821 vita
1721 2767 1973 2822 aeterna.

1242 3014 1746 3078 CAPITULUM
1813 3014 2035 3077 XXII.

1078 3161 1164 3216 De
1191 3176 1259 3217 eo
1287 3161 1450 3234 quod
1475 3163 1569 3217 ait
1600 3179 1618 3216 :
1649 3163 1728 3217 Εἰ
1754 3162 1994 3218 dimitte
2021 3161 2200 3217 nobis

1406 3250 1616 3307 debita
1644 3257 1873 3307 nostra.

1035 3451 1092 3508 Τ
1113 3449 1374 3507 dimitte
1404 3449 1585 3507 nobis
1614 3449 1832 3507 debita
1862 3458 2108 3518 nostra,
2131 3449 2299 3508 sicut
2330 3458 2390 3508 et

1067 3565 1178 3605 nos
1226 3547 1626 3606 dimittimus
1673 3546 2074 3605 debitoribus
2122 3548 2383 3606 nostris.

895 3643 942 3706 O
988 3643 1335 3705 ineffabilis
1380 3643 1720 3705 clementia
1763 3643 1896 3716 Dei,
1942 3663 2082 3725 quae
2125 3662 2254 3707 non
2296 3661 2392 3706 so-

896 3742 1028 3803 lum
1069 3741 1338 3803 contulit
1378 3740 1564 3802 nobis
1605 3741 1874 3803 sormam
1915 3741 2244 3815 orationiS,
2279 3743 2387 3804 sed

891 3840 1084 3902 etiam
1134 3839 1393 3901 tradidit
1443 3838 1625 3901 nobis
1675 3838 2081 3920 disciplinam
2132 3857 2387 3901 morum

892 3937 1015 3999 sibi
1047 3945 1391 4019 acceptam,
1408 3945 1598 4019 atque
1631 3957 1744 4020 per
1769 3938 2167 4000 occasionem
2200 3946 2263 4001 et
2288 3958 2391 4001 ne-

890 4036 1249 4098 cessitatem
1291 4035 1512 4098 formae
1553 4036 1892 4117 propositae
1929 4054 2053 4117 qua
2085 4037 2389 4118 praecepit

891 4153 1145 4216 semper
1173 4135 1338 4197 orari
1368 4152 1405 4195 a
1435 4135 1642 4208 nobiS,
1669 4135 1862 4196 simul
1893 4135 2110 4197 evellit
2141 4135 2385 4197 radices

2502 1990 2619 2054 ego
2663 1973 2901 2035 remisi.
2936 1974 3050 2046 Qui
3096 1977 3297 2055 qu'um
3337 1973 3520 2054 juxta
3560 1991 3739 2034 suam
3785 1971 4008 2055 petiti-

2501 2089 2690 2133 onem
2734 2072 2928 2133 suerit
2968 2072 3324 2145 exaudituS,
3369 2070 3523 2153 quid
3564 2070 3734 2133 aliud
3780 2069 4011 2132 subse-

2501 2177 2754 2251 quetur,
2790 2170 2911 2232 nisi
2954 2178 3022 2230 ut
3062 2170 3355 2252 exemplo
3396 2188 3510 2233 suo
3550 2169 3859 2252 puniatur
3890 2169 4011 2230 im-

2506 2267 2802 2349 placabili
2843 2268 2937 2330 ira
2972 2275 3039 2329 et
3072 2267 3397 2329 irremissa
3438 2266 3797 2329 sententia?
3840 2267 4007 2328 Hinc

2502 2365 2556 2426 si
2590 2365 2936 2428 clementer
2966 2367 3261 2428 volumus
3288 2365 3857 2447 judicari,oportet
3888 2383 4009 2427 nos

2501 2482 2639 2526 esse
2671 2463 3017 2526 clementes
3048 2464 3111 2525 in
3143 2481 3251 2526 eos
3289 2464 3399 2545 qui
3444 2472 3705 2545 peccant
3748 2463 3815 2524 in
3860 2481 4003 2526 nOS.

2501 2561 2770 2623 Tantum
2820 2581 3095 2645 namque
3146 2562 3506 2624 remittetur
3554 2561 3763 2634 nobis,
3804 2581 4011 2644 quan-

2503 2667 2637 2722 tum
2690 2661 3126 2723 remiserimus
3176 2661 3269 2723 eis
3314 2661 3424 2743 qui
3469 2660 3651 2723 nobis
3694 2678 4011 2742 quacum-

2501 2778 2625 2840 que
2657 2758 3046 2841 malignitate
3078 2759 3430 2822 nocuerint.
3450 2759 3626 2832 Quod
3656 2759 4011 2822 formidan-

2502 2865 2593 2920 tes
2644 2858 2958 2933 nonnulli,
3001 2859 3152 2920 dum
3200 2857 3402 2921 oratio
3452 2857 3571 2920 ista
3615 2858 3683 2919 in
3724 2857 4009 2920 ecclesia

2499 2955 2580 3017 ab
2613 2956 2909 3019 universa
2938 2956 3123 3039 plebe
3157 2955 3499 3038 profertur,
3532 2955 3695 3017 hanc
3724 2957 4013 3038 particu-

2426 3054 2469 3117 C
2504 3053 2627 3116 lam
2673 3053 2859 3116 tacite
2902 3054 3415 3136 praetermittunt,
3449 3073 3529 3117 ne
3560 3054 3903 3116 videant-ur
3938 3074 4009 3117 se

2502 3153 2671 3234 ipsos
2701 3152 2983 3232 obligare
3016 3152 3214 3234 magis
3245 3171 3436 3234 quam
3480 3170 3785 3214 excusare
3822 3170 3837 3214 :
3874 3172 4007 3216 non

2498 3251 2897 3313 advertentes
2946 3252 3115 3333 quod
3161 3251 3395 3312 frustra
3440 3251 3795 3314 moliuntur
3840 3271 4009 3334 prae-

2499 3349 2757 3411 tendere
2797 3348 3231 3411 cavillationes
3275 3356 3338 3411 et
3377 3349 3701 3411 cautiones
3742 3349 3861 3412 has
3900 3351 4011 3413 Ju-

2499 3446 2625 3510 dici
2657 3448 3122 3524 universorum,
3157 3449 3266 3530 qui
3304 3448 3507 3511 voluit
3548 3449 3669 3511 ista
3707 3451 4009 3514 oratione

2500 3546 2632 3607 suis
2672 3546 2951 3608 indicare
3002 3547 3404 3628 supplicibus
3444 3548 3716 3629 qualiter
3752 3547 4009 3629 judica-

2500 3643 2612 3705 bit.
2662 3645 2824 3706 Dum
2864 3644 3035 3706 enim
3077 3645 3243 3706 Deus
3287 3662 3415 3707 non
3455 3645 3592 3706 vult
3636 3645 3810 3708 circa
3854 3665 4010 3710 suos

2499 3743 2816 3805 debitores
2848 3743 3116 3804 immitis
3148 3751 3211 3804 et
3242 3743 3651 3806 inexorabilis
3690 3743 4007 3820 inveniri,

2499 3842 2853 3922 designavit.
2912 3841 3183 3904 formam
3233 3841 3332 3903 sui
3377 3840 3630 3922 judicii,
3681 3851 4009 3924 quatenus

2500 3939 2666 4001 sicut
2713 3947 3007 4021 optamus
3049 3939 3325 4019 judicari
3370 3939 3451 4001 ab
3498 3941 3658 4022 ipso,
3700 3941 3797 4002 sic
3834 3941 4011 4022 judi-

2498 4055 2716 4098 cemus
2748 4036 2973 4099 fratres
3002 4045 3271 4110 nostroS,
3306 4038 3559 4118 quando
3590 4040 4009 4120 peccaverint

2499 4135 2563 4196 in
2606 4153 2719 4197 nos
2765 4152 2779 4196 ε
2820 4135 2973 4218 quia
3006 4135 3321 4215 judicium
3372 4135 3510 4197 sine
3556 4137 4009 4201 misericordia
4036 4161 4275 4207 :maun

890 4233 1020 4308 irae,
1054 4234 1336 4316 itemque
1378 4233 1650 4296 tristitiae
1685 4251 1698 4294 :
1735 4232 1866 4296 imo
1909 4240 1973 4294 et
2016 4233 2386 4314 rogantibus
2415 4237 2465 4298 D
2497 4231 2610 4295 siet
2654 4233 2709 4296 ei
2754 4233 2865 4314 qui
2910 4251 3035 4295 non
3080 4232 3233 4294 fecit
3279 4233 3803 4297 misericordiam.

889 4331 1115 4393 tribuit
1173 4333 1433 4394 modum
1492 4351 1566 4393 ac
1627 4339 1862 4394 reserat
1919 4331 2089 4393 viam
2149 4331 2385 4413 quibus

891 4437 1253 4492 mereantur
1301 4429 1424 4492 sibi
1477 4429 1766 4492 exhiberi
1816 4449 1854 4491 a
1903 4430 2030 4491 Deo
2079 4430 2258 4512 pium
2309 4449 2384 4492 ac

889 4526 1170 4590 clemens
1196 4528 1535 4608 judicium,
1568 4536 1633 4589 et
1673 4535 2048 4610 potestatem
2084 4529 2386 4609 quodam-

889 4623 1076 4685 modo
1120 4623 1346 4685 tribuit
1389 4623 1574 4685 nobis
1623 4642 1749 4705 qua
1788 4625 2106 4706 possimus
2146 4625 2385 4705 judicis

889 4721 1088 4784 nostri
1119 4722 1500 4784 sententiam
1534 4730 1885 4803 temperare
1924 4741 1998 4784 ac
2031 4723 2278 4786 trahere
2306 4725 2385 4786 ad

891 4827 1253 4882 nostrorum
1293 4821 1547 4882 veniam
1586 4820 2008 4900 delictorum3
2061 4823 2244 4903 quasi
2292 4842 2387 4886 ar-

891 4925 1134 4980 ctantes
1178 4937 1324 4980 eum
1369 4918 1662 5000 exemplo
1702 4927 1931 4980 nostrae
1966 4919 2384 4995 remissioniS,

891 5037 1092 5098 quum
1142 5016 1418 5079 dicimus
1467 5016 1526 5078 ei
1576 5035 1589 5079 :
1642 5017 1899 5078 Dimitte
1945 5016 2129 5079 nobis
2176 5018 2389 5081 debita

891 5125 1125 5189 nostra,
1171 5116 1339 5178 sicut
1381 5123 1444 5178 et
1488 5132 1624 5190 nOS,
1673 5123 1791 5177 etc.
1841 5116 2082 5178 Idcirco
2127 5136 2390 5180 securus

890 5215 1168 5297 postulat
1219 5215 1346 5276 sibi
1396 5214 1636 5295 ignosci
1681 5233 1716 5276 a
1759 5214 1888 5277 Deo
1931 5233 2044 5296 spe
2086 5215 2390 5277 orationis

893 5315 1098 5388 istiuS,
1135 5315 1526 5396 quicumque
1569 5314 1864 5376 remissor
1901 5322 1997 5376 est
2041 5315 2210 5376 circa
2250 5332 2391 5397 pro-

2842 4487 3345 4552 CAPITULUM
3403 4487 3655 4551 XXIII.

2630 4635 2715 4714 De
2738 4651 2805 4691 eo
2834 4636 2998 4709 quod
3024 4637 3180 4693 dicit
3211 4654 3229 4690 .·
3259 4637 3339 4691 Et
3365 4653 3438 4691 ne
3468 4652 3574 4692 nos
3604 4636 3870 4694 inducas

2996 4727 3065 4781 in
3094 4727 3496 4782 tentationem.

2640 4922 2873 4984 EINDE
2922 4923 3212 5005 sequitur
3255 4940 3269 4985 z
3318 4925 3401 4985 E't
3442 4943 3522 4983 ne
3564 4943 3680 4984 nos
3718 4927 4009 4987 inducas
4056 4950 4267 4996 ,natm-0,

2668 5023 2739 5079 in
2785 5022 3228 5080 tentationem.
3262 5021 3349 5082 De
3391 5039 3519 5102 quo
3557 5039 3685 5084 non
3728 5023 4009 5085 minima
4040 5018 4102 5056 ¹³·

2500 5118 2704 5180 oritur
2752 5119 3035 5200 quaestio.
3090 5118 3153 5180 Si
3204 5117 3376 5180 enim
3425 5135 3682 5180 oramus
3730 5139 3815 5182 ne
3868 5141 4013 5203 per-

2505 5217 2831 5278 mittamur
2874 5217 3121 5290 tentari,
3166 5216 3334 5279 unde
3376 5217 3499 5279 erit
3538 5216 3605 5278 in
3644 5217 3836 5280 nobis
3880 5221 4011 5282 vir-

2504 5323 2607 5378 tus
2638 5314 3007 5378 constantiae
3037 5315 3390 5378 exercenda
3420 5323 3611 5397 atque
3646 5315 4007 5398 probanda,
