4359 6267
1082 503 1533 552 commonuit
1574 504 1659 550 SS.
1694 502 1938 548 PATRUM
1978 501 2154 548 uultu
2196 503 2258 548 11.
2304 521 2385 531 —
2425 502 2711 580 compulo
2752 505 2883 548 xxn

3429 483 3545 548 391

443 672 634 735 nobis
679 691 938 737 manere
979 674 1242 749 diutiuS,
1274 682 1339 736 et
1377 672 1608 736 mutari
1650 673 1951 756 quodam-
1978 669 2029 732 A
2059 673 2313 754 quirere
2356 681 2728 756 perpetuam
2778 674 3167 738 castimoniae
3208 674 3550 755 puritatem

447 771 640 833 modo
683 771 748 833 in
798 771 1236 834 intemeratam
1285 773 1515 835 animae
1559 771 1949 848 castitatem3

443 870 745 950 quamvis
771 878 1060 951 oporteat
1090 889 1206 932 nos
1244 869 1428 932 fateri
1461 870 1768 951 quosdam
1803 869 1955 930 rari-

448 986 529 1028 us
557 967 870 1029 sordidari
910 969 1032 1030 hoc
1063 967 1245 1030 fluxu
1283 967 1522 1049 absque
1554 967 1684 1029 ulla
1719 966 1950 1028 mentis

445 1083 582 1126 suae
626 1064 964 1140 industria,
1007 1065 1109 1128 vel
1159 1083 1273 1146 per
1315 1065 1690 1146 temperiem
1735 1081 1953 1145 corpo-

447 1181 618 1234 rum,
651 1169 762 1224 aut
801 1182 917 1244 per
945 1163 1145 1226 aetatis
1187 1162 1634 1224 maturitatem.
1679 1162 1798 1225 Sed
1839 1161 1954 1222 mi-

445 1261 625 1322 noris
671 1269 767 1322 est
817 1261 1028 1322 meriti
1087 1261 1198 1342 qui
1259 1261 1670 1341 consequitur
1730 1277 1950 1341 pacem

445 1357 789 1419 securitate
832 1357 1042 1430 inerti,
1077 1357 1336 1437 majoris
1368 1374 1519 1420 vero
1557 1357 1668 1438 qui
1709 1375 1954 1439 prome-

448 1465 629 1517 retur
665 1455 1062 1539 triumphum
1095 1454 1441 1518 virtutibus
1481 1455 1790 1536 gloriosis.
1825 1454 1954 1518 Poe-

446 1553 762 1616 nitentia*
791 1572 1066 1636 namque
1099 1553 1282 1615 istius
1323 1553 1414 1615 sic
1449 1553 1788 1634 pugnando
1817 1552 1953 1614 vin-

449 1651 657 1713 centis
687 1651 1065 1713 debellatrix
1093 1651 1384 1713 omnium
1415 1651 1738 1724 vitiorum,
1765 1651 1954 1731 digna

447 1757 548 1810 est
585 1749 1044 1827 admiratione3
1086 1747 1270 1810 illum
1311 1755 1526 1810 autem
1565 1766 1757 1830 quem
1804 1746 1954 1810 faci-

2061 789 2174 852 per
2213 771 2566 834 ordinatam
2613 780 2803 854 atque
2846 773 3184 836 sollicitam
3228 772 3553 834 continen-

2060 868 2163 930 tiae
2194 869 2623 950 disciplinam,
2647 877 2711 932 et
2740 878 2951 933 tamen
2982 868 3554 932 fraudulentissimi

2060 964 2260 1028 hostis
2321 965 2561 1029 invidia
2610 968 2697 1029 ita
2755 969 3087 1050 impugnat
3134 986 3249 1031 nos
3299 966 3556 1028 utilitati

2061 1065 2269 1126 carnis
2312 1083 2387 1126 ac
2432 1065 2695 1146 spiritus
2739 1067 2990 1148 egregie
3032 1066 3456 1139 consulentes,
3488 1071 3559 1127 ut

2062 1161 2216 1223 dum
2261 1169 2526 1225 conatur
2565 1163 2839 1244 dejicere
2884 1163 3192 1226 fiduciam
3237 1163 3559 1226 conscien-

2061 1261 2164 1324 tiae
2214 1269 2467 1335 nostrae,
2510 1279 2754 1344 nosque
2803 1263 3142 1325 humiliare
3184 1260 3365 1344 quasi
3409 1279 3562 1342 quo-

2062 1358 2209 1420 dam
2253 1367 2429 1420 reatu
2474 1360 2701 1441 culpae‚
2738 1359 2966 1442 polluit
3008 1377 3123 1423 nos
3167 1359 3446 1440 simplici
3490 1358 3561 1420 il-

2065 1455 2189 1518 lius
2261 1457 2552 1520 humoris
2622 1457 2973 1520 effluxione
3042 1457 3283 1540 absque
3349 1457 3559 1519 carnis

2064 1555 2315 1635 pruritu
2356 1563 2419 1617 et
2460 1556 2690 1618 mentis
2736 1574 3070 1631 consensu,
3102 1563 3167 1618 et
3204 1555 3340 1618 sine
3382 1554 3558 1618 omni

2065 1651 2361 1715 illusione
2422 1654 2957 1735 phantasmatum,
3020 1653 3371 1735 praesertim
3430 1652 3557 1714 illis

2063 1749 2291 1813 diebus
2338 1750 2573 1832 quibus
2631 1752 2759 1814 Deo
2817 1752 3066 1834 placere
3124 1751 3557 1813 desideramus

449 1846 594 1910 litas
653 1847 806 1910 boni
857 1855 1072 1909 tuetur
1119 1849 1184 1909 in
1243 1866 1357 1909 sua
1413 1847 1685 1928 ignavia,
1733 1846 1952 1926 judico
1989 1852 2036 1914 B
2067 1848 2294 1910 merito
2338 1849 2715 1930 integritatis
2756 1849 3018 1931 majore,
3051 1858 3123 1912 ut
3161 1867 3199 1911 a
3242 1866 3559 1911 sacrosan-

447 1945 651 2026 magis
691 1946 1036 2008 dicendum
1075 1963 1213 2008 esse
1257 1963 1557 2007 securum
1595 1963 1789 2026 quam
1830 1944 1954 2007 col-

449 2042 860 2105 laudandum.

545 2142 836 2205 Secunda
894 2160 1084 2204 causa
1137 2141 1310 2205 illius
1359 2141 1598 2224 impuri
1649 2141 1952 2223 profluvii

445 2246 567 2314 est,
608 2240 661 2301 si
708 2259 889 2302 mens
932 2248 1199 2303 vacuata
1236 2260 1274 2302 a
1315 2240 1758 2323 spiritualibus
1805 2241 1955 2302 acti-

447 2337 594 2412 buS,
647 2357 766 2400 nec
829 2339 1118 2400 instituta
1175 2339 1618 2421 spiritualibus
1676 2338 1957 2421 discipli-

447 2437 553 2498 nis
609 2455 682 2498 ac
741 2437 992 2510 studiiS‚
1043 2435 1380 2500 obduxerit
1431 2436 1557 2499 sibi
1611 2436 1953 2519 quemdam

449 2535 726 2616 pigritiae
783 2535 980 2596 situm
1037 2553 1110 2596 ac
1167 2533 1459 2596 habitum
1517 2553 1630 2617 per
1683 2533 1954 2615 torporis

448 2633 739 2695 continui
791 2651 1004 2706 usum,
1044 2640 1154 2693 aut
1194 2632 1592 2694 sordidarum
1636 2631 1956 2712 cogitatio-

447 2749 608 2792 num
661 2730 966 2792 minutias
1027 2747 1154 2792 non
1206 2730 1508 2802 cavendo,
1559 2737 1689 2791 tam
1747 2729 1954 2808 segni-

449 2837 547 2890 ter
585 2828 984 2910 concupiscit
1021 2827 1549 2890 sublimissimam
1591 2827 1798 2890 cordis
1839 2845 1955 2908 pu-

448 2927 726 3000 ritatem,
767 2934 838 2987 ut
876 2942 1135 2988 omnem
1177 2943 1494 2986 summam
1541 2924 1835 3006 puritatis
1879 2941 1955 2985 ac

2065 1953 2164 2008 cta
2212 1947 2661 2009 communione
2710 1964 2823 2010 nos
2882 1947 3195 2027 retrahat;
3246 1948 3395 2010 licet
3441 1948 3561 2010 ista

2063 2042 2278 2106 illusio
2319 2044 2576 2106 evenire
2621 2045 2912 2106 credatur
2951 2045 3016 2107 in
3056 2046 3363 2128 quosdam
3408 2045 3560 2107 inci-

2063 2141 2401 2223 pientium,
2444 2159 2717 2224 quorum
2760 2160 3024 2224 corpora
3069 2144 3354 2206 nondum
3396 2151 3564 2206 exte-

2063 2246 2256 2301 nuata
2313 2247 2461 2301 sunt
2520 2239 2705 2320 longa
2759 2240 3153 2321 jejuniorum
3211 2241 3562 2324 castigatio-

2063 2356 2163 2411 ne,
2199 2337 2453 2400 diabolo
2492 2347 2793 2421 operante
2828 2340 2948 2403 hoc
2979 2339 3214 2421 ipsum,
3247 2350 3559 2424 quatenus

2063 2435 2216 2496 dum
2258 2437 2623 2516 cognoverit
2660 2455 2769 2499 eos
2810 2437 3263 2500 intensioribus
3307 2439 3559 2500 studere

2059 2531 2350 2613 jejuniiS‚
2393 2534 2717 2596 subvertat
2759 2552 2980 2597 omnes
3027 2552 3249 2597 eorum
3297 2543 3557 2598 conatus

2062 2632 2180 2694 hac
2223 2640 2357 2694 arte
2402 2650 2415 2693 :
2459 2640 2530 2694 ut
2574 2633 2727 2695 dum
2775 2633 3057 2696 sentiunt
3101 2651 3168 2695 se
3209 2634 3371 2696 nihil
3421 2652 3559 2715 pro-

2064 2727 2292 2791 fecisse
2334 2730 2413 2791 ad
2458 2731 2739 2812 corporis
2790 2731 3132 2812 puritatem
3176 2731 3559 2794 districtiore

2060 2825 2330 2906 jejunio,
2373 2827 2485 2888 sed
2538 2827 2736 2909 magis
2783 2845 2921 2888 esse
2970 2835 3261 2901 tentatoS,
3307 2829 3562 2910 perhor-

2064 2932 2315 2986 rescant
2343 2924 2807 2986 districtionem
2836 2924 3236 2988 abstinentiae
3257 2933 3561 3010 tanquam

447 3024 845 3086 castimoniae
895 3023 1108 3085 credat
1157 3023 1500 3086 consistere
1555 3023 1620 3084 in
1669 3022 1802 3085 sola
1848 3041 1952 3084 ex·
1990 3024 2034 3088 C
2064 3021 2383 3095 aemulam,
2427 3041 2627 3103 quum
2677 3029 2889 3084 tamen
2936 3023 3019 3084 sit
3066 3023 3561 3105 incorruptionis

447 3122 705 3184 terioris
747 3122 1026 3184 hominis
1072 3121 1499 3202 castigatione.
1546 3120 1740 3202 Cujus
1785 3137 1952 3183 erro-

449 3221 539 3282 ris
591 3227 784 3302 atque
833 3218 1145 3282 vecordiae
1195 3219 1350 3281 vitio
1396 3218 1662 3292 accidet,
1710 3227 1780 3280 ut
1827 3236 1953 3281 non

447 3320 662 3382 solum
721 3317 1101 3380 multimoda
1158 3317 1444 3398 evagatio
1497 3317 1952 3398 cogitationum

451 3417 884 3479 inverecunde
915 3417 1394 3499 procaciterque
1425 3415 1694 3476 introeat
1723 3413 1956 3476 mentis

449 3535 588 3578 suae
616 3522 955 3588 secretum,
990 3514 1100 3576 sed
1130 3520 1192 3574 et
1221 3513 1466 3574 semina
1503 3513 1792 3576 omnium
1834 3513 1957 3594 pri-

449 3614 766 3676 stinarum
831 3612 1200 3694 passionum
1265 3618 1673 3692 perseverent
1735 3610 1803 3672 in
1858 3630 1950 3674 ea.

449 3710 699 3785 Quibus
745 3711 812 3772 in
855 3729 930 3772 ea
973 3707 1340 3783 latentibuS‚
1382 3707 1678 3790 quamvis
1727 3726 1956 3791 corpus

453 3809 801 3890 castigetur
822 3807 1072 3890 jejunio
1095 3805 1606 3888 rigoros0‚nihilo
1632 3807 1840 3868 minus
1873 3807 1960 3869 in-

453 3909 746 3989 quietant
791 3906 1180 3968 illecebrosis
1226 3904 1775 3988 phantasmatibus
1816 3905 1958 3968 dor-

457 4007 764 4068 mientem
801 4023 814 4066 :
849 4022 1124 4087 quorum
1155 4004 1452 4066 illusione
1482 4003 1827 4064 eliciuntur
1856 4003 1960 4067 ob-

453 4105 634 4167 sceni
693 4104 993 4166 humores
1055 4111 1200 4165 ante
1260 4102 1618 4183 legitimum
1676 4109 1952 4182 tempus,

2065 3121 2366 3200 magistra
2409 3118 2832 3201 puritatisque
2874 3121 3108 3182 nutrix.

2144 3218 2291 3279 ldeo
2318 3234 2735 3298 agnoscamus
2764 3217 2935 3299 quod
2960 3217 3305 3280 debeamus
3336 3235 3449 3281 nos
3480 3219 3561 3281 ab

2064 3331 2449 3396 unoquoque
2481 3315 2635 3378 vitio
2674 3333 3045 3397 expurgare,
3082 3333 3208 3378 non
3250 3317 3390 3379 ideo
3430 3324 3561 3380 tan-

2065 3419 2204 3474 tum
2237 3413 2539 3493 quoniam
2580 3422 2851 3496 occupat
2882 3433 3142 3476 sensum
3183 3416 3561 3496 perturbati-

2063 3509 2297 3573 onibus
2336 3511 2491 3586 suis,
2526 3511 2635 3572 sed
2675 3521 2739 3574 et
2778 3512 2920 3575 ideo
2959 3513 3110 3594 quia
3147 3530 3273 3575 non
3307 3521 3561 3576 conten-

2069 3615 2234 3670 tatur
2283 3628 2351 3670 se
2401 3609 2608 3672 solum
2656 3610 2993 3684 dominari,
3035 3610 3165 3673 imo
3216 3610 3559 3693 multiplici

2066 3706 2434 3788 captivit-ate
2472 3707 2896 3789 depopulatur
2934 3716 3213 3771 mentem
3254 3709 3377 3771 sibi
3416 3709 3562 3772 sub-

2061 3806 2321 3886 Jectam,
2356 3806 2722 3868 intromisso
2758 3806 3012 3869 duriore
3050 3807 3339 3869 omnium
3380 3807 3561 3871 vitio-

2067 3922 2211 3965 rum
2243 3903 2525 3984 collegio.
2559 3903 2718 3965 Hinc
2748 3903 3060 3965 vincenda
3087 3911 3184 3965 est
3212 3905 3421 3986 passio
3449 3923 3562 3985 gu-

2067 4002 2164 4076 lae,
2212 4020 2338 4064 non
2394 4009 2654 4085 propter
2704 4021 2771 4064 se
2822 4009 3092 4077 tantum,
3139 4003 3436 4066 videlicet
3484 4023 3564 4067 ne

2067 4107 2433 4181 corrumpat
2463 4116 2577 4161 nos
2606 4117 2872 4162 onerosa
2899 4101 3396 4175 voracitate,nec
3426 4119 3565 4183 pro-

454 4221 590 4265 non
659 4203 1032 4264 necessitate
1096 4208 1356 4274 naturae,
1421 4200 1531 4262 sed
1594 4218 1671 4261 ex
1733 4199 1957 4263 fraude
1987 4207 2036 4268 D
2068 4206 2209 4280 pter
2254 4198 2375 4260 hoc
2434 4198 2662 4271 solum,
2714 4216 2794 4259 ne
2852 4199 3195 4261 succendat
3242 4216 3357 4261 nos
3417 4200 3563 4282 igne

453 4301 797 4382 nequitiae3
847 4301 960 4382 qui
1010 4298 1308 4362 humores
1369 4299 1622 4380 penitus
1671 4297 1955 4361 cohiberi

453 4407 788 4480 nequeunt
847 4399 1130 4481 corporis
1190 4399 1515 4472 inanitate,
1577 4399 1687 4460 sed
1745 4399 1956 4479 potius

455 4498 1034 4580 circumspectione
1073 4498 1434 4578 virtuteque
1477 4497 1684 4559 cordis
1730 4497 1958 4579 perdu-

458 4604 715 4668 cuntur,
764 4596 1112 4659 auxiliante
1166 4595 1366 4676 gratia
1414 4595 1548 4668 Dei,
1591 4595 1668 4656 ad
1716 4594 1961 4676 simpli-

458 4712 603 4756 cem
654 4693 828 4755 illam
880 4693 1250 4775 qualitatem
1305 4691 1664 4772 egestionis.
1717 4693 1959 4755 Idcirco

459 4793 790 4855 discursus
820 4810 1124 4853 sensuum
1156 4799 1306 4852 sunt
1337 4789 1697 4851 refrenandi
1737 4790 1804 4851 in
1835 4791 1961 4871 pri-

461 4891 610 4964 miS,
643 4910 722 4952 ne
769 4908 950 4952 mens
989 4887 1346 4951 assuefacta
1386 4888 1752 4950 excessibus
1796 4889 1956 4962 istis,

464 4991 868 5072 pertrahatur
897 4987 962 5049 in
1001 4988 1266 5049 somniis
1304 4987 1382 5048 ad
1423 4986 1834 5047 incitamenta
1868 4986 1963 5047 lu-

461 5088 662 5152 xuriae
703 5087 991 5150 foediora.

545 5186 751 5248 Tertia
808 5182 1112 5248 foeditatis
1171 5183 1354 5245 istius
1403 5201 1593 5245 causa
1640 5190 1755 5257 est,
1808 5183 1960 5243 dum

457 5285 845 5349 contritione
875 5283 1106 5344 mentis
1135 5289 1199 5344 et
1230 5281 1512 5363 corporis
1541 5287 1834 5363 optamus
1863 5299 1963 5342 ac-

2069 4296 2602 4378 concupiscentiae
2630 4295 2975 4374 sensualis;
3002 4297 3113 4360 sed
3142 4297 3335 4359 etiam
3366 4315 3447 4360 ne
3476 4297 3565 4360 fa-

2068 4395 2193 4458 ciat
2224 4411 2337 4456 nos
2376 4412 2515 4456 esse
2556 4394 2875 4475 mancipia
2913 4413 3024 4457 seu
3066 4394 3389 4458 ministros
3429 4397 3558 4471 irae,

2067 4493 2323 4566 furoriS‚
2375 4491 2647 4554 tristitiae
2703 4501 2767 4554 et
2824 4493 3214 4574 reliquarum
3271 4495 3562 4557 omnium

2070 4593 2458 4675 passionum.
2495 4591 2558 4653 Si
2592 4591 2765 4653 enim
2798 4591 3119 4654 vincimur
3146 4592 3315 4673 gula,
3350 4611 3566 4656 conse-

2069 4708 2272 4771 quens
2302 4697 2397 4751 est
2428 4696 2496 4750 ut
2525 4688 2716 4751 etiam
2749 4689 3091 4751 incitemur
3121 4690 3399 4752 stimulis
3430 4692 3562 4766 ἤτω,

2069 4789 2222 4850 dum
2257 4787 2439 4848 cibus
2469 4795 2577 4848 aut
2608 4795 2794 4868 potus
2828 4787 3224 4850 ministratur
3248 4789 3432 4852 nobis
3464 4810 3568 4852 ne-

2070 4886 2435 4966 gligentiuS,
2467 4893 2577 4946 aut
2616 4885 2853 4960 minuS‚
2886 4885 2985 4948 vel
3028 4887 3287 4948 tardius
3326 4887 3566 4950 Rursus

2070 4984 2371 5045 delectari
2411 5002 2537 5046 non
2580 5000 2919 5064 possumus
2954 4983 3351 5066 voluptuosis
3389 5003 3567 5066 sapo-

2071 5080 2249 5142 ribus
2287 5079 2528 5162 absque
2568 5080 2847 5143 avaritiae
2875 5080 3052 5154 vitio,
3088 5099 3201 5161 per
3239 5080 3425 5162 cujus
3464 5101 3567 5143 su-

2071 5178 2355 5261 perfluos
2412 5187 2753 5260 apparatus
2808 5176 3036 5259 gaudet
3090 5176 3340 5240 luxuria
3392 5199 3562 5241 sum-

2073 5277 2291 5361 ptibus
2333 5296 2444 5340 seu
2486 5275 2828 5359 impendiis
2868 5275 3131 5358 magnis,
3173 5276 3363 5339 Porro
3400 5296 3563 5340 vana
