4359 6267
1017 544 1434 591 COLLA'rlortmt
1474 545 1560 590 SS.
1595 544 1839 589 runnu
1879 543 2054 589 tumn
2095 543 2158 588 ll.
2205 562 2286 571 —
2328 543 2611 590 cotLA'rlo
2652 543 2758 588 xlv

3320 519 3441 586 307

139 737 332 782 mm,
357 733 434 776 ne
464 713 796 795 impleatur
833 715 898 776 in
931 721 992 777 te
1023 714 1192 796 quod
1233 714 1524 778 Salomon
1564 713 1654 775 ait
1687 731 1701 774 :
1735 712 1838 774 Vi·
1869 711 1920 775 A
1949 714 2255 794 perducat
2292 730 2417 776 non
2458 714 2537 774 ad
2576 712 2908 775 scientiam
2950 712 3123 773 illam
3165 730 3306 792 quae
3346 710 3439 772 in·
3471 724 3732 778 [eorsum.

127 803 170 842 ἃ,
185 799 286 852 juzu

127 859 206 904 m.

147 1329 219 1368 Act.
233 1339 256 1372 ι,
281 1327 310 1364 Ι.

167 1711 302 1752 uam.

133 1787 210 1818 nm,
231 1777 262 1822 3,
287 1778 321 1818 ὁ.

135 2207 215 2248 uu
229 2223 262 2259 v,
277 2213 330 2251 ιο.

356 812 493 874 disti
548 812 875 874 hominem
926 812 1210 876 velocem
1265 813 1342 874 ad
1403 811 1838 893 loquendum?

355 912 536 992 magis
567 910 678 972 illo
707 930 890 993 spem
920 912 1148 974 stultus
1177 910 1604 989 habebit3nec
1633 928 1840 992 quem-

355 1029 530 1092 quam
589 1010 817 1072 docere
870 1029 1238 1091 praesumas,
1289 1009 1460 1091 quod
1513 1015 1659 1070 ante
1710 1027 1837 1072 non

355 1108 588 1169 feceris.
625 1108 804 1170 Hunc
845 1108 1084 1170 etenim
1124 1107 1414 1170 ordinem
1455 1124 1570 1168 nos
1606 1107 1838 1170 debere

358 1214 555 1268 tenere
611 1207 832 1269 docuit
889 1215 952 1268 et
1007 1206 1291 1269 Salvator
1345 1225 1462 1268 suo
1519 1206 1836 1288 exemplu,

353 1307 520 1387 juxta
554 1307 726 1388 quod
766 1306 1077 1388 scriptum
1118 1313 1214 1368 est
1247 1324 1262 1368 ε
1297 1305 1501 1388 Coepit
1533 1307 1712 1368 Jesus
1753 1306 1840 1368 fa-

355 1423 488 1466 cere
525 1411 588 1466 et
627 1404 874 1466 docere.
915 1404 1076 1467 Cave
1116 1422 1267 1486 ergo
1311 1423 1388 1466 ne
1433 1412 1580 1467 ante
1621 1410 1836 1466 actum

355 1503 634 1584 prosilias
676 1504 754 1564 ad
797 1503 1178 1575 docendum,
1211 1510 1272 1565 et
1319 1503 1710 1586 computeris
1747 1502 1840 1564 in-

358 1609 445 1662 ter
483 1601 619 1663 illos
658 1601 736 1663 de
776 1601 1012 1683 quibus
1052 1600 1211 1664 dixit
1251 1602 1533 1664 Salvator
1564 1601 1840 1681 discipu-

358 1700 618 1774 listouae
649 1700 873 1761 dicunt
903 1707 1145 1763 servate
1174 1709 1238 1763 et
1270 1700 1477 1774 facit-e,
1497 1700 1840 1762 secundum

355 1817 495 1862 vero
544 1817 734 1881 opera
785 1816 1006 1862 eorum
1067 1800 1262 1862 nolite
1321 1799 1564 1878 faeere3
1614 1799 1836 1860 dicunt

1949 811 2084 885 flat,
2117 813 2229 874 sed
2259 813 2337 874 ad
2377 831 2516 874 eam
2548 831 2691 894 quae
2730 811 3009 873 caritatis
3043 829 3441 873 consumma·

1949 911 2120 972 tione
2170 909 2507 972 illuminat.
2564 909 2965 991 Impossibile
3020 927 3295 991 namque
3346 916 3443 970 est

1951 1016 2232 1071 mentem
2279 1009 2676 1071 immundam
2719 1006 2987 1089 adipisci
3038 1007 3277 1068 donum
3326 1006 3444 1069 sci-

1949 1108 2135 1170 entiae
2176 1107 2545 1190 spiritualis
2582 1107 2741 1169 Hinc
2782 1107 2957 1169 omni
3002 1106 3293 1168 cautione
3342 1107 3445 1169 de-

1948 1207 2080 1268 vita
2110 1226 2191 1269 ne
2221 1224 2337 1288 pro
2377 1207 2587 1269 studio
2629 1205 2916 1268 lectionis
2956 1211 3297 1268 nascantur
3324 1189 3443 1266 tibi

1949 1323 2076 1368 non
2120 1305 2336 1367 lumen
2378 1304 2681 1379 scientur,
2715 1321 2922 1385 neque
2966 1311 3273 1385 perpetua
3310 1303 3442 1384 glo-

1950 1404 2065 1477 ria,
2089 1423 2232 1486 quae
2264 1423 2376 1486 per
2406 1402 2941 1465 illuminationem
2971 1401 3273 1465 doctrinae
3304 1419 3444 1483 pro-

1952 1503 2248 1578 mittitur,
2282 1503 2390 1565 sed
2441 1503 2863 1564 instrumenta
2908 1501 3283 1584 perditionis
3327 1519 3443 1582 pro

1951 1601 2228 1664 vanitate
2286 1600 2597 1663 elationis.
2651 1600 2890 1662 Deinde
2938 1599 3200 1662 omnino
3250 1599 3443 1662 debes

1951 1699 2187 1773 conari,
2241 1707 2311 1760 ut
2358 1700 2623 1781 expulsa
2670 1699 2845 1761 omni
2896 1698 3326 1760 sollicitudine
3382 1706 3445 1760 et

1951 1798 2332 1879 cogitatione
2365 1805 2634 1872 terrena,
2668 1797 2922 1859 insistas
2962 1815 3155 1858 sacrae
3188 1795 3441 1858 lectioni

355 1900 516 1960 enim
555 1905 618 1961 et
660 1917 785 1961 non
836 1898 1096 1970 faciunt,
1129 1899 1389 1980 alligant
1430 1898 1602 1960 enim
1642 1916 1834 1960 onera
1873 1899 1920 1962 B
1948 1897 2223 1972 assidue,
2259 1898 2389 1960 imo
2422 1915 2494 1958 ac
2525 1896 2763 1977 jugiter
2805 1895 3025 1977 magis,
3059 1896 3259 1958 donec
3298 1913 3444 1958 con-

353 1997 557 2076 gravia
611 2005 673 2060 et
732 1996 1183 2078 importabilia,
1243 2004 1307 2059 et
1370 1997 1706 2078 imponunt
1769 1995 1833 2057 in

357 2096 639 2158 humeros
679 2095 1038 2167 hominum,
1073 2096 1273 2176 digito
1309 2102 1521 2158 autem
1567 2113 1683 2158 suo
1725 2112 1833 2157 no-

359 2194 483 2255 lunt
516 2213 586 2256 ea
615 2212 889 2256 movere.
925 2195 1230 2257 Praeterea
1257 2194 1310 2256 si
1353 2194 1459 2256 ille
1491 2194 1600 2275 qui
1633 2213 1833 2254 unum

359 2293 708 2354 mandatum
749 2292 1094 2354 minimum
1133 2292 1415 2365 solverit,
1449 2299 1510 2352 et
1550 2291 1836 2354 docuerit

357 2391 440 2452 sic
477 2391 782 2464 homineS‚
818 2390 1150 2452 vocabitur
1188 2389 1495 2452 minimus
1535 2389 1600 2451 in
1641 2407 1837 2470 regno

356 2489 668 2562 coelorum,
702 2507 1099 2570 consequens
1143 2496 1238 2551 est
1277 2495 1346 2549 ut
1385 2488 1494 2570 qui
1538 2487 1737 2550 multa
1773 2495 1835 2548 et

357 2585 582 2666 majora
611 2586 936 2668 negligens
977 2586 1454 2668 praesumpserit
1486 2587 1710 2648 docere
1741 2586 1833 2647 sic

353 2684 648 2760 homineS‚
681 2685 988 2748 habeatur
1033 2703 1158 2747 non
1205 2685 1334 2764 jam
1383 2683 1668 2766 profecto
1717 2684 1833 2746 mi-

353 2784 550 2846 nimus
583 2785 647 2846 in
679 2803 874 2865 regno
907 2784 1238 2858 coelorum,
1273 2785 1382 2846 sed
1420 2783 1735 2846 maximus
1768 2784 1832 2845 in

353 2883 672 2965 suppliciis
740 2882 1110 2945 inferorum.
1173 2883 1416 2945 Idcirco
1479 2882 1830 2945 cavendum

354 2987 437 3041 est
467 2980 603 3054 tibi,
623 3001 702 3044 ne
731 2983 808 3044 ad
840 2981 1228 3062 loquendum
1261 2981 1545 3043 inciteris
1576 2981 1829 3042 illorum

1947 1997 2126 2059 tinua
2175 1995 2502 2058 meditatio
2546 1992 2789 2057 imbuat
2834 2001 3110 2056 mentem
3160 2001 3327 2055 tuam
3378 2001 3441 2056 et

1947 2095 2128 2176 quasi
2162 2095 2227 2156 in
2260 2093 2748 2156 similitudinem
2780 2093 2876 2154 sui
2912 2092 3163 2164 formet,
3195 2091 3438 2154 faciens

1945 2211 2086 2255 eam
2134 2192 2602 2274 quodammodo
2657 2211 2869 2253 arcam
2924 2191 3285 2253 testamenti
3335 2190 3440 2252 ha·
3466 2209 3732 2258 aeonum.

1947 2292 2203 2355 bentem
2238 2293 2302 2353 in
2334 2311 2401 2354 se
2432 2292 2587 2354 duas
2630 2290 2909 2373 lapideas
2950 2289 3217 2362 tabulaS,
3252 2289 3315 2352 id
3344 2297 3442 2350 est

1947 2399 2315 2472 perpetuam
2350 2391 2721 2453 firmitatem
2754 2391 3083 2472 utriusque
3118 2390 3295 2470 legiS,
3330 2408 3441 2451 seu

1946 2488 2417 2572 Scripturarum
2469 2489 2707 2571 ipsius;
2758 2507 3140 2570 aureamque
3191 2506 3440 2561 urnam,

1945 2588 2064 2650 hoc
2107 2595 2205 2650 est
2248 2587 2560 2649 sinceram
2608 2587 2999 2659 memoriam,
3035 2607 3175 2668 quae
3220 2605 3445 2668 perpe·

1947 2693 2053 2749 tua
2095 2687 2431 2749 tenacitate
2477 2694 2807 2749 conservet
2852 2705 3082 2747 manna
3128 2685 3191 2746 in
3235 2705 3309 2748 ea
3350 2704 3444 2747 re-

1945 2785 2299 2859 conditum,
2333 2792 2488 2867 puta
2520 2803 2865 2866 perennem
2896 2792 3085 2865 atque
3121 2784 3443 2847 coelestem

1943 2884 2347 2945 dulcedinem
2395 2883 2823 2966 spiritualium
2871 2901 3174 2944 sensuum
3225 2889 3289 2944 et.
3336 2901 3443 2963 pa-

1944 2984 2044 3045 nis
2093 2982 2401 3064 angelici;
2434 2983 2676 3063 virgam
2725 2982 2917 3045 etiam
2966 2982 3194 3056 Aaron,
3234 2981 3297 3043 id
3344 2988 3441 3043 est

354 3080 646 3162 exemplis
695 3080 805 3162 qui
855 3080 1068 3162 adepti
1119 3078 1412 3161 peritiam
1466 3079 1830 3161 disputandi
1870 3083 1912 3146 C
1945 3081 2219 3144 salutare
2252 3081 2557 3144 vexillum
2591 3081 2724 3142 veri
2757 3089 2818 3143 et
2848 3079 3083 3142 summi
3117 3079 3442 3161 pontificis

355 3176 864 3261 affluentiamque
909 3179 1230 3261 loquendi,
1275 3177 1673 3262 spiritualem
1716 3178 1832 3240 sci-

355 3279 572 3341 entiam
606 3279 932 3361 possidere
968 3279 1314 3340 creduntur
1342 3277 1421 3340 ab
1455 3278 1532 3341 iis
1564 3277 1673 3360 qui
1705 3295 1829 3340 non

357 3386 647 3440 noverunt
673 3377 1038 3440 discernere
1077 3377 1446 3459 qualitatem
1474 3384 1537 3439 et
1562 3377 1689 3439 vim
1719 3377 1832 3438 hu-

354 3473 448 3554 jus
483 3474 782 3548 scientim,
815 3493 893 3537 eo
930 3475 1100 3557 quod
1139 3473 1339 3536 sciant
1379 3481 1596 3536 ornate
1633 3482 1697 3536 et
1731 3492 1831 3536 co-

359 3572 516 3653 piose
571 3572 756 3634 essari
813 3593 956 3654 quae
1011 3572 1251 3634 volunt.
1309 3571 1497 3634 Aliud
1554 3591 1829 3654 namque

356 3679 439 3732 est
481 3671 708 3734 habere
758 3671 1032 3734 nitorem
1076 3679 1139 3733 et
1183 3669 1552 3733 facilitatem
1603 3689 1833 3734 sermo-

357 3769 466 3840 niS‚
513 3769 810 3852 aliudque
862 3769 1096 3832 intrare
1151 3769 1460 3832 medullas
1514 3789 1588 3831 ac
1636 3789 1829 3831 venas

357 3867 677 3930 verborum
710 3868 1296 3950 coelestium,atque
1329 3867 1674 3949 purissimo
1705 3885 1832 3929 cor-

356 3963 444 4025 dis
468 3965 650 4027 oculo
679 3965 1095 4045 contemplari
1130 3964 1445 4046 profunda
1475 3984 1828 4026 sacramen-

359 4069 410 4122 ta
452 4081 686 4125 eorum.
731 4063 908 4136 Quod
954 4063 1316 4125 nullatenus
1363 4061 1678 4125 obtinebit
1726 4064 1830 4124 do-

357 4161 542 4224 ctrina
581 4162 858 4224 humana
894 4169 1003 4224 aut
1031 4161 1305 4224 eruditio
1345 4161 1685 4233 saecularis,
1719 4162 1827 4223 sed

1945 3180 2140 3242 nostri
2191 3182 2336 3243 Jesu
2388 3179 2643 3252 Christi,
2695 3179 3013 3241 viriditate
3066 3177 3442 3241 immortalis

1944 3279 2267 3342 memorias
2316 3297 2567 3360 semper
2616 3277 3043 3340 frondescens,
3077 3276 3221 3339 Haec
3268 3295 3442 3338 nam-

1944 3398 2067 3460 que
2119 3387 2215 3440 est
2263 3378 2460 3459 virga,
2493 3397 2635 3459 quae
2676 3384 3013 3458 postquam
3056 3375 3305 3438 abscisa
3346 3383 3441 3437 est
3496 3395 3712 3443 1211,st

1944 3476 2020 3538 de
2053 3477 2263 3538 radice
2291 3477 2485 3548 Jesse‚
2519 3474 2849 3537 efficacius
2890 3473 3237 3536 revirescit.
3271 3474 3442 3535 Insu-

1945 3593 2058 3655 per
2101 3575 2235 3636 haec
2282 3573 2496 3635 omnia
2540 3579 2949 3654 protegentur
2991 3570 3239 3633 duobus
3287 3570 3440 3633 Che-

1942 3671 2178 3746 rubim,
2225 3671 2287 3732 id
2337 3678 2433 3732 est
2482 3669 2880 3752 plenitudine
2924 3668 3274 3750 spiritualis
3323 3669 3441 3730 sci-

1941 3771 2128 3833 entiae
2194 3778 2383 3850 atque
2452 3769 2787 3831 historicae.
2858 3767 3198 3831 Cherubim
3267 3768 3438 3829 enim

1944 3869 2399 3949 interpretatur
2438 3867 2769 3949 plenitudo
2808 3867 3089 3929 scientiae
3123 3885 3136 3928 ε
3172 3886 3311 3948 quae
3337 3865 3439 3947 ju-
3470 3887 3729 3932 mbr-‚ms

1941 3968 2103 4048 giter
2145 3974 2473 4048 protegent
2518 3965 3027 4047 propitiatorium
3073 3965 3205 4035 Dei,
3242 3964 3302 4026 id
3342 3973 3439 4026 est

1943 4064 2378 4127 habitaculum
2422 4073 2485 4127 et
2526 4063 2958 4146 placiditatem
3003 4064 3276 4145 pectoris
3318 4063 3433 4138 tui,

1942 4170 2006 4225 et
2053 4163 2210 4225 illud
2256 4183 2293 4226 a
2342 4163 2589 4225 cunctis
2645 4162 3071 4245 spiritualium
3126 4161 3436 4244 nequitia-

358 4277 458 4338 per
502 4259 1036 4322 illuminationem
1096 4259 1369 4341 Spiritus
1428 4259 1639 4322 Sancti
1699 4259 1832 4322 sola
1863 4265 1910 4327 D
1943 4282 2084 4324 rum
2117 4262 2481 4324 incursibus
2512 4259 3003 4323 obumbrabunt.
3032 4260 3106 4321 Et
3142 4260 3227 4321 ita
3259 4278 3435 4322 mens

356 4358 580 4438 puritas
619 4359 848 4421 cordiS.

753 4614 1256 4678 CAPITULUM
1319 4614 1407 4678 X.

503 4765 586 4818 De
631 4761 1144 4834 apprehendenda
1185 4779 1344 4818 veroe
1389 4763 1662 4818 scientioe

903 4850 1262 4923 disciplina.

467 5050 956 5114 ESTINANDUM
996 5067 1146 5132 ergo
1188 5058 1283 5113 est
1327 5051 1465 5126 tibi,
1511 5051 1565 5113 si
1609 5052 1706 5114 vis
1755 5052 1833 5113 ad

483 5169 695 5212 veram
737 5147 1209 5231 Scripturarum
1252 5149 1582 5212 scientiam
1616 5169 1835 5231 perve-

365 5245 506 5321 nire,
539 5256 606 5310 ut
656 5249 722 5310 in
770 5245 1000 5330 primis
1051 5247 1461 5328 consequaris
1509 5255 1573 5310 et
1620 5256 1832 5310 teneas

367 5343 742 5411 immobilem
799 5345 1009 5410 cordis
1071 5345 1520 5421 humilitatem,
1571 5366 1712 5428 quae
1771 5355 1834 5412 te

1942 4370 2075 4437 tua,
2114 4370 2413 4444 provecta
2456 4380 2579 4423 non
2626 4359 2833 4422 solum
2880 4359 2945 4421 in
2994 4377 3206 4421 arcam
3247 4366 3435 4420 testa-

1945 4461 2140 4523 menti
2181 4460 2405 4532 divini,
2440 4478 2663 4521 verum
2703 4458 2893 4521 etiam
2937 4457 3001 4520 in
3042 4477 3306 4540 regnum
3344 4478 3437 4520 sa-

1944 4558 2279 4631 cerdotale,
2313 4566 2375 4619 et
2425 4577 2539 4640 per
2588 4557 3097 4619 indissolubilem
3144 4558 3437 4639 puritatis

1940 4657 2246 4720 affectum
2292 4656 2587 4739 absorpta
2630 4656 3099 4737 quodammodo
3143 4656 3437 4738 spiritua—

1942 4756 2110 4818 libus
2141 4754 2521 4837 diseipliniS,
2557 4754 2851 4837 implebit
2881 4754 3037 4816 illud
3071 4755 3437 4836 pontificale

1944 4855 2309 4918 mandatum
2361 4873 2473 4936 per
2518 4855 2771 4938 Moysen
2820 4854 3061 4928 datum,
3113 4872 3240 4936 quo
3287 4855 3439 4918 dici-

1945 4962 2068 5025 tur,
2111 4953 2199 5015 De
2242 4953 2477 5014 sanctis
2521 4970 2648 5014 non
2687 4951 3069 5032 egredietur,
3108 4971 3187 5014 ne
3232 4952 3434 5034 pollu-
3462 4975 3728 5024 Lemma.

1941 5059 2006 5113 at
2048 5051 2481 5112 sanctuarium
2524 5051 2658 5122 Dei,
2705 5050 2767 5111 id
2816 5057 2912 5111 est
2954 5066 3063 5111 cor
3110 5069 3320 5122 suum,
3367 5050 3430 5111 in

1943 5167 2070 5231 quo
2125 5149 2292 5210 Deus
2352 5147 2666 5228 promittit
2716 5167 2782 5210 se
2829 5147 3070 5229 jugiter
3119 5140 3435 5210 habitatu-

1945 5266 2109 5320 rum,
2142 5246 2516 5308 Inhabitabo
2546 5246 2901 5328 (inquiens)
2932 5246 2995 5307 in
3026 5245 3142 5320 εἰς,
3176 5255 3239 5308 et
3270 5247 3434 5308 inter
3464 5239 3647 5284 ΗΘΜ-Ἦ
3670 5242 3728 5290 ¹⁶²

1945 5347 2088 5413 illos
2143 5345 2503 5412 ambulabo.
2561 5343 2982 5422 Quamobrem
3040 5364 3217 5408 sacra
3272 5344 3434 5408 Scri·
3462 5303 3563 5408 ff
3614 5315 3727 5351 '‘n''
