4359 6267
1073 540 1487 587 cotnanonuu
1528 540 1613 585 ss.
1649 539 1892 585 runnu
1933 538 2108 584 mmm
2149 539 2188 583 1.
2234 556 2315 565 —
2356 537 2640 584 οοιιΑτιο
2683 538 2742 582 1v
3343 512 3462 576 179

372 730 457 786 re,
502 710 803 793 cupimus
850 708 1034 772 nobis
1078 709 1211 771 haec
1258 708 1615 770 evidentius
1658 708 1862 769 decla·
1891 707 1941 768 A
1973 713 2216 770 constat
2246 714 2309 767 et
2339 724 2622 787 corpore,
2647 714 2716 767 ut
2749 704 2834 767 ibi
2863 704 3172 767 :Verbum
3207 722 3350 766 οπο
3382 701 3464 765 l'a-
3532 726 3697 769 Joann.
3720 741 3750 777 ι.

374 810 512 873 rari.
568 810 716 871 Tres
766 810 939 870 enim
988 826 1089 869 res
1138 808 1241 869 hic
1292 808 1599 869 insinuari
1647 808 1862 870 viden·
1972 814 2145 868 ctum
2186 814 2317 883 est3
2349 814 2432 879 et,
2467 804 2718 867 Videbit
2756 806 2964 866 omnis
3004 822 3148 865 caro
3189 802 3460 864 salutare
3491 792 3610 895 ¹13oe-
3627 864 3684 900 m,
3703 854 3742 894 ⁶.

371 918 469 970 tur
503 925 517 969 ε
553 908 783 989 prima,
828 915 925 969 est
968 908 1175 969 carnis
1218 906 1519 969 adversus
1563 907 1860 988 spiritum
1972 905 2083 967 Dei
2114 905 2334 967 nostri.
2371 905 2693 966 Interdum
2721 921 2872 964 vero
2911 901 3230 982 significat
3260 900 3460 961 homi-

370 1024 631 1088 pugna3
681 1007 979 1079 secunda,
1032 1014 1126 1066 est
1176 1005 1690 1087 concupiscentia
1740 1006 1864 1086 spi·
1972 1023 2084 1065 nes
2130 1003 2412 1064 carnales
2457 1011 2516 1063 et
2564 1002 2816 1082 impi05‚
2853 1009 2920 1062 ut
2966 1000 3055 1061 ibi
3091 1019 3105 1063 :
3139 1000 3273 1061 Non
3326 1018 3462 1079 per-
3506 1024 3743 1073 Gen.v=.3.

368 1106 523 1166 ritus
576 1112 791 1166 contra
840 1122 1135 1181 carnem;
1177 1104 1382 1176 tertia,
1428 1110 1519 1165 est
1572 1103 1861 1165 voluntas
1975 1102 2255 1164 manebit
2297 1102 2560 1183 spiritus
2607 1120 2786 1163 meus
2836 1100 2902 1161 in
2951 1097 3340 1170 hominibuS,
3388 1115 3463 1160 eo

370 1210 585 1265 nostra
622 1222 763 1285 quae.
794 1210 1096 1284 tanquam
1138 1202 1346 1263 media
1386 1202 1752 1276 collocatur,
1784 1203 1863 1263 de
1971 1203 2139 1283 quod
2192 1219 2336 1263 caro
2385 1202 2529 1262 sint.
2580 1201 2900 1262 Interdum
2949 1207 3160 1260 autem
3208 1197 3465 1279 ponitur

368 1320 493 1382 qua
523 1302 795 1365 dicitur:
822 1302 897 1363 Ut
923 1319 1047 1363 non
1079 1319 1498 1381 quaecumque
1524 1300 1863 1373 vultiS,illa
1974 1318 2087 1382 pro
2119 1300 2418 1381 peccatiS,
2454 1306 2521 1359 ut
2555 1298 2644 1359 ibi
2681 1316 2694 1360 :
2727 1298 2848 1359 Vos
2889 1305 3102 1359 autem
3142 1314 3268 1358 non
3311 1296 3462 1357 estis
3489 1321 3755 1364 Romxuho.

370 1400 637 1461 faciatis,
672 1401 758 1462 Dc
789 1418 915 1481 qua
943 1418 1010 1461 re
1050 1399 1363 1479 quamviS‚
1400 1408 1468 1460 ut
1499 1400 1653 1473 dixi,
1687 1399 1861 1462 colli-
1972 1400 2037 1461 in
2082 1416 2292 1470 carne,
2339 1398 2448 1459 sed
2495 1398 2558 1458 in
2601 1396 2872 1477 spiritu3
2913 1403 2977 1456 et
3024 1413 3264 1466 rursus,
3308 1393 3462 1456 Caro
3525 1418 3756 1467 lem-av,

367 1517 591 1578 gamus
641 1499 947 1579 quasdam
1005 1497 1369 1559 occasiones
1427 1497 1861 1577 intelligentiae
1960 1484 2031 1559 'et
2071 1496 2327 1576 sanguis
2369 1514 2633 1575 regnum
2678 1494 2786 1555 Dei
2834 1510 2958 1555 non
3005 1491 3460 1573 possidebunt3
3492 1485 3560 1524 ⁵⁰·

366 1615 441 1657 ex
474 1596 819 1678 praedictiS,
852 1596 1147 1657 volumus
1190 1604 1397 1658 tamen
1432 1595 1677 1677 aliquid
1710 1595 1862 1656 luci·
1971 1614 2118 1657 nam
2158 1593 2453 1656 subdit-ur
2484 1592 2570 1654 ibi
2608 1612 2622 1655 z
2656 1592 2873 1672 Neque
2912 1590 3234 1672 corruptio
3263 1590 3466 1651 incor-

368 1695 507 1756 dius
561 1694 744 1757 nobis
790 1714 981 1775 super
1024 1695 1141 1755 hoc
1181 1694 1515 1774 disputari,
1557 1694 1857 1775 quoniam
1972 1694 2284 1776 ruptelam
2326 1692 2692 1773 possidebit.
2738 1690 3124 1771 Quandoque
3174 1706 3322 1750 vero
3369 1708 3466 1749 ac-

368 1792 511 1855 inde
544 1812 611 1855 se
642 1790 871 1855 obtulit
902 1792 1148 1855 occasio
1180 1792 1625 1872 disputationis
1657 1792 1853 1853 istius.
1972 1791 2208 1873 cipitur
2238 1808 2355 1871 pro
2384 1789 2753 1869 cognatione
2784 1794 2842 1849 et
2877 1786 3371 1869 propinquitate,
3397 1794 3466 1847 ut

1896 1893 1943 1954 B
1973 1890 2062 1952 ibi
2098 1907 2111 1951 :
2148 1890 2308 1950 Ecce
2341 1905 2454 1950 nos
2483 1906 2554 1950 os
2587 1895 2766 1948 tuum
2797 1894 2861 1947 et
2892 1903 3037 1947 caro
3067 1894 3174 1947 tua
3205 1902 3462 1962 sumus3
3511 1907 3757 1961 llReq.v,1.

770 2008 1274 2073 CAPITULUM
1332 2008 1452 2071 IX,
1970 1996 2033 2048 et
2070 1988 2408 2068 Apostolus
2452 1988 2537 2048 ait
2574 2005 2587 2049 :
2625 1986 2686 2048 Si
2733 1984 3049 2067 quomodo
3092 1983 3166 2044 ad
3213 1983 3466 2045 aemula-
3499 2004 3755 2055 Romanu.

1970 2086 2210 2147 tionem
2245 2102 2580 2166 provocem
2615 2102 2868 2145 carnem
2904 2100 3132 2153 meam,
3167 2087 3223 2142 et
3259 2081 3466 2142 salvos

1970 2184 2201 2246 faciam
2246 2182 2494 2263 aliquos
2537 2200 2613 2243 ex
2665 2181 2810 2243 illis.
2855 2180 3274 2253 Quaerendum
3318 2196 3467 2259 ergo

502 2282 737 2345 ANIEL
762 2299 776 2342 ε
802 2282 1169 2343 Discernere
1199 2281 1543 2343 divisiones
1572 2288 1631 2342 et
1666 2280 1864 2343 lineas
1973 2282 2326 2343 secundum
2357 2299 2550 2361 quam
2581 2279 2806 2340 harum
2847 2285 3117 2359 quatuor
3147 2276 3465 2357 significa-

531 2380 959 2462 quaestionum
1012 2388 1107 2441 est
1160 2379 1367 2459 portio
1416 2378 1863 2441 intellectualis
1974 2380 2222 2442 tionum
2260 2377 2630 2459 accipienda
2671 2377 2752 2438 sit.
2789 2396 2940 2436 caro
2982 2376 3043 2436 in
3089 2375 3298 2437 verbis
3341 2374 3466 2436 illis

365 2478 629 2553 notitiae,
674 2487 738 2540 et
786 2477 1063 2539 maxima
1104 2496 1249 2557 pars
1294 2476 1727 2557 intelligentiae
1770 2484 1866 2538 est
1970 2476 2275 2560 Apostoli.
2323 2476 2724 2537 Manifestum
2769 2482 2861 2536 est·
2907 2492 3181 2555 namque
3225 2472 3464 2534 dictum

366 2575 529 2637 scire
570 2576 726 2657 quid
772 2576 1037 2637 nescias,
1070 2575 1328 2655 Propter
1368 2575 1535 2655 quod
1578 2575 1811 2635 dicitur
1846 2592 1859 2635 ε
1975 2576 2131 2638 illud
2174 2573 2480 2656 Apostoli,
2528 2574 2684 2635 Caro
2728 2571 3121 2653 concupiscit
3165 2572 3466 2632 adversus
3542 2598 3756 2647 aaut&

136 2691 341 2763 rreum-u.
368 2674 701 2755 Insipienti
746 2673 1151 2753 interroganti
1197 2672 1509 2754 sapientia
1549 2672 1864 2754 reputabi·
1974 2674 2294 2757 spiritum,
2328 2681 2494 2733 stare
2531 2689 2654 2733 non
2697 2688 2878 2751 posse
2914 2670 2967 2730 si
2998 2690 3149 2728 earo
3180 2676 3467 2729 sumatur
3497 2665 3562 2705 ¹⁷·

120 2756 297 2859 ng-um
368 2780 487 2834 tur.
521 2772 681 2833 Nam
713 2772 1005 2853 quamvis
1036 2772 1425 2851 interrogans
1457 2771 1702 2850 ignoret
1730 2772 1861 2832 vim
1976 2775 2184 2856 primo
2226 2772 2442 2849 mod03
2477 2789 2592 2831 nec
2627 2770 2822 2831 etiam
2864 2768 2914 2829 si
2959 2767 3238 2829 secundo
3281 2766 3466 2827 modo

369 2871 711 2952 propositae
742 2870 1133 2951 quaestionis,
1168 2876 1377 2930 tamen
1410 2870 1561 2950 quia
1592 2870 1864 2949 pruden-
1972 2872 2344 2954 accipiatur,
2391 2869 2540 2951 quia
2584 2887 2783 2949 quum
2827 2866 3081 2938 dicitur,
3126 2866 3281 2926 Caro
3324 2882 3468 2926 con-

367 2977 460 3030 ter
508 2969 801 3049 inquirit,
855 2968 973 3029 hoc
1032 2967 1242 3049 ipsum
1302 2974 1631 3048 reputatur
1676 2967 1734 3028 ei
1784 2968 1862 3029 ad
1974 2970 2249 3050 cupiscit
2300 2969 2604 3030 adversus
2663 2966 2983 3046 spiritum,
3036 2980 3163 3025 non
3218 2961 3468 3042 capitur

364 3066 748 3146 sapientiam
793 3066 960 3146 quod
1006 3065 1349 3146 prudenter
1386 3065 1670 3144 agnoscit
1708 3065 1862 3146 quid
1902 3068 1944 3131 C
1972 3088 2125 3128 caro
2173 3068 2260 3128 ita
2316 3065 2584 3146 abrupte
2650 3081 2766 3145 pro
2823 3063 3081 3125 homine
3139 3068 3468 3143 peccatore

363 3164 625 3226 nesciat.
677 3164 893 3245 Itaque
936 3162 1287 3223 secundum
1332 3162 1707 3223 divisionem
1758 3180 1865 3223 no-
1975 3166 2141 3227 sicut
2184 3184 2383 3247 quum
2431 3164 2680 3243 legitur,
2723 3161 2858 3223 Non
2905 3158 3304 3242 permanebit
3343 3158 3468 3239 spi·
3499 3174 3689 3226 Gens..
3715 3179 3754 3217 a.

363 3272 559 3324 stram
593 3260 1034 3343 praehabitam,
1071 3268 1195 3321 tres
1228 3278 1326 3321 res
1360 3260 1424 3321 in
1454 3259 1667 3322 verbis
1707 3280 1861 3341 prae-
1974 3264 2135 3325 ritus
2188 3282 2366 3325 meus
2419 3262 2482 3323 in
2535 3259 2902 3323 hominibus
2958 3258 3116 3329 istis,
3169 3275 3244 3318 eo
3297 3258 3466 3338 quod

362 3361 553 3423 dictis
587 3366 931 3439 tanguntur
964 3375 978 3419 ε
1013 3358 1311 3420 videlicet
1349 3358 1865 3438 concupiscentia
1974 3361 2102 3423 sint
2146 3378 2310 3422 caro.
2355 3360 2571 3441 Neque
2615 3357 2787 3419 enim
2832 3358 2906 3418 de
2947 3355 3138 3417 rebus
3181 3355 3470 3417 substan-

364 3458 575 3521 carnis
618 3458 922 3520 adversus
972 3456 1292 3537 spiritum,
1340 3465 1402 3518 et
1450 3456 1713 3538 spiritus
1758 3458 1863 3517 ad·
1974 3458 2256 3533 tialibuS‚
2307 3459 2416 3519 sed
2465 3455 2820 3519 actualibus
2872 3455 3172 3537 loquitur,
3221 3474 3363 3535 quae.
3402 3453 3468 3514 in

364 3576 587 3619 versus
629 3574 909 3627 carnem,
942 3572 1211 3636 quarum
1257 3562 1477 3615 mutua
1516 3572 1728 3635 pugna
1766 3554 1867 3615 ha·
1975 3576 2103 3620 uno
2146 3557 2496 3636 eodemque
2541 3554 2798 3616 homine
2841 3554 3263 3616 colluctantur
3301 3551 3472 3632 sigil-

364 3655 469 3717 bet
510 3655 677 3717 hanc
720 3672 997 3724 causam,
1032 3660 1103 3713 ut
1141 3671 1215 3713 ea
1259 3671 1400 3732 quae
1444 3651 1737 3713 volumus
1783 3652 1868 3713 fa·
1976 3656 2152 3717 latim
2185 3661 2292 3715 aut
2331 3654 2569 3736 pariter
2598 3672 2744 3713 cum
2786 3652 3058 3732 quadam
3088 3648 3472 3711 vicissitudi-

365 3772 509 3815 cere
570 3770 983 3832 nequeamus.
1036 3751 1265 3823 Quarta
1326 3750 1519 3830 igitur
1575 3758 1865 3832 superest
1976 3772 2055 3813 ne
2106 3751 2582 3831 mutationeque
2631 3748 2956 3831 temporis,

364 3870 577 3924 causa,
622 3869 815 3931 quam
860 3867 987 3912 non
1036 3848 1481 3914 considerastis
1527 3864 1540 3909 :
1587 3855 1657 3909 ut
1700 3848 1867 3910 scili-

364 3958 465 4013 cet
506 3949 571 4011 id
612 3949 784 4031 quod
823 3948 1123 4010 nolumus
1163 3946 1492 4008 faciamus,
1535 3947 1717 4009 Nunc
1760 3947 1867 4027 igi·
2379 4001 2880 4065 CAPITULUM
2942 4001 3041 4063 XI

366 4054 471 4107 tur
512 4054 707 4108 restat
738 4052 808 4106 ut
846 4045 1025 4127 prius
1066 4062 1521 4125 cognoscamus
1553 4044 1683 4106 vim
1727 4063 1868 4106 con·
3049 4050 3062 4064 “

369 4144 912 4226 cupiscentiarum
969 4143 1261 4215 duarum,
1314 4141 1611 4204 videlicet
1660 4144 1865 4204 carnis
2022 4151 2185 4218 Quid
2218 4150 2326 4205 Ιιοο
2363 4151 2490 4206 loco
2527 4151 2776 4206 dicatur
2809 4166 2952 4205 caro
2989 4149 3065 4205 ab
3103 4117 3432 4221 Apostoloe

366 2132 698 2203 Responsio
740 2130 815 2185 de
853 2130 1161 2185 intellectu
1202 2134 1357 2183 recte
1398 2130 1859 2199 interroqantz'S.

367 4251 429 4305 ct
460 4243 751 4325 spiritua,
784 4250 847 4303 et
878 4242 963 4303 ita
1004 4241 1263 4302 demum
1293 4240 1618 4302 valeamus
1658 4242 1867 4303 discu-
1898 4248 1947 4309 D
2136 4246 2194 4296 et
2223 4240 2377 4312 quid
2403 4240 2486 4295 sit
2515 4240 3004 4312 concupiscentia
3031 4240 3312 4311 spiritus.

368 4349 499 4403 tere
544 4360 688 4421 quae
726 4340 810 4401 sit
852 4346 1066 4401 nostra
1107 4338 1399 4400 voluntas
1451 4338 1656 4419 posita
1703 4339 1869 4400 inter

368 4445 673 4521 utrasque
713 4456 728 4516 ;
789 4438 1017 4500 deinde
1076 4436 1372 4499 similiter
1428 4437 1865 4499 discernamus
2052 4436 2330 4499 DClRCO
2375 4436 2496 4498 hoc
2541 4436 2678 4498 loco
2722 4436 2980 4498 nomine
3029 4435 3237 4497 carnis
3287 4436 3469 4498 debe·

369 4536 523 4618 quid
566 4535 771 4618 possit
814 4553 941 4597 non
983 4553 1121 4596 esse
1167 4542 1394 4597 nostrae
1436 4533 1799 4596 voluntatis,
2080 4554 2221 4596 mus
2267 4534 2558 4615 accipere
2602 4553 2728 4597 non
2772 4534 2979 4596 carnis
3022 4533 3464 4607 substantiam,

1974 4634 2084 4694 sed
2128 4633 2337 4695 carnis
2382 4631 2796 4705 voluntatem,
2838 4651 2949 4693 seu
2994 4633 3270 4713 pessima
3309 4633 3469 4694 desi-

786 4761 1291 4825 CAPITULUM
1353 4761 1442 4823 X·
1974 4732 2148 4793 deria
2195 4731 2378 4811 ejus3
2425 4750 2538 4812 per
2585 4730 2883 4812 spiritum
2933 4749 3186 4812 quoque
3237 4730 3466 4792 intelli-

1971 4848 2117 4911 gere
2158 4848 2273 4891 nos
2315 4836 2558 4911 oportet
2591 4846 2716 4891 non
2747 4828 3027 4909 aliquam
3069 4829 3463 4910 spiritualem

1973 4929 2416 5000 substantiam,
2450 4928 2560 4990 sed
2602 4926 2768 4989 bona
2805 4946 2879 4989 ac
2918 4928 3273 5009 spiritualia
3309 4928 3468 4990 desi-

1975 5028 2147 5089 deria
2187 5027 2433 5088 animae.
2470 5026 2668 5098 Quem
2708 5044 2965 5086 sensum
3008 5025 3176 5087 idem
3206 5026 3466 5106 Aposto-

517 5126 609 5191 OC
644 5144 907 5199 nomen,
937 5143 1103 5199 caro,
1134 5124 1577 5206 multipliciter
1608 5124 1671 5186 in
1706 5124 1865 5187 Scri·
1974 5125 2073 5187 lus
2123 5126 2249 5187 alio
2301 5124 2438 5187 loco
2498 5123 2824 5185 evidenter
2881 5124 3212 5204 expressit,
3262 5142 3460 5203 quum

541 5225 753 5307 pturis
800 5223 1133 5304 accipitur.
1188 5224 1510 5285 Interdum
1560 5224 1731 5285 enim
1782 5224 1863 5285 si·
1972 5224 2107 5286 ait:
2145 5222 2384 5303 Spiritu
2424 5221 2765 5295 ambulat-e,
2809 5229 2870 5283 et
2906 5220 3218 5283 desideria
3255 5221 3461 5282 carnis
3535 5242 3757 5294 σώοις

369 5322 627 5401 gnificat
661 5322 982 5402 integrum
1012 5320 1339 5383 hominem
1380 5321 1491 5402 qui
1532 5339 1609 5384 ex
1653 5322 1866 5384 anima
1974 5339 2101 5383 non
2136 5319 2517 5403 perficietis3
2552 5336 2697 5382 caro
2728 5318 2900 5381 enim
2931 5318 3327 5402 concupiscit
3355 5318 3461 5380 ad-
3495 5307 3559 5355 ¹⁰2
3591 5308 3654 5346 ¹⁷·

423 4884 588 4950 Quod
615 4881 977 4938 vocabulum
1003 4882 1211 4936 carnis
1239 4882 1587 4952 accipiatur
1612 4882 1820 4937 multis

1009 4971 1221 5026 modis,
