4359 6267
597 705 836 778 aquam.
865 700 1042 781 gium
1076 719 1191 784 pro
1223 699 1440 771 tunica
1474 717 1487 761 :
1522 697 1792 780 diligens
1826 697 2121 761 inimicos
2152 705 2214 760 et
2249 714 2363 779 pro
2392 695 2443 758 A
2475 695 2743 772 alienus,
2776 697 3006 760 cadens
3052 698 3117 760 in
3156 697 3219 761 id
3260 701 3427 782 quod
3467 700 3685 762 Petrus
3722 707 3987 781 aposto-

571 779 638 820 44.

603 1203 740 1247 Helm
761 1218 834 1256 vu,

573 1268 638 1316 18,
667 1268 731 1310 ¹9.

588 1598 834 1649 Ezechax.

571 1667 639 1708 25.

592 3566 772 3671 ’'blanh-
790 3582 830 3618 v,

568 3633 588 3674 1
622 3661 632 3672 .

563 4644 752 4694 Roman.
763 4651 826 4690 ¹⁵.

864 509 985 574 388

865 799 1434 862 calumniatoribus
1463 817 1672 872 oranS,
1707 799 1825 860 iste
1864 797 2101 879 repulit
2134 797 2362 878 jugum

865 898 1132 980 peccati,
1166 907 1228 961 et
1258 898 1514 961 vincula
1549 897 1690 977 ejus
1723 895 1985 977 dirupit.
2019 895 2155 958 Non
2187 894 2361 957 enirn

865 996 1024 1058 vivit
1053 996 1174 1058 sub
1207 995 1364 1077 lege,
1397 1015 1540 1077 quae
1574 1012 1701 1056 non
1733 993 1993 1075 perimit
2023 992 2363 1055 seminaria

864 1093 1167 1156 vitiorum
1219 1094 1416 1175 (unde
1468 1109 1597 1155 non
1651 1092 1972 1154 immerito
2021 1091 2363 1174 Apostolus

863 1191 953 1253 ait
980 1192 1058 1253 de
1089 1211 1183 1266 ea,
1219 1185 1597 1274 Reprobatio
1628 1189 1705 1251 fit
1735 1189 2151 1271 praecedentis
2189 1207 2361 1250 man-

863 1289 989 1351 dati
1035 1296 1296 1371 propter
1339 1287 1779 1350 infirmitatem
1823 1287 1962 1368 ejus
2013 1295 2077 1350 et
2121 1288 2361 1349 inutili-

863 1371 1056 1449 tatem
1093 1405 1107 1450 :
1151 1387 1312 1449 nihil
1355 1387 1527 1448 enim
1571 1386 1651 1448 ad
1693 1385 2048 1467 perfectum
2100 1387 2363 1448 adduxit

866 1486 1002 1564 lex;
1039 1493 1102 1548 et.
1143 1485 1451 1548 Dominus
1492 1485 1774 1566 loquitur
1813 1503 1928 1566 per
1959 1485 2357 1567 Prophetam‚

863 1585 1018 1647 Dedi
1057 1584 1150 1646 eis
1197 1591 1512 1666 praecepta
1552 1601 1677 1645 non
1723 1583 1908 1656 bona,
1949 1591 2012 1644 et
2048 1582 2361 1663 justifica-

863 1683 1067 1745 tiones
1109 1683 1175 1744 in
1216 1682 1448 1764 quibus
1488 1700 1615 1744 non
1646 1681 1912 1761 vivent),
1947 1682 2056 1744 sed
2094 1681 2237 1743 talis
2267 1681 2359 1744 vi-

864 1781 955 1843 vit
1005 1780 1124 1842 sub
1172 1781 1394 1861 gratia,
1447 1800 1588 1861 quae
1636 1787 1924 1862 amputat
1972 1797 2098 1842 non
2147 1780 2355 1843 solum

1557 529 1972 576 COLLATIONUH
2013 530 2099 575 SS.
2133 529 2377 575 PA'muu
2416 529 2592 575 LIBER
2633 529 2695 574 11.
2740 548 2821 556 —
2862 528 3147 576 coLLATlo
3187 529 3293 575 XXI

2474 795 2573 856 lus
2616 796 2801 858 docet
2842 816 2981 860 esse
3024 799 3400 872 cavendum,
3442 798 3711 861 dicendo
3750 817 3766 860 ε
3808 799 3979 873 Qua·
4014 814 4321 864 {Peranna

2475 893 2528 954 si
2576 893 2780 968 liberi,
2822 903 2887 956 et
2930 914 3058 958 non
3102 897 3285 978 quasi
3328 897 3619 959 velamen
3661 897 3975 960 habentes

2476 991 2734 1055 malitiae
2774 993 3170 1073 libertatem3
3212 994 3440 1056 Paulus
3480 1012 3735 1077 quoque
3768 1013 3781 1056 :
3816 997 3970 1069 vos,

2476 1089 2705 1172 inquit,
2748 1091 2815 1153 in
2861 1091 3218 1155 libertatem
3258 1093 3465 1156 vocati
3504 1093 3676 1167 estiS,
3712 1093 3969 1168 fratres,

2472 1189 2579 1268 (ut
2639 1189 2883 1251 scilicet
2940 1190 3214 1253 absoluti
3273 1191 3411 1254 sitis
3469 1211 3506 1253 a
3562 1192 3972 1255 damnatione

2475 1286 2839 1369 culparum)
2886 1295 3134 1351 tantum
3192 1309 3273 1352 ne
3332 1289 3689 1352 libert-atem
3742 1291 3809 1352 in
3862 1308 3973 1353 oc-

2475 1385 2795 1447 casionem
2844 1387 3005 1448 detis
3056 1387 3285 1458 carnis,
3335 1388 3397 1448 id
3449 1395 3565 1462 est,
3611 1388 3973 1451 evacuatio-

2472 1501 2621 1544 nem
2668 1483 2965 1564 legalium
3016 1494 3479 1567 praeceptorum
3526 1503 3653 1548 non
3696 1487 3974 1548 credatis

2472 1600 2611 1644 esse
2656 1583 2961 1664 peccandi
3012 1583 3353 1646 licentiam.
3399 1584 3589 1647 Porro
3630 1585 3799 1666 quod
3848 1586 3976 1647 ista

2473 1679 2732 1742 libertas
2771 1699 2897 1743 non
2930 1681 3011 1744 sit
3039 1681 3164 1745 nisi
3204 1682 3315 1745 ubi
3347 1682 3652 1745 Dominus
3693 1702 3806 1764 per
3832 1701 3979 1764 gra-

2470 1778 2624 1840 tiam
2656 1787 3103 1856 commoratur,
3129 1781 3311 1843 docet
3340 1781 3569 1843 Paulus
3598 1800 3799 1863 quum
3830 1782 3923 1843 ait
3954 1799 3969 1843 :

4069 1011 4265 1054 Galat.
4290 1025 4321 1062 τ,

4016 1077 4099 1117 ¹2.

861 1896 1069 1941 ramos
1111 1877 1435 1959 nequitiae,
1477 1878 1587 1939 sed
1630 1878 1891 1940 omnino
1933 1877 2150 1940 evellit
2192 1878 2354 1940 radi·
2392 1877 2441 1940 B
2470 1876 2779 1939 Dominus
2818 1877 3091 1960 Spiritus
3120 1886 3251 1958 est3
3287 1879 3395 1941 ubi
3436 1886 3647 1941 autem
3690 1878 3973 1961 Spiritus
4056 1896 4321 1946 neom..

863 1995 967 2039 ces
1011 1977 1215 2040 noxiae
1255 1976 1619 2039 voluntatis,

1166 2194 1670 2258 CAPITULUM
1732 2193 2046 2257 XXXIV.

952 2313 1230 2383 Qualiter
1257 2315 1397 2388 quis
1418 2313 1716 2386 probetur
1742 2330 1866 2370 esse
1894 2314 2004 2370 sub
2031 2316 2262 2386 qratia.

1009 2468 1082 2531 Ul
1118 2485 1268 2549 ergo
1309 2467 1624 2530 studuerit
1663 2466 1998 2533 observare
2039 2469 2356 2548 evangeli-

867 2464 997 2678 Ο
1025 2585 1114 2630 cae
1162 2565 1621 2648 perfectionem
1669 2565 1991 2639 doctrinae,
2043 2584 2172 2629 non
2220 2585 2358 2648 pre·

864 2673 1058 2726 mltur
1096 2665 1527 2728 dominatione
1572 2664 1837 2746 peccati,
1869 2671 2087 2746 utpote
2127 2666 2358 2728 consti-

859 2771 1034 2825 tutus
1097 2763 1218 2826 sub
1275 2763 1495 2844 gratia.
1560 2762 1690 2824 Hoc
1751 2781 2026 2844 namque
2081 2772 2178 2825 est
2236 2763 2355 2825 sub

859 2863 1060 2944 gratia
1105 2881 1267 2936 esse,
1308 2881 1382 2924 ea
1425 2881 1568 2943 quae
1614 2861 1868 2923 mandat
1913 2862 2115 2942 gratia
2160 2862 2357 2925 adim-

862 2961 1486 3044 plere-Quicumque
1525 2977 1675 3042 ergo
1718 2959 1994 3022 noluerit
2031 2979 2170 3022 esse
2212 2960 2357 3022 sub-

855 3059 1064 3142 jectus
1095 3059 1478 3141 plenitudini
1509 3058 1890 3140 evangelicae
1921 3058 2352 3140 perfectioniS,
2393 3061 2437 3125 C

859 3159 1018 3221 sciat
1074 3177 1141 3219 se
1199 3175 1327 3220 non
1386 3177 1523 3220 esse
1582 3156 1702 3220 sub
1759 3158 1980 3238 gratia,
2035 3158 2143 3220 sed
2199 3177 2356 3240 prae-

861 3257 1148 3338 peditum
1207 3256 1414 3317 adhuc
1473 3255 1747 3317 vinculis
1788 3255 1967 3336 ‘legis
2025 3255 2357 3337 (quamvis

860 3354 1150 3417 videatur
1192 3353 1316 3416 sibi
1361 3352 1714 3434 baptizatus
1757 3372 1830 3415 ac
1870 3354 2267 3434 monachus),
2301 3354 2353 3416 si

861 3452 1104 3534 peccati
1146 3451 1424 3534 pondere
1468 3459 1913 3532 praegravetur.
1955 3451 2355 3533 Propositum

861 3557 956 3612 est
993 3549 1165 3612 enim
1207 3548 1459 3622 Christi,
1502 3549 2014 3630 superaedificare
2055 3557 2118 3612 et
2158 3549 2354 3612 adim-

859 3648 1036 3730 plere
1092 3646 1392 3710 Mosaicas
1448 3646 1786 3728 jussiones,
1848 3646 2024 3721 Quod
2090 3647 2351 3729 quidam

859 3746 1113 3827 penitus
1157 3745 1539 3826 ignoranteS,
1581 3752 1640 3806 et
1681 3745 2070 3827 negligentes
2113 3746 2354 3827 magni-

856 3843 1185 3906 ficentiam
1246 3843 1670 3906 consiliorum·
1712 3844 2351 3926 exhortationumque

857 3942 1111 4017 Christi,
1133 3942 1218 4004 ita
1243 3942 1648 4004 resolvuntur
1671 3942 2011 4005 securitate
2040 3943 2350 4006 libertatis

857 4048 1400 4124 praesumptuosae,
1433 4048 1504 4102 ut
1533 4058 1660 4103 non
1693 4041 1901 4104 solum
1933 4041 2165 4104 Christi
2197 4061 2352 4124 prae-

856 4148 1039 4222 cepta
1069 4158 1194 4202 non
1226 4139 1533 4220 attingant
1566 4158 1685 4201 nec
1717 4139 2025 4221 impleant
2045 4149 2349 4223 tanquam

2468 1975 2745 2050 Domini,
2777 1975 2869 2037 ibi
2901 1976 3179 2040 libertas.
3212 1977 3606 2060 Quapropter
3634 1977 3853 2059 ignoro
3884 1997 3972 2040 an

2469 2075 2786 2155 potuerim
2812 2074 3132 2138 elucidare
3160 2085 3350 2158 atque
3379 2077 3737 2158 exprimere
3767 2077 3972 2138 istum

2468 2171 2637 2234 beati
2687 2173 2972 2256 Apostoli
3030 2194 3312 2250 sensum,
3364 2174 3529 2237 sicut
3581 2174 3645 2237 hi
3705 2173 3974 2256 sapiunt

2468 2271 2579 2352 qui
2619 2280 2769 2334 sunt
2800 2273 3082 2355 experti3
3125 2293 3325 2335 unum
3363 2273 3765 2356 apertissime
3802 2274 3969 2347 scic,

2467 2369 2767 2432 videlicet
2805 2390 3063 2433 sensum
3104 2371 3287 2435 illum
3327 2371 3627 2434 omnibus
3668 2372 3970 2445 reserari,

2468 2467 2659 2529 etiam
2700 2468 2839 2532 sine
2872 2470 3266 2552 expositione
3300 2470 3701 2552 cujusquam,
3734 2470 3846 2551 qui
3880 2477 3977 2532 te-

2467 2565 2724 2628 nuerint
2753 2567 3065 2629 actualem
3106 2567 3439 2630 scientiam
3472 2587 3583 2630 seu
3616 2567 3972 2650 practicam

2468 2662 2873 2746 disciplinam
2906 2665 3257 2728 insistendo
3286 2666 3849 2748 exstirpationibus
3880 2667 3979 2728 vi-

2468 2762 2724 2824 tiorum.
2769 2763 2906 2825 Non
2954 2763 3129 2825 enim
3180 2763 3558 2826 laborabunt
3602 2765 3680 2827 ad
3730 2764 3973 2828 intelli-

2467 2860 2747 2941 gendum
2794 2861 2855 2923 id
2900 2862 3069 2942 quod
3114 2861 3456 2924 didicerint
3498 2864 3837 2945 operando.

2792 3087 3295 3152 CAPITULUM
3356 3090 3636 3155 XXXV.

2619 3209 2744 3264 Cur
2770 3209 2979 3264 acrius
3008 3210 3429 3282 impuqnemur
3454 3211 3813 3267 carnalibus

2770 3299 3095 3354 incentivis
3124 3299 3263 3354 dum
3284 3299 3661 3371 jejunamus.

2608 3449 2967 3513 ERMANUS
3000 3467 3014 3513 t
3055 3449 3415 3515 Clarissime
3454 3453 3699 3516 solvisti
3736 3455 3972 3518 obscu-

2633 3547 2951 3610 rissimam
3000 3549 3439 3631 quaestionem,
3490 3560 3679 3634 atque
3728 3562 3800 3615 ut
3846 3575 3967 3618 aes-

2464 3646 2787 3722 timamuS,
2843 3647 3063 3710 multis
3122 3648 3527 3730 incognitam.
3582 3651 3755 3714 Unde
3814 3673 3969 3734 pre-

2468 3764 2689 3807 camur
2759 3753 2829 3808 ut
2893 3747 3015 3808 hoc
3084 3764 3339 3829 quoque
3408 3748 3671 3830 adjicias
3744 3760 3969 3815 nostro

2467 3843 2802 3926 profect-ui,
2836 3852 2900 3908 et
2937 3845 3274 3927 diligenter
3310 3847 3592 3910 declares
3636 3867 3751 3910 cur
3792 3869 3967 3933 saepe

2463 3942 2737 4004 acriores
2775 3961 3005 4024 pugnae
3034 3943 3390 4006 excitentur
3420 3945 3485 4008 in
3525 3946 3731 4020 nobis,
3764 3967 3971 4029 quan-

2464 4041 2545 4103 do
2585 4041 2963 4123 propensius
3000 4041 3366 4122 jejunamus
3396 4052 3461 4106 et
3490 4045 3691 4126 magis
3729 4047 3971 4109 exhau-

2464 4139 2543 4201 sti
2575 4139 3077 4221 deficientesque
3108 4160 3348 4204 sumus.
3374 4141 3531 4204 Nam
3562 4163 3731 4225 saepe
3758 4164 3969 4226 quan-

853 4239 1070 4312 ardua,
1107 4237 1237 4300 imo
1266 4245 1329 4300 et
1359 4244 1661 4318 spernant
1690 4256 1764 4299 ea
1794 4257 1936 4319 quae
1965 4238 2235 4301 Mosaica
2265 4240 2350 4302 le·
2378 4237 2433 4298 1)
2463 4238 2543 4300 do
2573 4237 2949 4318 evigilamus
2978 4247 3042 4302 et
3072 4239 3434 4302 invenimus
3473 4258 3587 4304 nos
3628 4241 3695 4304 in
3734 4261 3969 4310 somno

853 4355 930 4418 ge
961 4335 1256 4398 mandata
1285 4343 1434 4398 sunt
1461 4335 1554 4396 eis
1585 4335 1759 4397 velut
1791 4335 2250 4417 incipientibus
2289 4346 2353 4399 et

855 4434 1143 4516 pusillis3
1185 4453 1326 4515 quae
1368 4439 1787 4514 aspernantur
1824 4433 2022 4496 veluti
2064 4434 2352 4516 antiqua—

857 4541 940 4607 ta,
973 4532 1257 4594 dicentes
1291 4531 1582 4594 libertate
1611 4531 1969 4612 periculosa
2004 4532 2160 4595 illud
2191 4533 2355 4617 Apo-

858 4629 1004 4692 stoli
1052 4646 1067 4691 :
1115 4628 1545 4704 peccabimus,
1589 4629 1740 4710 quia
1784 4647 1912 4693 non
1961 4649 2182 4694 sumus
2231 4632 2351 4695 sub

858 4728 1016 4809 lege,
1050 4727 1160 4790 sed
1199 4726 1320 4790 sub
1349 4726 1583 4808 gratia?
1613 4727 1730 4801 Qui
1761 4747 1911 4810 ergo
1941 4747 2068 4793 non
2106 4737 2203 4793 est
2231 4730 2352 4793 sub

855 4825 1076 4908 gratia,
1110 4825 1409 4910 quoniam
1457 4844 1582 4888 non
1624 4828 1912 4890 ascendit
1950 4828 2205 4892 culmen
2244 4830 2350 4893 do-

856 4924 1076 4987 ctrinae
1119 4923 1374 4998 Christi,
1422 4942 1629 5005 neque
1672 4925 1792 4987 sub
1834 4925 1990 5007 lege,
2027 4927 2179 5008 quia
2222 4946 2348 4990 non

856 5022 1126 5105 suscipit
1154 5022 1418 5104 parvula
1450 5022 1606 5103 legis
1638 5032 1974 5106 praecepta‚
2007 5042 2351 5107 oppressus

853 5129 950 5183 cst
980 5120 1222 5203 duplici
1252 5120 1556 5183 vitiorum
1586 5121 1876 5203 imperio,
1897 5130 2086 5204 atque
2116 5122 2201 5185 ob
2231 5124 2351 5186 hoc

855 5219 1062 5282 solum
1104 5219 1306 5282 credit
1335 5237 1401 5281 se
1436 5219 1798 5300 percepisse
1836 5220 2102 5300 gratiam
2143 5220 2352 5284 Salva-

854 5317 1032 5392 toriS,
1065 5324 1135 5378 ut
1164 5316 1281 5379 fiat
1309 5316 1389 5379 ab
1427 5333 1503 5380 eo
1541 5335 1656 5400 per
1696 5317 2052 5380 libertatem
2091 5319 2348 5382 noxiam

2465 4337 2760 4418 pollutos,
2803 4337 2891 4399 ita
2938 4337 3237 4418 dejicitur
3284 4339 3671 4402 conscientia
3720 4351 3963 4416 nostra,

2464 4443 2535 4496 ut
2580 4452 2707 4497 non
2765 4435 3111 4498 audeamus
3169 4435 3559 4500 fiducialiter
3614 4439 3693 4500 ad
3752 4441 3963 4522 ipsam

2462 4534 2811 4597 orationem
2856 4551 3255 4616 consurgere.

2767 4759 3271 4824 CAPITULUM
3332 4761 3647 4828 XXXVI.

2524 4880 2877 4952 Responsio,
2910 4881 3072 4953 quod
3096 4881 3221 4937 ltoec
3249 4883 3505 4956 quoestio
3535 4886 3907 4942 reservanda

2853 4970 2937 5025 sit
2963 4968 3197 5039 futuroe
3223 4971 3563 5028 collationi.

2586 5119 2891 5185 HEONAS
2924 5139 2939 5184 z
2974 5123 3269 5185 Studium
3307 5133 3588 5187 vestrum
3629 5144 3757 5207 quo
3798 5127 3965 5189 desi-

2605 5219 2839 5282 deratis
2870 5238 2996 5283 non
3027 5221 3409 5298 transitorie,
3432 5223 3543 5286 sed
3574 5223 3851 5305 perfecte
3880 5243 3964 5286 ac

2462 5319 2650 5404 plene
2692 5320 3002 5402 attingere
3040 5320 3211 5383 viam
3254 5320 3689 5405 perfectioniS‚
3732 5339 3961 5406 provo-

4012 1961 4097 2001 17.
