4359 6267
515 3333 530 3377 l
543 3333 779 3379 Gorsium.

541 3529 660 3573 Ibid.
687 3533 754 3574 u.

565 4404 702 4448 Hebr-
725 4419 780 4455 iv,

517 4469 584 4519 ¹2,
607 4470 672 4511 13.

543 5172 623 5216 Pe.
641 5185 776 5224 xxxii,

507 5239 772 5351 ἕζιυιιβὶ.

806 473 928 538 218

1509 492 1924 540 COLLATIONUM
1967 493 2051 537 SS.
2088 492 2331 537 PATRUM
2373 491 2548 536 LIBER
2588 491 2627 536 1.
2674 509 2754 518 —
2794 489 3080 538 coLLATm
3122 491 3207 536 vu

807 669 935 724 tem
969 681 1042 724 ac
1071 662 1447 745 sapientiam
1488 663 1864 736 resistentis,
1899 661 2301 744 praefocando
2331 660 2379 722 Α
2412 659 2781 722 abscondita
2823 659 3049 722 cordis.
3097 659 3392 721 Salomon
3434 675 3688 740 quoque
3730 675 3744 719 :
3794 655 3939 729 Qui
3978 668 4045 712 ιιι
4062 668 4277 724 neyma

807 761 1086 843 pondere
1129 770 1239 825 tuo
1286 762 1707 845 principalem
1758 769 1999 844 partem
2050 780 2124 822 ac
2167 761 2299 822 vim

805 860 1035 924 animae
1076 860 1237 942 ejus.

1173 1113 1680 1178 CAPITULUM
1743 1113 1932 1176 XIII.

807 1261 979 1328 Quod
1022 1262 1284 1333 spiritus
1321 1267 1558 1317 creatus
1595 1261 1856 1332 spiritui
1893 1266 2095 1316 creato
2125 1276 2307 1333 pene-

880 1350 1130 1406 trabilis
1166 1366 1290 1406 esse
1327 1367 1449 1407 non
1478 1351 1698 1422 possit,
1733 1351 1838 1406 sed
1876 1350 1995 1406 soli
2033 1352 2309 1422 incorpo-

878 1456 980 1496 reo
1016 1441 1158 1497 Deo.

947 1645 1043 1709 EC
1082 1647 1256 1709 enim
1299 1647 1354 1708 si
1399 1647 1661 1729 spiritus
1710 1647 1915 1708 malus
1965 1646 2307 1709 misceatur

976 1744 1125 1806 huic
1157 1763 1368 1807 crasso
1399 1763 1471 1806 ac
1504 1745 1710 1807 solido
1749 1745 2022 1826 corpori,
2059 1752 2128 1806 ut
2158 1743 2304 1804 fieri

805 1958 873 2001 se
916 1941 1087 2002 uniri
1137 1941 1329 2003 etiam
1376 1941 1626 2015 animae,
1668 1960 1810 2023 quae
1852 1949 1948 2003 est
1991 1940 2128 2022 ipsa
2177 1940 2305 2022 spi-

805 2039 988 2114 rituS,
1023 2046 1092 2101 ut
1135 2039 1380 2101 labatur
1422 2040 1488 2102 in
1531 2039 1672 2121 ejus
1709 2039 2051 2102 essentiam
2086 2057 2100 2102 ε
2134 2038 2304 2120 quod

803 2136 922 2199 soli
973 2155 1240 2200 summae
1289 2137 1580 2200 Trinitati
1630 2137 1932 2220 possibile
1992 2144 2110 2212 est,
2162 2156 2305 2219 quae

802 2251 1060 2297 omnem
1110 2235 1606 2298 intellectualem
1655 2243 2009 2297 creaturam
2057 2235 2149 2297 sic
2202 2253 2306 2316 pe-

804 2339 1029 2405 netrat,
1065 2340 1135 2393 ut
1165 2351 1305 2394 eam
1337 2349 1466 2395 non
1500 2333 1708 2395 solum
1743 2332 2308 2414 circumplectatur

801 2436 866 2490 et
907 2428 1166 2504 ambiat,
1209 2430 1320 2493 sed
1365 2430 1558 2492 etiam
1601 2430 1658 2492 ei
1705 2429 2022 2504 illabatur,
2065 2436 2129 2490 et
2169 2437 2306 2490 tan-

802 2546 994 2609 quam
1037 2527 1408 2610 incorporea
1447 2527 1821 2590 infundatur
1859 2527 1919 2590 ei
1961 2545 2300 2610 corporeae.

801 2625 1100 2700 Quamvis
1129 2626 1304 2688 enim
1339 2626 1624 2689 dicamus
1662 2627 1969 2708 quasdam
2006 2644 2144 2688 esse
2177 2625 2304 2707 spi-

801 2723 1063 2786 rituales
1107 2731 1387 2799 naturas,
1435 2732 1504 2786 ut
1547 2732 1696 2787 sunt
1739 2725 1986 2804 Angeli,
2029 2724 2306 2786 Archan-

800 2821 950 2903 geli,
1012 2821 1406 2904 virtutesque
1471 2831 1696 2886 ceterae
1761 2841 1833 2884 ac
1897 2823 2133 2896 anima,
2197 2840 2306 2883 aer

803 2938 1057 3003 quoque
1090 2921 1205 2983 iste
1237 2921 1512 2996 subtilis,
1541 2922 1928 3003 incorporeae
1958 2930 2171 2983 tamen
2202 2940 2307 2982 ne-

802 3037 1123 3101 quaquam
1184 3020 1478 3100 putandae
1538 3027 1706 3082 sunt.
1761 3019 2006 3081 Habent
2063 3019 2303 3100 quippe
2344 3024 2387 3086 C

803 3117 1157 3179 secundum
1197 3137 1264 3180 se
1305 3135 1534 3200 corpus
1575 3137 1703 3200 quo
1745 3117 2122 3192 subsistunt,
2157 3117 2307 3179 licet

807 3215 1010 3277 multo
1059 3214 1358 3278 subtilius
1411 3234 1602 3297 quam
1663 3234 1795 3278 nos.
1849 3215 2006 3278 Nam
2056 3215 2309 3278 diversa

809 3319 958 3375 sunt
997 3330 1282 3395 corpora,
1315 3314 1482 3375 sicut
1520 3314 1606 3375 ait
1636 3314 1972 3395 Apostolus
2009 3331 2022 3374 :
2057 3313 2134 3374 Et
2173 3331 2306 3375 cor-

811 3429 965 3492 pora
1027 3411 1309 3474 coelestia
1368 3420 1432 3473 et
1488 3430 1752 3494 corpora
1813 3411 2185 3490 terrestria3
2244 3420 2307 3473 et

811 3527 1029 3570 rursus
1061 3525 1074 3570 :
1109 3509 1472 3571 Seminatur
1502 3528 1732 3591 corpus
1763 3509 2059 3582 animale,
2093 3516 2308 3590 surget

811 3624 1040 3688 corpus
1081 3607 1433 3688 spirituale.
1467 3607 1707 3680 Quibus
1752 3608 2108 3670 ostenditur
2144 3607 2308 3669 nihil

808 3723 948 3766 esse
979 3705 1423 3786 incorporeum
1457 3706 1580 3767 nisi
1611 3706 1830 3768 Deum.
1849 3705 2009 3768 Hinc
2038 3705 2097 3767 ei
2129 3707 2310 3767 dum-

809 3808 977 3863 taxat
1007 3801 1420 3883 penetrabilis
1451 3809 1546 3864 est
1574 3803 1778 3865 omnis
1809 3803 2160 3864 substantia
2189 3803 2311 3884 spi-

809 3899 1056 3962 ritualis
1110 3906 1173 3962 et
1223 3900 1669 3963 intellectualis
1729 3909 1959 3976 creata,
2013 3919 2088 3963 eo
2137 3902 2307 3982 quod

807 3997 1003 4072 soluS,
1035 4005 1100 4060 et
1143 4005 1332 4074 totuS,
1375 4007 1438 4061 et
1481 3998 1742 4081 ubique,
1785 4008 1848 4060 et
1894 4000 1959 4061 in
2007 3999 2307 4061 omnibus

807 4095 928 4174 sit3
972 4097 1056 4158 ita
1104 4104 1173 4158 ut
1225 4097 1525 4178 inspiciat
1563 4116 1638 4158 ac
1683 4097 2025 4178 perlustret
2075 4098 2307 4179 cogita-

2414 758 2584 820 solus
2628 759 2792 820 nosti
2838 758 3028 820 corda
3068 757 3353 820 filiorum
3398 756 3750 821 hominum.

2784 1013 3288 1077 CAPITULUM
3352 1013 3534 1076 XIV.

2532 1161 2826 1232 Objectio,
2866 1179 2949 1219 an
2990 1163 3286 1220 doemones
3328 1162 3498 1218 credi
3542 1160 3805 1217 debeant

2612 1253 3013 1324 cogitationes
3055 1253 3357 1324 inspicere
3396 1253 3716 1307 hominum.

2558 1449 2918 1512 ERMANUS
2952 1467 2966 1512 :
3003 1450 3093 1512 Ex
3132 1450 3251 1512 hac
3292 1450 3535 1512 ratione
3572 1467 3647 1511 ac
3682 1449 3941 1512 doctri-

2586 1566 2667 1610 na
2725 1549 2905 1630 sequi
2954 1549 3208 1610 videtur
3255 1549 3425 1630 quod
3474 1549 3735 1630 spiritus
3802 1549 3941 1610 im-

2416 1646 2639 1708 mundi
2680 1664 2806 1708 non
2848 1647 3093 1728 possint
3124 1647 3537 1726 cogitationes
3577 1646 3935 1708 hominum

2420 1743 2654 1806 intueri
2698 1752 2807 1806 aut
2854 1745 3040 1818 scire,
3082 1745 3253 1826 quod
3300 1744 3613 1807 aestimare
3660 1753 3939 1826 reputa-

806 1842 1111 1904 facillime
1149 1843 1330 1916 solet,
1367 1843 1605 1906 idcirco
1644 1843 1995 1906 credendus
2033 1849 2128 1904 est
2163 1860 2303 1923 pos·
2340 1839 2388 1902 B
2422 1861 2562 1904 mus
2591 1843 2773 1905 valde
2803 1842 3173 1916 absurdum,
3206 1861 3407 1924 quum
3437 1843 3606 1904 dicat
3632 1843 3939 1924 Scriptu-

2418 1959 2485 2002 ra
2517 1959 2531 2003 :
2567 1940 2631 2003 Si
2661 1941 2923 2022 spiritus
2960 1947 3336 2022 potestatem
3370 1939 3661 2002 habentis
3694 1959 3937 2002 ascen-

2414 2039 2577 2102 derit
2616 2058 2808 2121 super
2841 2047 2938 2116 te3
2972 2046 3033 2100 et
3076 2039 3308 2101 iterum
3334 2057 3348 2100 :
3373 2039 3581 2113 Quum
3614 2038 3929 2102 diabolus

2415 2138 2694 2200 misisset
2728 2138 2793 2200 in
2833 2155 2941 2202 cor
2969 2138 3143 2200 Judae
3178 2138 3453 2200 Simonis
3494 2138 3809 2200 Iscariotae
3842 2145 3931 2198 ut

2414 2236 2685 2298 traderet
2717 2235 3080 2298 Dominum.
3114 2235 3441 2309 Quomodo
3471 2253 3619 2317 ergo
3648 2235 3931 2298 creden-

2414 2333 2479 2396 di
2524 2341 2672 2396 sunt
2715 2341 2959 2395 nostras
2998 2333 3411 2414 cogitationes
3456 2352 3581 2396 non
3622 2351 3927 2406 noscere,

2415 2451 2686 2514 quarum
2728 2432 3071 2494 maximam
3114 2440 3359 2514 partem
3400 2433 3611 2494 sciunt
3644 2432 3797 2494 oriri
3838 2451 3931 2494 ex

2416 2550 2529 2594 sua
2575 2530 2972 2593 immissione
3015 2538 3077 2592 et
3121 2531 3575 2611 instigatione?

2809 2775 3313 2839 CAPITULUM
3378 2776 3527 2838 XV.

2420 2925 2772 2996 Responsio,
2802 2925 2957 2997 quid
2982 2925 3225 2996 possint
3254 2924 3549 2980 doemones
3586 2926 3655 2980 in
3690 2926 3931 2996 coqita-

2508 3013 2779 3071 tionibus
2810 3014 3139 3077 hominum,
3167 3014 3389 3087 quidve
3417 3031 3540 3070 non
3559 3015 3825 3086 possint.

2540 3210 2840 3272 ERENUS
2876 3227 2889 3272 ε
2923 3209 3094 3272 Nulli
3139 3209 3409 3273 dubium
3451 3219 3548 3273 est
3589 3211 3745 3293 quin
3790 3211 3927 3274 dae-

2570 3327 2787 3371 mones
2839 3308 3085 3390 possint
3142 3326 3521 3390 cognoscere
3579 3308 3927 3390 qualitates

2417 3405 2864 3488 cogitationum
2896 3414 3239 3468 nostrarum
3270 3426 3385 3488 per
3406 3407 3735 3470 sensibilia
3758 3426 3931 3488 quae—

2417 3506 2562 3568 dam
2604 3506 2785 3586 signa
2832 3505 3207 3580 forinsecuS,
3250 3513 3469 3588 utpote
3513 3524 3627 3588 per
3666 3514 3925 3568 nostras

2417 3604 2887 3686 dispositiones,
2939 3611 2999 3664 et
3061 3621 3176 3684 per
3221 3603 3417 3666 verba
3472 3622 3547 3665 ac
3593 3622 3785 3686 opera
3850 3604 3923 3666 in

2418 3703 2652 3784 quibus
2698 3701 3140 3783 prospexerint
3182 3718 3299 3763 nos
3341 3701 3767 3764 abundantius
3810 3719 3925 3764 oc-

2418 3800 2638 3882 cupari
2682 3808 2746 3862 et
2786 3799 2984 3862 affici.
3030 3799 3220 3862 Porro
3262 3800 3402 3862 illas
3446 3821 3587 3882 quae
3630 3800 3925 3863 nondum

2419 3899 2791 3980 prodierunt
2835 3899 2912 3959 de
2957 3898 3150 3970 intuS‚
3184 3897 3401 3961 videre
3446 3917 3571 3961 non
3624 3906 3916 3980 possunt.

2420 3997 2914 4079 Deprehendunt
2960 4014 3215 4078 quoque
3258 4004 3323 4058 et
3364 4005 3637 4059 noscunt
3686 3997 3926 4078 cogita-

2421 4096 2621 4158 tiones
2660 4095 2995 4157 hominum
3026 4113 3183 4176 quas
3226 4095 3524 4176 ingerunt
3552 4095 3667 4168 eiS,
3700 4103 3763 4158 et
3790 4096 3923 4156 sci-

808 4194 1012 4257 tiones
1077 4195 1486 4277 internosque
1548 4197 1884 4258 hominum
1951 4204 2182 4270 motuS,
2246 4205 2309 4259 et
2338 4202 2388 4264 D
2421 4202 2535 4255 unt
2572 4193 2845 4275 qualiter
2886 4193 3317 4274 suscipiantur
3355 4202 3465 4255 aut
3506 4193 3917 4256 refutentur:

809 4292 1107 4356 universa
1145 4294 1378 4355 mentis
1417 4301 1680 4367 secreta,
1713 4295 1866 4376 quia
1895 4295 1972 4356 de
2005 4295 2142 4376 ipso
2173 4294 2307 4358 solo

809 4390 972 4452 dixit
1017 4391 1356 4472 Apostolus
1411 4410 1424 4453 :
1477 4393 1672 4454 Vivus
1721 4399 1818 4454 est
1865 4393 2036 4455 enim
2097 4411 2307 4456 sermo

811 4488 922 4550 Dei
980 4497 1040 4550 et
1086 4489 1340 4564 efficax,
1392 4498 1452 4551 et
1506 4491 1750 4552 acutior
1809 4510 2000 4572 super
2049 4510 2306 4553 omnem

807 4586 1091 4666 gladium
1138 4587 1506 4670 ancipitem,
1560 4589 1924 4671 pertingens
1978 4609 2177 4671 usque
2228 4591 2306 4652 ad

809 4684 1186 4748 divisionem
1229 4686 1459 4750 animae
1498 4695 1560 4748 et
1599 4689 1885 4769 spiritus,
1925 4707 2306 4771 compagum

808 4798 1062 4863 quoque
1105 4789 1168 4844 et
1210 4783 1654 4858 medullarum,
1688 4793 1750 4846 et
1791 4785 2097 4848 discretor
2137 4787 2306 4866 cogi-

806 4879 1118 4943 tationum
1149 4887 1212 4942 et
1242 4881 1668 4944 intentionum
1700 4884 1930 4958 cordiS,
1960 4892 2022 4945 et
2053 4901 2180 4946 non
2212 4894 2309 4946 est

809 4977 938 5039 ulla
967 4987 1253 5041 creatura
1283 4979 1624 5044 invisibilis
1658 4982 1720 5043 in
1756 4990 2097 5063 conspectu
2132 4983 2304 5063 ejus;

805 5077 1021 5138 omnia
1064 5085 1278 5139 autem
1328 5086 1547 5159 aperta
1590 5086 1738 5140 sunt
1776 5078 1978 5141 oculis
2023 5080 2182 5159 ejus,
2222 5082 2307 5143 Dc

804 5193 933 5256 quo
980 5175 1068 5237 ait
1116 5184 1179 5237 et
1231 5177 1428 5239 David
1483 5194 1497 5238 :
1553 5178 1669 5251 Qui
1731 5177 1923 5239 finxit
1977 5178 2305 5258 sigillatim

806 5273 994 5336 corda
1033 5292 1293 5356 eorum3
1327 5281 1389 5336 et
1429 5275 1662 5338 iterum
1695 5293 1708 5339 :
1737 5277 1878 5358 lpse
1912 5276 2086 5338 enim
2129 5278 2306 5340 novit

2420 4310 2545 4354 non
2597 4310 2711 4372 per
2760 4297 3049 4353 naturam
3100 4290 3301 4372 ipsius
3350 4291 3599 4364 auimae,
3644 4299 3753 4352 aut
3800 4311 3927 4374 per

2422 4390 2786 4453 interiorem
2829 4389 3029 4470 ipsius
3071 4397 3315 4450 motum
3346 4389 3529 4471 quasi
3564 4389 3628 4450 in
3672 4390 3924 4452 medul-

2422 4489 2498 4550 lis
2543 4507 2655 4550 seu
2704 4487 2944 4549 intimis
2990 4487 3129 4569 ejus
3180 4487 3512 4566 latentem;
3556 4488 3667 4549 sed
3710 4505 3789 4550 ex
3840 4489 3929 4550 si-

2418 4587 2559 4669 gnis
2599 4595 2662 4648 et
2700 4586 2883 4648 factis
2927 4604 2999 4647 ac
3040 4585 3319 4647 motibus
3363 4586 3643 4648 hominis
3686 4587 3925 4648 exteri-

2419 4685 2567 4758 oriS,
2611 4692 2829 4766 utpote
2879 4702 3078 4766 quum
3130 4683 3561 4764 suggesserint
3604 4684 3923 4748 monacho

2418 4783 2653 4865 gulam,
2689 4790 3074 4863 cognoscunt
3112 4800 3261 4843 eum
3295 4781 3653 4844 consentire
3694 4801 3923 4864 sugge-

2420 4881 2610 4943 stioni
2666 4881 2923 4962 gulosae,
2977 4881 3029 4942 si
3079 4879 3355 4943 viderint
3402 4899 3551 4942 eum
3600 4881 3923 4944 curiosius

2419 4981 2661 5061 erigere
2710 4979 2968 5042 oculum
3017 4979 3096 5040 ad
3146 4978 3489 5040 fenestram
3538 4986 3648 5040 aut
3689 4979 3918 5054 solem,

2420 5087 2528 5140 aut
2559 5077 2895 5140 sollicitius
2932 5078 3009 5139 de
3042 5077 3197 5139 hora
3240 5077 3579 5159 inquirere.
3616 5077 3680 5139 Si
3714 5087 3921 5140 tenta-

2421 5177 2659 5239 tionem
2704 5176 3141 5238 fornicationis
3186 5175 3585 5257 ingesserint,
3630 5178 3923 5240 sentiunt

2421 5295 2567 5338 eum
2616 5275 3061 5357 {equanimiter
3106 5275 3307 5336 telum
3362 5275 3649 5338 libidinis
3706 5295 3923 5338 susce·

3980 737 4063 776 39.

3968 1957 4153 2000 Beck.
4172 1971 4219 2004 x.
4239 1961 4259 1999 6

3982 2057 4279 2110 locustam,

3968 2123 3999 2150 ο

3970 2151 4021 2164 --
