4359 6267
1678 389 1866 437 mnsx
1910 389 2247 437 summus

479 559 661 616 tionis
708 562 832 617 solo
886 562 1148 620 humano
1200 560 1394 618 studio
1440 558 1591 617 vinci
1649 576 1766 615 non

481 648 667 719 possit
727 691 1765 706 ............

410 736 742 808 Capitulum
771 739 862 794 VI.
886 740 963 797 De
993 738 1270 811 peculiari
1299 742 1358 795 et
1385 738 1619 813 speciali
1651 754 1774 811 gra-

481 824 564 881 tia
593 825 694 883 Dei
725 827 786 883 in
816 828 1028 884 virtute
1055 828 1336 885 castitatis
1386 872 1767 885 .....

409 914 746 985 Capitulum
783 917 900 971 Vll.
939 917 1288 989 Exemplum
1332 919 1402 973 de
1445 933 1630 989 agone
1667 934 1768 974 seu

485 1005 806 1061 certamine
848 1006 1136 1062 mundiali
1185 1009 1510 1064 secundum
1555 1022 1773 1063 sermo-

484 1108 620 1149 nem
651 1094 910 1165 Apostoli
917 1138 1768 1151 ..........

410 1182 744 1253 Capitulum
793 1183 934 1239 VIII.
967 1186 1044 1241 De
1092 1184 1524 1255 comparatione
1574 1182 1772 1256 purifi-

487 1270 733 1327 cationis
788 1288 992 1329 eorum
1043 1272 1143 1345 qui
1191 1272 1252 1328 in
1298 1275 1530 1329 terreno
1585 1287 1770 1344 agone

485 1364 623 1416 sunt
649 1360 904 1417 habituri
933 1364 1228 1418 certamen
1278 1403 1291 1417 .

414 1448 744 1520 Capitulum
778 1450 866 1505 IX.
900 1452 1190 1517 Quantam
1230 1448 1422 1506 cordis
1455 1448 1768 1522 puritatem

487 1538 805 1596 debeamus
841 1555 1074 1611 semper
1109 1538 1379 1596 exhibere
1417 1538 1601 1595 oculis
1649 1538 1768 1595 Dei.

414 1626 746 1700 Capitulum
776 1628 840 1683 X.
872 1629 1040 1693 Quod
1075 1628 1151 1683 sit
1179 1626 1464 1685 indicIum
1505 1625 1772 1700 perfectae

491 1732 558 1771 ac
587 1715 830 1789 integrae
867 1716 1136 1789 purItatis
1195 1759 1765 1773 .......

414 1804 746 1877 Capitulum
786 1806 875 1861 XI.
909 1807 988 1862 Ex
1029 1823 1144 1879 quo
1182 1806 1321 1863 vitio
1359 1807 1633 1878 procedat
1670 1822 1771 1863 no-

489 1898 694 1951 cturna
737 1894 932 1951 illusio
1008 1939 1764 1953 .........

416 1982 746 2055 Capitulum
794 1985 908 2041 XII.
955 1986 1123 2052 Quod
1169 1985 1362 2042 carnis
1408 1984 1632 2058 puritas
1671 2001 1771 2043 ne-

489 2076 662 2144 queat
689 2074 939 2131 obtineri
969 2074 1094 2131 sine
1125 2074 1416 2131 munditia
1446 2074 1672 2131 cordis.

417 2160 746 2232 Capitulum
793 2163 936 2219 XIII.
967 2164 1109 2228 Quoe
1153 2163 1230 2219 sit
1274 2163 1467 2235 prima
1509 2162 1770 2220 custodia

489 2251 852 2323 purgationis
881 2252 1132 2309 carnalis
1199 2296 1766 2309 .......

420 2338 748 2409 Capitulum
779 2342 917 2397 XIV.
941 2343 1107 2408 Quod
1138 2358 1254 2399 non
1286 2343 1628 2400 studeamus
1655 2340 1776 2399 lau·

488 2429 620 2485 dem
652 2428 978 2487 describere
1017 2431 1315 2499 castitatis,
1347 2432 1450 2489 sed
1487 2446 1772 2503 exponere

487 2518 612 2591 eJus
639 2520 906 2577 effectum
916 2563 1767 2577 ..........

420 2606 746 2678 Capitulum
777 2610 888 2664 XV.
922 2613 1086 2677 Quod
1127 2610 1360 2668 castitas
1397 2612 1470 2667 ab
1499 2611 1772 2683 Apostolo

487 2697 815 2769 specialiter
842 2700 1233 2757 sanctimonia
1260 2700 1586 2772 appelletur
1661 2744 1672 2755 .

420 2786 746 2858 Capitulum
791 2790 928 2844 XVI.
961 2790 1038 2846 De
1084 2790 1202 2845 alio
1240 2788 1576 2846 testimonio
1622 2793 1772 2862 Apo·

492 2876 622 2933 stoli
652 2878 723 2934 de
750 2878 956 2935 eadem
986 2878 1377 2936 sanctimonia
1411 2879 1692 2935 castitatis
1756 2920 1771 2935 .

425 2965 752 3038 Capitulum
797 2967 960 3022 XVII.
1011 2969 1178 3034 Quod
1233 2985 1365 3041 spes
1413 2966 1774 3025 sublimioris

491 3055 718 3127 praemii
749 3056 956 3113 debeat
983 3073 1195 3130 augere
1233 3058 1560 3115 custodiam
1599 3057 1772 3113 casti-

489 3145 624 3201 tatis
631 3189 1768 3204 .............

421 3233 746 3305 Capitulum
773 3236 962 3291 XVIII.
997 3237 1162 3302 Quod
1192 3235 1342 3294 sicut
1365 3236 1598 3293 castitas
1626 3236 1772 3292 obti-

492 3324 614 3380 neri
647 3340 764 3380 non
795 3328 977 3397 potest
1007 3325 1134 3382 sine
1165 3324 1514 3401 humilium,
1546 3324 1629 3381 ita
1668 3341 1774 3383 nec

488 3412 732 3470 scientia
759 3413 883 3471 sine
921 3414 1184 3471 castitate
1191 3458 1766 3471 .......

421 3502 766 3574 Capitulum·
806 3504 944 3559 XIX.
995 3504 1294 3561 Sententia
1340 3507 1395 3561 S.
1450 3503 1648 3560 Basilii
1701 3506 1772 3563 de

487 3592 764 3664 qualitate
791 3592 1144 3667 virginitatis
1182 3610 1305 3650 suae
1379 3638 1766 3651 .....

419 3680 746 3754 Capitulum
773 3683 883 3737 XX.
917 3681 1058 3747 Quis
1083 3682 1160 3738 sit
1196 3683 1330 3739 finis
1355 3699 1507 3740 verae
1534 3683 1774 3756 integri-

487 3770 623 3827 tatis
651 3786 720 3827 ac
757 3770 1027 3842 puritatis

421 3864 748 3935 Capitulum
785 3866 924 3920 XXI.
971 3865 1231 3930 Qualiter
1269 3882 1609 3924 conservare
1643 3882 1773 3937 pos·

489 3953 676 4010 simus
704 3956 922 4010 statum
953 3953 1224 4026 puritatis
1253 3954 1582 4027 perfectae.
1663 4000 1675 4012 .

419 4042 746 4113 Capitulum
777 4043 940 4098 XXII.
974 4044 1162 4115 Usque
1198 4044 1274 4100 ad
1313 4060 1488 4116 quem
1529 4000 1772 4102 modum

489 4131 670 4203 possit
715 4132 954 4204 perduci
993 4131 1296 4204 integritas
1335 4133 1526 4189 cordis
1567 4134 1769 4198 nostri,

487 4223 546 4277 et
573 4220 714 4293 quid
744 4220 820 4276 sit
857 4220 1144 4279 indicium
1184 4220 1398 4278 mentis
1425 4223 1501 4278 ad
1529 4223 1770 4296 plenum

489 4314 744 4367 excoctae
820 4354 1768 4369 ...........

420 4399 748 4471 Capitulum
778 4400 966 4457 XXIII.
990 4401 1266 4458 Remedia
1296 4402 1631 4468 curationis,
1651 4401 1774 4474 qui·

491 4490 599 4545 bus
643 4489 867 4562 puritas
921 4489 1114 4547 cordis
1157 4505 1226 4547 ac
1280 4489 1538 4563 corporis
1588 4491 1770 4548 nostri

491 4578 671 4651 possit
697 4578 954 4651 perfecta
984 4595 1220 4636 manere
1288 4622 1768 4637 ......

424 4757 608 4821 Lissa
637 4776 947 4823 ssrmms.
982 4760 1071 4821 De
1110 4759 1341 4843 spiritu
1372 4760 1776 4845 philargyriae

499 4850 635 4912 sive
664 4850 946 4913 avaritiae

422 5019 754 5094 Capitulum
802 5020 842 5075 Ι.
875 5020 1042 5085 Quod
1087 5018 1348 5075 alienum
1394 5018 1470 5075 sit
1514 5018 1774 5077 avaritiae

491 5111 741 5177 bellum;
772 5114 828 5167 et
857 5110 1013 5183 quod
1051 5108 1294 5166 avaritia
1329 5124 1447 5164 non
1478 5107 1554 5164 sit
1584 5108 1772 5165 homi-

495 5200 556 5257 ni
585 5200 870 5259 naturalis
921 5242 1770 5259 ..........

1842 649 1912 704 72

1845 828 1916 882 ’72

1846 1095 1915 1150 ¹13

1844 1361 1914 1416 73

1844 1539 1914 1595 73

1843 1718 1914 1774 74

1844 1896 1915 1952 74

1754 2075 1915 2132 ‚74

1844 2252 1915 2341 ⁷⁴.

1846 2522 1916 2577 75

1757 2701 1918 2756 ‚75

1847 2880 1918 2935 76

1847 3148 1916 3203 '16

1846 3416 1916 3471 '16

1844 3596 1914 3652 76

1845 3773 1916 3828 ’Π

1846 3956 1914 4011 77

1846 4314 1915 4369 '17

1845 4583 1914 4639 77

1844 4862 1915 4917 78

1847 5198 1917 5255 78

2020 559 2349 631 Capitulum
2383 559 2451 614 11.
2487 561 2673 626 Quam
2713 558 3074 632 perniciosus
3110 557 3187 615 sit
3222 574 3379 615 mor-

2093 648 2201 704 bus
2240 665 2342 705 seu
2380 646 2589 705 vitium
2628 646 2885 705 avaritioe
2891 690 3372 704 ......

2019 736 2348 807 Capitulum
2393 738 2485 793 III.
2528 738 2669 802 Quoe
2715 736 2935 794 utilitas
2982 736 3152 793 nobis
3193 737 3267 792 sit
3313 737 3373 793 in

2095 825 2460 882 naturalibus
2485 825 2641 881 vitiis
2707 868 3371 882 ........

2021 913 2353 986 Capitulum
2384 916 2473 971 IV.
2506 916 2667 981 Quod
2692 915 2817 973 sine
2845 915 3129 972 Creatoris
3160 914 3375 988 injuria

2093 1003 2363 1060 dicamus
2399 1004 2565 1060 nobis
2604 1003 2792 1061 inesse
2829 1006 3099 1076 quaedam
3140 1006 3373 1059 natura-

2091 1092 2172 1148 lia
2210 1092 2349 1149 vitia

2020 1180 2351 1253 Capitulum
2383 1184 2447 1237 V.
2481 1183 2558 1239 De
2586 1181 2739 1237 vitiis
2777 1198 2907 1255 quae
2943 1185 3106 1239 extra
3140 1184 3374 1238 natura-

2091 1270 2208 1327 lem
2238 1273 2465 1328 motum
2496 1273 2694 1328 nostra
2721 1271 2891 1343 culpa
2930 1270 3369 1327 contrahuntur.

2021 1359 2352 1432 Capitulum
2392 1361 2481 1415 Vl.
2517 1360 2681 1425 Quod
2721 1359 2977 1415 avaritiae
3014 1360 3254 1416 morbus
3296 1377 3377 1416 se-

2093 1449 2209 1505 mel
2239 1448 2533 1506 admissus
2562 1448 2871 1505 difficulter
2899 1451 3135 1506 curetur
3174 1492 3186 1504 .
3266 1493 3278 1506 .
3359 1493 3369 1504 .

2021 1538 2351 1610 Capitulum
2390 1538 2508 1593 VII.
2544 1539 2625 1593 Ex
2667 1538 2879 1610 quibus
2925 1538 3165 1594 avaritia
3206 1555 3377 1611 gene·

2089 1631 2269 1692 retur,
2307 1630 2363 1683 et
2402 1629 2755 1700 quantorum
2797 1627 3088 1683 malorum
3128 1626 3205 1683 sit
3250 1644 3378 1699 pro-

2093 1715 2349 1772 curat-rix

2021 1804 2351 1877 Capitulum
2382 1806 2523 1861 VIII.
2558 1806 2723 1871 Quod
2760 1806 3005 1862 avaritia
3037 1822 3243 1864 omnes
3268 1806 3377 1863 vir-

2092 1897 2245 1950 tutes
2272 1894 2555 1967 impediat
2614 1939 3373 1953 .........

2021 1983 2352 2055 Capitulum
2382 1984 2470 2039 IX.
2498 1986 2665 2051 Quod
2690 1986 3014 2042 monachus
3036 1986 3257 2042 habens
3286 2002 3379 2058 pe-

2094 2073 2333 2130 cuniam
2391 2072 2449 2129 in
2511 2073 2772 2132 coenobio
2832 2091 3195 2148 perseverare
3257 2091 3375 2131 non

2093 2162 2274 2234 possit
2342 2206 3375 2221 ............

2021 2252 2353 2326 Capitulum
2384 2253 2448 2308 X.
2482 2254 2646 2318 Quod
2675 2252 2934 2310 laborem
2964 2254 3223 2311 avaritiae
3250 2257 3380 2312 sub-

2092 2346 2186 2398 eat
2231 2344 2491 2398 desertor
2536 2341 2893 2408 monasterii,
2945 2343 3044 2416 qui
3092 2348 3225 2401 ante
3274 2362 3379 2418 pro

2093 2430 2403 2490 levissimis
2432 2431 2843 2487 murmurabat
2874 2431 3187 2490 laboribus.
3268 2478 3280 2490 .

2022 2520 2353 2593 Capitulum
2383 2520 2472 2576 XI.
2493 2521 2655 2585 Quod
2686 2519 2988 2577 occasione
3012 2522 3275 2593 pecuniae
3291 2540 3381 2579 ac-

2095 2610 2398 2683 quirendae
2425 2608 2807 2667 contubernia
2834 2606 3190 2667 feminarum
3221 2628 3378 2684 quae-

2096 2701 2304 2755 rantur
2334 2742 3369 2757 ............

2023 2788 2354 2859 Capitulum
2402 2787 2516 2843 XII.
2548 2788 2896 2861 Exemplum
2940 2788 3245 2862 cujusdam
3293 2793 3376 2846 te-

2097 2876 2217 2949 pidi
2257 2876 2535 2933 monachi
2574 2876 2797 2948 laqueis
2842 2876 3101 2933 avaritiae
3147 2877 3374 2935 irretiti.

2023 2964 2353 3038 Capitulum
2400 2966 2540 3021 XIII.
2584 2965 2733 3051 Quid
2780 2965 3037 3023 seniores
3079 2965 3380 3023 conferant

2086 3054 2425 3128 junioribus
2454 3055 2512 3111 in
2544 3054 2935 3111 denudatione
2964 3054 3240 3112 vitiorum
3265 3100 3277 3112 .

2023 3144 2353 3216 Capitulum
2393 3144 2531 3199 XIV.
2563 3142 2785 3209 Quibus
2821 3143 3101 3215 exemplis
3140 3144 3380 3201 morbus

2093 3232 2351 3290 avaritia}
2379 3232 2587 3305 triplex
2617 3248 2741 3289 esse
2770 3236 3130 3290 monstretur
3178 3278 3189 3289 .
3270 3277 3281 3290 .

2022 3323 2351 3397 Capitulum
2382 3322 2494 3378 XV.
2521 3323 2825 3387 Quomodo
2854 3322 3008 3379 male
3035 3322 3379 3381 renuntians

2097 3414 2325 3470 differat
2347 3430 2382 3470 a
2411 3428 2528 3469 non
2557 3411 2930 3469 renuntiante

2021 3503 2353 3576 Capitulum
2401 3503 2538 3559 XVI.
2584 3502 2761 3575 Cujus
2812 3501 3130 3561 testimonii
3188 3502 3377 3560 colore

2092 3608 2152 3649 se
2198 3594 2492 3655 tueantur,
2523 3590 2623 3663 qui
2662 3589 2865 3647 omnia
2902 3608 3007 3648 sua
3048 3590 3378 3664 relinquere

2095 3682 2304 3737 nolunt
2339 3723 3371 3737 ............

2021 3767 2350 3841 CapItulum
2378 3768 2542 3823 XVII.
2576 3768 2654 3823 De
2684 3766 3115 3824 renuntiatione
3146 3768 3379 3839 Aposto-

2091 3857 2281 3914 lorum
2314 3872 2382 3912 ac
2411 3855 2721 3928 primitivoe
2752 3855 3023 3913 Ecclesiae
3080 3899 3091 3912 .
3172 3898 3185 3911 .
3266 3900 3278 3912 .

2020 3945 2351 4019 Capitulum
2380 3945 2567 4001 XVIII.
2600 3946 2766 4011 Quod
2796 3960 2913 4001 non
2950 3945 3267 4003 debeamus
3296 3962 3379 4003 se·

2093 4037 2356 4092 cundum
2405 4034 2668 4107 proprias
2715 4033 3031 4091 sententias
3076 4033 3285 4099 vivere,
3326 4033 3375 4089 si

2093 4124 2396 4197 Apostolos
2441 4123 2712 4195 cupimus
2749 4122 2989 4187 imitari,
3028 4123 3129 4181 sed
3178 4124 3379 4180 debea-

2094 4231 2229 4271 mus
2257 4213 2419 4286 sequi
2448 4212 2710 4285 ipsorum
2738 4210 2982 4285 vestigia
2988 4255 3373 4270 .....

2019 4303 2350 4376 Capitulum
2381 4302 2518 4358 XIX.
2550 4301 2848 4359 Sententia
2879 4302 2934 4358 S.
2968 4301 3163 4359 Basilii
3193 4303 3375 4359 Caesa-

2090 4391 2301 4450 riensis
2346 4390 2599 4464 episcopi
2644 4391 2866 4463 prolata
2906 4392 3184 4449 adversus
3229 4393 3379 4464 Syn-

2093 4482 2365 4540 cleticum

2020 4571 2353 4645 Capitulum
2384 4570 2493 4627 XX.
2518 4572 2683 4637 Quod
2707 4570 3171 4643 ignominiosum
3202 4572 3278 4629 sit
3302 4572 3376 4630 ab

2092 4660 2336 4719 avaritia
2362 4660 2628 4733 superari
2706 4705 3371 4720 ........

2021 4750 2353 4823 Capitulum
2392 4750 2530 4806 XXI.
2564 4750 2824 4817 Qualiter
2859 4750 3103 4808 avaritia
3141 4751 3219 4807 sit
3256 4751 3378 4809 vin·

2093 4842 2281 4898 cenda
2329 4883 3371 4899 ............

2021 4930 2351 5001 Capitulum
2374 4930 2535 4987 XXII.
2559 4931 2726 4995 Quod
2754 4929 2937 5003 possit
2962 4929 3139 4987 etiam
3164 4930 3377 5003 aliquis

2093 5036 2211 5076 non
2257 5019 2477 5076 habens
2515 5018 2809 5091 pecunias,
2850 5035 3058 5075 avarus
3095 5018 3367 5091 Judicari.

2023 5108 2354 5182 Capitulum
2385 5109 2574 5164 XXIII.
2604 5108 2951 5180 Exemplum
2980 5108 3050 5163 de
3078 5108 3227 5165 Juda
3266 5152 3279 5163 .

2023 5197 2354 5271 Capitulum
2384 5197 2567 5253 XXIV.
2601 5197 2766 5264 Quod
2803 5194 3045 5253 avaritia
3066 5195 3219 5253 vinci
3254 5213 3371 5255 non

3398 371 3517 435 487

3448 646 3518 703 ’78

3449 826 3519 881 '18

3448 1092 3518 1149 '19

3447 1272 3519 1327 '19

3448 1450 3518 1505 79

3450 1717 3520 1773 '19

3450 1896 3521 1952 80

3450 2164 3522 2220 80

3360 2435 3518 2491 ,81

3448 2702 3516 2758 81

3448 2879 3513 2934 81

3358 3058 3520 3113 ,82

3364 3278 3376 3291 .
3450 3237 3522 3291 82

3451 3416 3523 3470 82

3448 4482 3521 4539 85

3446 4662 3520 4719 85

3447 4842 3519 4898 85

3444 5022 3519 5078 85

3358 5152 3371 5164 .
3444 5111 3516 5167 86
