4359 6267
1149 543 1567 592 commortuus
1610 544 1695 588 SS.
1731 543 1974 588 PA'rmm
2014 542 2192 588 LIBER
2233 543 2272 587 1.
2318 559 2401 570 --
2439 541 2725 588 coLLArlo
2765 542 2875 586 vm
3440 516 3563 581 239

456 733 591 778 non
623 714 992 778 observasse
1023 715 1226 778 ullum
1265 714 1420 795 legis
1451 713 1820 775 mandatum
1851 732 1958 774 an·
1989 711 2040 775 A
2068 714 2355 789 addatur,
2388 721 2449 776 et
2488 713 2567 776 ab
2610 713 2739 775 illis
2788 731 2915 776 non
2964 720 3056 774 est
3104 711 3272 794 quod
3321 708 3562 772 aufera-

455 822 528 877 te
587 815 844 895 legem?
903 815 1055 888 Quis
1115 814 1370 876 illorum
1432 831 1557 874 non
1619 811 1961 874 custodivit

144 927 426 976 natant.
459 913 636 975 istud
676 931 691 975 ε
733 914 920 988 Audi,
962 912 1175 985 Israel,
1216 912 1523 975 Dominus
1574 912 1738 972 Deus
1788 918 1957 982 tuuS‚

458 1012 770 1074 Dominus
808 1032 976 1074 unus
1016 1014 1156 1074 est?
1187 1011 1338 1084 Quis
1379 1010 1636 1073 illorum
1679 1026 1808 1071 non
1850 1009 1963 1070 im-

177 1111 665 1192 ema.n‚p1evit
721 1110 880 1172 illud
935 1129 951 1173 ι
1011 1110 1146 1173 Non
1208 1108 1404 1172 facies
1460 1107 1578 1170 tibi
1639 1107 1958 1189 sculptile,

145 1194 188 1234 ι
459 1227 670 1291 neque
703 1209 898 1271 ullam
939 1208 1430 1272 similitudinem
1466 1224 1686 1269 eorum
1724 1225 1864 1288 quae
1895 1205 1960 1267 in

459 1308 628 1370 coelo
669 1317 841 1380 sunt,
883 1308 1019 1370 sive
1068 1326 1212 1389 quae
1263 1306 1328 1369 in
1373 1313 1560 1379 terra,
1593 1304 1695 1366 vel
1739 1323 1960 1367 eorum

456 1425 604 1488 quae
634 1407 701 1468 in
740 1406 924 1488 aquis
963 1413 1110 1467 sunt
1147 1404 1267 1467 sub
1306 1406 1519 1467 terra?
1549 1403 1698 1476 Quis
1739 1419 1961 1466 eorum

175 1523 295 1566 laid.
325 1527 396 1568 ¹2.
457 1523 587 1568 non
633 1505 994 1568 observavit
1035 1523 1048 1566 :
1091 1504 1342 1567 Honora
1384 1509 1628 1585 patrem
1671 1509 1853 1563 tuum
1898 1509 1962 1563 et

459 1611 732 1666 matrem
768 1611 980 1680 tuam3
1011 1611 1074 1665 et
1115 1609 1324 1664 cetera
1362 1620 1503 1683 quae
1545 1601 1609 1663 in
1653 1599 1961 1681 Decalogo

149 1721 424 1770 manau.
455 1702 941 1784 subsequuntur
981 1719 996 1763 :
1037 1701 1174 1764 Non
1225 1700 1500 1772 occideS,
1544 1717 1667 1762 non
1718 1699 1960 1761 adulte-

455 1800 654 1872 rabiS,
686 1807 845 1878 etc.;
875 1809 938 1861 et
975 1800 1100 1862 alia
1143 1817 1400 1881 quoque
1441 1797 1541 1859 his
1588 1797 1789 1858 multo
1834 1816 1959 1858 ma-

2074 823 2191 877 tur.
2236 815 2397 877 Hinc
2446 821 2603 876 teste
2650 812 2951 895 Apostolo
2993 830 3006 874 :
3050 811 3243 874 Justis
3290 827 3417 871 non
3465 815 3560 871 est

2072 915 2170 976 lex
2225 913 2451 995 posita,
2502 914 2611 975 sed
2671 911 2929 992 injustis
2976 917 3040 973 et
3086 927 3214 972 non
3264 907 3559 981 subditis,

2072 1012 2291 1094 impiis
2335 1019 2397 1074 et
2440 1010 2905 1093 peccatoribuS,
2948 1007 3269 1072 sceleratis
3318 1014 3383 1070 et
3424 1023 3567 1068 con-

2072 1112 2415 1175 taminatis
2460 1112 2621 1174 Justi
2669 1127 2946 1191 namque
2993 1107 3299 1171 habentes
3349 1124 3566 1168 sanam

2071 1230 2144 1274 ac
2198 1211 2506 1291 integram
2556 1209 2963 1291 disciplinam
3014 1205 3319 1270 naturalis
3361 1223 3433 1266 ac
3478 1204 3571 1265 in-

2072 1311 2209 1373 sitae
2239 1310 2418 1390 legiS,
2455 1327 2578 1372 non
2618 1306 2987 1389 indigebant
3020 1307 3156 1387 lege
3185 1305 3303 1367 hac
3334 1303 3574 1384 scripta

2071 1409 2228 1471 foris
2276 1407 2561 1471 adhibita
2610 1415 2673 1470 et
2720 1404 2991 1469 naturali
3042 1403 3162 1486 legi
3214 1404 3279 1465 in
3329 1401 3573 1484 adjuto-

2073 1507 2241 1568 rium
2283 1507 2443 1570 data.
2480 1506 2570 1568 Ex
2609 1504 2843 1587 quibus
2885 1501 3288 1585 apertissima
3328 1500 3571 1564 ratione

2073 1606 2415 1688 colligitur,
2439 1605 2607 1687 quod
2650 1604 2750 1665 lex
2790 1601 3027 1684 scripta
3064 1618 3191 1663 non
3231 1599 3456 1662 debuit
3487 1597 3569 1660 ab

2071 1704 2256 1768 initio
2297 1704 2431 1766 dari
2477 1723 2491 1768 :
2534 1703 2654 1766 hoc
2697 1701 2937 1784 quippe
2987 1699 3314 1782 superflue
3357 1697 3565 1770 fieret,

2069 1809 2275 1866 stante
2331 1802 2537 1865 adhuc
2596 1799 2867 1862 naturali
2926 1800 3085 1881 lege,
3136 1816 3254 1860 nec
3314 1792 3567 1880 penitus

449 1899 616 1980 jora,
653 1916 766 1980 pel·
809 1917 950 1980 (11¹ae
999 1903 1444 1979 Pl'aefflnffl'unt
1489 1895 1782 1958 mandata
1830 1913 1956 1958 1¹0ss
1993 1895 2040 1958 Β
2069 1921 2182 1964 seu
2231 1901 2474 1982 integre
2523 1899 2789 1978 violata3
2842 1915 2959 1960 nec
3010 1896 3375 1978 evangelica
3421 1915 3566 1978 per-

455 1998 620 2079 legis
661 1999 1007 2070 dumtaxat,
1041 1997 1150 2059 sed
1193 1995 1519 2076 Evangelii
1563 1995 1810 2056 etiam?

798 2250 1302 2316 CAPITULUM
1369 2249 1618 2313 XXIV.

520 2401 694 2470 Quod
709 2399 880 2471 juste
901 2400 1118 2472 puniti
1145 2400 1272 2454 sint
1301 2399 1410 2471 qui
1439 2404 1580 2454 ante
1602 2396 1907 2453 diluvium

995 2493 1414 2559 peccaverunt.

585 2686 658 2749 lc
709 2685 905 2767 igitur
961 2684 1378 2766 intelligimus
1437 2686 1606 2766 quod
1654 2686 1820 2747 Deus
1877 2684 1958 2746 ab

615 2785 798 2847 initio
856 2784 1072 2846 omnia
1129 2783 1366 2846 creavit.
1424 2781 1728 2864 perfecta,
1789 2782 1960 2864 quod

459 2902 724 2946 necesse
765 2900 892 2945 non
933 2881 1056 2944 fuit
1098 2882 1340 2964 aliquid
1384 2882 1528 2943 addi
1574 2881 1958 2945 ordinationi
2071 2891 2233 2945 terat
2266 2902 2279 2946 :
2314 2881 2570 2962 Diligite
2602 2879 2897 2942 inimicos
2927 2884 3202 2955 vestros;
3236 2877 3301 2938 in
3332 2875 3567 2958 quibus
3622 2887 3739 2932 ηᾱα.
3766 2891 3832 2932 u.

457 2981 604 3063 ejus
638 2981 974 3063 principali
1007 2989 1308 3062 tanquam
1342 2980 1728 3061 improvidae,
1743 2980 1797 3042 si
1829 2979 1964 3041 uni-

2066 1999 2262 2062 fectio
2318 1998 2527 2080 potuit
2574 1997 2915 2060 condonari
2962 2003 3109 2057 ante
3157 1993 3313 2076 legis
3361 2000 3567 2055 custo-

2068 2097 2259 2160 diam.
2304 2095 2439 2159 Non
2484 2095 2659 2158 enim
2698 2095 2919 2156 audire
2960 2092 3260 2156 volebant
3293 2111 3307 2155 :
3341 2091 3458 2166 Qui
3500 2098 3563 2153 te

2068 2196 2455 2279 percusserit
2503 2195 2570 2256 in
2618 2195 2941 2256 dexteram
2990 2192 3313 2254 maxillam
3363 2198 3561 2264 tuam,

2069 2295 2281 2378 praebe
2332 2293 2427 2355 illi
2474 2301 2536 2355 et
2583 2293 2877 2370 alteram3
2929 2290 3039 2372 qui
3099 2289 3379 2352 contenti
3436 2305 3563 2350 non

2069 2401 2249 2456 erant
2279 2411 2425 2455 suas
2454 2391 2777 2453 vindicare
2811 2389 3078 2470 injurias
3106 2387 3340 2451 talione
3366 2404 3568 2468 aequa-

2071 2491 2137 2562 li,
2190 2490 2301 2552 sed
2350 2505 2467 2571 pro
2516 2486 2841 2550 levissima
2896 2485 3079 2567 alapa
3135 2482 3567 2566 rependebant

2071 2589 2279 2651 calces
2325 2585 2683 2649 mortiferas
2734 2585 3133 2666 telorumque
3176 2584 3462 2655 vulnera,
3504 2589 3567 2644 et

2071 2704 2189 2768 pro
2221 2703 2348 2748 uno
2379 2686 2566 2747 dente
2606 2699 2873 2746 excusso
2903 2680 3311 2764 requirebant
3341 2698 3566 2761 percu-

2071 2785 2368 2847 tientium
2400 2783 2619 2846 vitam.
2655 2782 2922 2862 Insuper
2960 2779 3088 2841 illis
3128 2778 3254 2842 dici
3294 2795 3421 2840 non
3463 2795 3568 2859 po-

2074 3000 2341 3062 magnus
2382 2979 2628 3042 fructus
2659 2985 2847 3059 atque
2881 2977 3119 3039 utilitas
3158 2974 3571 3057 reputabatur

458 3098 648 3143 versa
693 3079 1075 3142 mansissent
1115 3079 1179 3140 in
1222 3086 1389 3140 statu
1433 3097 1505 3140 ac
1545 3071 1960 3160 dispositione
1998 3075 2041 3140 C
2074 3087 2144 3142 ut
2181 3079 2422 3140 amicos
2464 3094 2612 3139 suos
2653 3075 3010 3156 diligerent,
3042 3073 3123 3136 ab
3163 3072 3443 3136 inimicis
3475 3091 3575 3135 ve-

459 3179 576 3241 illa
623 3197 749 3260 qua
800 3177 1058 3240 fuerunt
1099 3176 1179 3239 ab
1218 3195 1294 3240 eo
1337 3184 1563 3238 creata.
1609 3177 1768 3238 Hinc
1818 3194 1960 3259 pro-

459 3276 694 3338 bamus
723 3276 895 3358 quod
933 3276 1098 3337 Deus
1133 3275 1305 3356 juste
1344 3274 1670 3356 puniverit
1701 3292 1808 3337 eos
1850 3275 1959 3357 qui

459 3382 891 3458 peccaverunt
938 3381 1082 3436 ante
1132 3375 1360 3455 legem,
1404 3373 1534 3436 imo
1575 3381 1639 3436 et
1681 3380 1826 3435 ante
1870 3373 1962 3435 di-

461 3471 736 3544 luvium,
769 3470 1070 3553 quoniam
1114 3470 1467 3532 naturalem
1513 3469 1716 3551 legem
1762 3476 1962 3530 trans-

457 3569 833 3652 grediendO,
879 3567 1344 3630 inexcusabiles
1392 3568 1788 3630 exstiterunt.
1837 3567 1965 3630 Nec

461 3670 533 3731 in
597 3667 856 3730 illorum
919 3666 1381 3749 blasphemiam
1449 3665 1962 3747 calumniamque

462 3766 836 3838 incidimus,
869 3765 981 3846 qui
1011 3764 1344 3826 veritatem
1380 3764 1542 3825 hanc
1580 3763 1959 3844 ignorante-S,

461 3865 771 3945 derogant
805 3863 934 3925 Deo
961 3861 1194 3924 veteris
1228 3861 1633 3934 Testamenti,
1667 3868 1730 3922 et
1759 3861 1963 3922 detra-

463 3964 691 4025 hentes
735 3961 887 4024 fidei
932 3969 1184 4034 nostrae,
1219 3959 1666 4022 subsannando
1709 3977 1964 4041 respon-

459 4062 618 4124 dent
651 4079 666 4124 :
710 4059 837 4122 Cur
880 4058 1118 4141 placuit
1160 4058 1288 4120 Deo
1326 4066 1536 4120 vestro
1578 4064 1648 4118 ut
1689 4065 1832 4139 post
1877 4065 1965 4121 tot

459 4177 779 4223 annorum
839 4157 1042 4218 millia
1099 4157 1301 4238 legem
1363 4156 1790 4238 promulgaret
1852 4175 1964 4238 per

459 4355 640 4429 Quod
685 4354 742 4416 si
789 4361 1008 4435 postea
1047 4352 1288 4434 aliquid
1339 4352 1568 4414 melius
1612 4353 1960 4427 adinvenit,

461 4470 616 4534 ergo
663 4453 734 4514 in
784 4450 1102 4534 principio
1159 4451 1380 4513 mundi
1441 4450 1653 4512 minus
1711 4451 1964 4532 sapiens

463 4551 588 4614 l'uit
632 4550 1074 4631 deterioraque
1123 4549 1356 4630 sapuit,
1398 4555 1585 4631 atque
1636 4556 1779 4631 post
1827 4549 1962 4612 haec

462 4648 648 4733 quasi
695 4667 809 4731 per
847 4647 1285 4729 experimenta
1320 4648 1601 4720 edoctuS‚
1636 4647 1829 4729 coepit
1870 4668 1964 4709 re-

463 4749 668 4811 ctiora
706 4745 1066 4829 providere,
1100 4753 1161 4807 et
1192 4745 1576 4827 principales
1616 4763 1762 4807 suas
1802 4746 1965 4808 ordi-

463 4847 714 4909 nantias
745 4844 1102 4908 emendare.
1132 4843 1306 4916 Quod
1339 4842 1610 4906 infinitae
1638 4843 1964 4925 sapientiae

467 4945 578 5007 Dei
611 4941 954 5006 convenire
984 4959 1112 5003 non
1153 4949 1380 5022 potest,
1416 4959 1531 5002 nec
1570 4941 1709 5003 sine
1750 4941 1966 5022 ingen-

465 5043 514 5104 ti
555 5039 959 5123 blasphemia
999 5039 1079 5100 ab
1119 5039 1433 5101 haereticis
1477 5039 1599 5100 ista
1640 5039 1961 5113 dicuntur,

185 5168 342 5210 aare.
369 5179 428 5216 m,
461 5158 670 5222 quum
709 5137 1124 5200 Ecclesiastes
1157 5143 1421 5198 testatur
1455 5156 1469 5200 :
1504 5136 1779 5218 Cognovi
1811 5155 1965 5219 quo-

167 5237 226 5274 ¹⁸·
461 5239 642 5302 niam
681 5236 903 5300 omnia
930 5255 1072 5318 quae
1102 5235 1254 5298 fecit
1283 5235 1448 5298 Deus
1479 5235 1558 5297 ab
1591 5235 1794 5310 initio,
1829 5235 1967 5319 ipsa

458 5344 655 5401 erunt
688 5336 754 5397 in
784 5341 1125 5414 aeternum3
1153 5351 1346 5416 super
1378 5333 1486 5396 illa
1516 5352 1640 5396 non
1671 5341 1766 5397 est
1796 5335 1965 5416 quod

2072 3196 2143 3241 ro
2191 3175 2613 3248 discederent,
2666 3181 2730 3236 et
2776 3193 2813 3236 a
2862 3173 2998 3236 solo
3055 3189 3275 3234 eorum
3329 3171 3574 3234 desine-

2071 3281 2214 3338 rent
2251 3273 2420 3346 odio,
2450 3289 2569 3334 nec
2610 3270 2985 3334 festinarent
3025 3269 3169 3333 illos
3208 3267 3571 3351 opprimere

2071 3392 2146 3435 80
2187 3390 2436 3435 necare.

2431 3623 2938 3687 CAPITULUM
2996 3622 3211 3686 XXV.

2073 3773 2375 3842 Quomodo
2411 3770 2876 3842 intelligendum
2911 3771 2995 3826 sit
3032 3770 3194 3843 quod
3222 3769 3297 3826 de
3320 3768 3569 3827 diabolo

2232 3861 2467 3917 dicitur
2498 3879 2516 3915 .·
2550 3858 2820 3915 Mendax
2847 3865 2935 3915 est
2962 3865 3019 3914 et
3038 3865 3223 3931 pater·
3250 3857 3406 3929 ejus.

2149 4059 2351 4122 LLUD
2395 4067 2609 4121 autem
2655 4058 2826 4140 quod
2867 4075 2979 4120 vos
3022 4059 3100 4120 de
3144 4057 3395 4121 diabolo
3442 4076 3569 4121 mo-

2177 4167 2284 4221 vet
2331 4175 2345 4219 :
2392 4157 2543 4240 quia
2592 4157 2861 4218 mendax
2908 4165 3005 4218 est
3050 4163 3112 4218 et
3160 4163 3341 4238 pater
3388 4157 3565 4237 ejus3

2074 4356 2259 4417 daces
2308 4374 2345 4416 a
2395 4353 2646 4417 Christo
2694 4353 3006 4426 dicantur,
3040 4340 3173 4415 'hoc
3221 4352 3569 4415 absurdum

2075 4462 2168 4516 est
2201 4453 2510 4535 suspicari
2538 4472 2552 4516 ε
2585 4453 2738 4534 quia
2776 4458 2845 4512 ut
2876 4451 3153 4514 diximus
3186 4453 3375 4534 paulo
3402 4460 3568 4527 ante,

2076 4553 2339 4634 spiritus
2388 4569 2515 4614 non
2564 4557 2824 4632 generat
2870 4549 3191 4631 spiritum,
3242 4551 3407 4612 sicut
3454 4570 3572 4614 nec

2075 4650 2289 4712 anima
2328 4655 2534 4730 potest
2572 4648 2851 4710 animam
2894 4665 3246 4730 procreare,
3279 4649 3573 4731 quamvis

2075 4766 2203 4811 non
2246 4747 2613 4809 dubitemus
2655 4752 3029 4828 conceptam
3069 4765 3324 4808 carnem
3354 4766 3430 4810 ex
3460 4748 3574 4810 hu-

2077 4862 2266 4907 mano
2306 4844 2657 4908 coalescere
2696 4844 2962 4917 semine,
2997 4863 3197 4926 quum
3236 4845 3571 4926 Apostolus

2076 4944 2242 5006 inter
2290 4960 2545 5004 carnem
2594 4941 2999 5023 animamque
3050 4941 3466 5022 distinguenS,
3508 4949 3573 5004 et

2075 5041 2232 5123 quid
2286 5059 2323 5102 a
2380 5057 2507 5121 quo
2566 5039 2865 5121 procedat
2921 5039 3273 5112 insinuanS,
3330 5039 3495 5100 dicat
3551 5058 3565 5102 :

2075 5139 2315 5202 Deinde
2346 5145 2555 5219 patres
2588 5137 2795 5199 carnis
2827 5145 3051 5199 nostrae
3075 5136 3409 5198 habuimus
3440 5155 3573 5199 eru-

2077 5237 2337 5311 ditoreS,
2390 5243 2453 5298 et
2501 5234 2949 5296 reverebamur
2996 5251 3138 5312 eos;
3189 5251 3316 5296 non
3371 5233 3571 5298 multo

2083 5335 2285 5415 magis
2324 5333 2747 5414 subjiciemur
2781 5331 2943 5394 Patri
2984 5331 3349 5414 spirituum,
3382 5339 3447 5395 et
3479 5333 3571 5395 vi-

3606 823 3781 875 ΙΤίηιι,
3794 826 3835 867 9.

3617 2108 3794 2154 uama.
3816 2123 3858 2160 v.

3594 2175 3661 2216 ³⁹.

3594 4177 3631 4221 J
3712 4191 3859 4229 nam,

461 4257 745 4339 Moysen,
777 4262 844 4317 et
885 4262 975 4317 tot
1018 4254 1248 4318 saecula
1296 4254 1434 4316 sine
1478 4253 1615 4334 lege
1661 4254 1962 4336 reliquit?
1994 4259 2043 4319 D
2072 4257 2255 4340 quasi
2286 4264 2415 4318 tam
2453 4255 2743 4319 diabolus
2780 4272 2971 4336 quam
3012 4263 3188 4336 pater
3216 4254 3356 4335 ejus
3398 4275 3570 4318 men·
3596 4191 3711 4286 “orm

3599 5160 3722 5206 Hebr
3740 5161 3858 5210 xus.
