4359 6267
886 455 966 519 56
1797 472 1876 519 nn
1917 471 2247 519 msrrmris
2290 470 2375 517 ss.
2410 472 2670 517 ramim.
2716 489 2797 500 —
2836 473 3011 519 mana
3050 474 3091 519 v

881 642 1102 715 animi,
1128 642 1294 704 sicut
1324 648 1548 705 ceterae
1579 642 1867 704 virtute-S.
1892 641 2227 722 Quumque
2258 655 2379 702 non
2412 640 2464 701 A
2492 640 2869 723 Prophetam
2919 642 3324 724 reprehendit
3372 642 3719 704 Jerusalem
3764 661 3779 705 ε
3824 642 3995 715 Quid
4024 659 4249 706 asceam.

880 740 947 801 in
979 740 1111 802 sola
1140 740 1372 802 mentis
1400 741 1636 802 virtute
1667 740 2036 812 consistant,
2062 740 2172 801 sed
2201 738 2382 819 juxta
2494 739 2779 819 peccavit
2822 756 2997 803 soror
3040 748 3148 803 tua
3190 741 3479 814 Sodoma,
3523 740 3646 802 nisi
3690 739 3841 821 quia
3884 758 3997 821 pa·
4024 728 4091 767 ⁴⁹·

881 837 1369 919 possibilitatem
1415 839 1699 921 corporis
1743 836 1924 911 fiant,
1969 836 2160 898 talem
2206 854 2383 898 acce-

881 934 1097 1015 pimus
1138 934 1652 998 informationem
1695 935 1865 997 circa
1891 934 2140 1015 jejunia
2167 933 2383 996 obser-

882 1032 1176 1107 vandam,
1239 1040 1308 1093 ut
1363 1033 1543 1113 juxta
1601 1032 1980 1095 dissimilem
2041 1048 2383 1113 corporum

881 1137 1138 1205 statum,
1179 1138 1451 1205 aetatem,
1493 1138 1602 1192 aut
1644 1148 1890 1202 sexum,
1933 1129 2260 1191 diversum
2300 1128 2385 1189 sit

881 1234 1135 1309 tempus
1183 1237 1245 1290 et
1296 1228 1522 1291 modus
1571 1246 1646 1290 ac
1695 1228 1969 1308 qualitas
2022 1226 2377 1307 jejunandi.

882 1324 1192 1389 Omnibus
1237 1334 1451 1389 tamen
1494 1345 1659 1387 unus
1699 1332 1793 1387 est
1839 1324 1992 1386 finis
2037 1323 2381 1405 corporalis

883 1424 1336 1504 castigationis,
1381 1442 1496 1505 pro
1541 1423 1931 1485 continentia
1977 1422 2208 1485 mentis
2253 1422 2383 1484 ani-

883 1521 1102 1603 mique
1152 1522 1516 1584 virtutibus.
1569 1522 1786 1603 Neque
1845 1520 2018 1582 enim
2079 1520 2381 1582 omnibus

883 1620 1188 1701 possibile
1238 1628 1334 1682 est
1391 1636 1507 1702 per
1554 1620 1864 1699 integram
1916 1617 2381 1681 hebdomadam

884 1718 1196 1798 protelare
1242 1738 1355 1779 seu
1404 1718 1776 1780 continuare
1825 1715 2146 1797 jejunium
2191 1736 2204 1779 ε
2251 1716 2383 1777 imo

2493 856 2642 899 nem
2674 858 2862 900 suum
2897 840 2963 900 in
2994 838 3319 901 saturitate
3361 847 3425 901 et
3459 839 3850 901 abundantia
3888 857 3997 901 co-

2494 935 2830 997 medebat?
2872 936 2946 997 Et
2995 937 3146 1018 quia
3194 955 3309 1019 per
3356 938 3751 999 saturitatem
3800 936 3991 1017 panis

2492 1033 2739 1095 accensi
2774 1032 3032 1096 fuerunt
3062 1034 3285 1097 ardore
3316 1033 3823 1116 inexstinguibili
3855 1052 3994 1095 car-

2493 1129 2614 1204 niS,
2645 1130 2821 1210 justo
2849 1131 2960 1194 Dei
2989 1131 3236 1212 judicio
3265 1132 3650 1194 concremati
3684 1139 3833 1194 sunt
3860 1149 3995 1193 coe-

2494 1227 2643 1289 litus
2694 1229 2840 1309 igne
2892 1238 2954 1290 et
3008 1229 3272 1292 sulfure.
3327 1230 3501 1303 Quod
3552 1230 3605 1292 si
3656 1229 3797 1293 illos
3852 1229 3993 1291 sola

2492 1325 2903 1407 superfluitas
2948 1327 3130 1409 panis
3174 1327 3437 1408 impulit
3477 1327 3637 1390 vitio
3676 1326 3991 1389 satietatis

2492 1422 2570 1484 ad
2604 1431 2841 1486 tantam
2871 1423 3257 1505 flagitiorum
3290 1424 3806 1507 profunditatem,
3835 1424 3990 1506 quid

2492 1521 2935 1584 aestimandum
2978 1524 3056 1585 de
3098 1523 3199 1585 his
3243 1523 3352 1604 qui
3396 1541 3617 1585 carnes
3658 1531 3720 1585 et
3764 1523 3991 1585 vinum

2492 1637 2641 1681 cum
2686 1620 3102 1683 immoderata
3144 1619 3433 1683 libertate
3480 1620 3806 1703 accipiunt
3854 1637 3995 1681 cor-

2494 1736 2647 1799 pore
2693 1726 2982 1799 vegetato
3032 1738 3142 1781 seu
3200 1736 3375 1794 sanc,
3428 1726 3807 1801 usurpantes
3858 1718 3987 1780 sibi

882 1832 1001 1875 nec
1041 1832 1264 1877 omnes
1309 1822 1574 1896 possunt
1617 1814 2046 1896 sumptionem
2091 1812 2221 1874 cibi
2264 1812 2384 1874 dif-
2418 1818 2465 1880 B
2495 1833 2623 1877 non
2689 1826 2999 1898 quantum
3067 1817 3476 1880 imbecillitas
3542 1818 3803 1899 expetit,
3872 1817 3989 1878 sed

881 1910 1046 1973 ferre
1077 1930 1192 1993 per
1221 1912 1379 1975 duos
1410 1920 1515 1974 aut
1553 1921 1676 1973 tres
1707 1913 1862 1974 dieS.
1899 1912 1949 1973 A
1981 1910 2200 1972 multis
2232 1928 2383 1991 quo-

879 2028 1005 2090 que
1051 2010 1426 2091 aegritudine
1476 2010 1782 2090 senioque
1835 2008 2168 2081 confectiS,
2219 2007 2383 2088 jeju-

879 2107 1060 2169 nium
1103 2108 1356 2171 tolerari
1400 2126 1528 2170 non
1577 2113 1785 2189 potest
1836 2106 1975 2168 sine
2024 2104 2381 2167 afflictione

879 2224 1079 2287 usque
1109 2206 1188 2267 ad
1227 2205 1379 2269 solis
1417 2224 1733 2268 occasum.
1770 2204 2057 2286 Denique
2088 2220 2217 2265 non
2247 2221 2381 2265 om-

877 2304 1068 2369 nibus
1125 2304 1424 2368 convenit
1480 2311 1816 2367 enervatus
1882 2302 2245 2365 infusorum
2297 2302 2381 2363 le-

878 2402 1217 2482 guminum
1258 2420 1428 2475 esuS,
1468 2420 1587 2465 nec
1630 2400 2020 2483 parsimonia
2069 2417 2377 2481 purorum

880 2499 1127 2562 olerum
1176 2500 1476 2563 omnibus
1522 2507 1671 2581 apta
1717 2506 1830 2560 est.
1883 2498 2010 2561 Nec
2059 2497 2379 2559 universis

882 2598 1267 2660 conveniens
1310 2605 1406 2660 est
1448 2597 1712 2659 refectio
1753 2596 1905 2659 sicci
1950 2596 2134 2678 panis
2177 2596 2379 2657 deter-

883 2696 1120 2758 minata
1154 2714 1168 2757 ε
1201 2696 1365 2758 alius
1407 2696 1579 2758 enim
1610 2694 1962 2777 quantitate
2001 2694 2275 2755 duarum
2308 2693 2379 2755 li-

881 2793 1140 2856 brarum
1172 2811 1298 2857 non
1330 2802 1670 2867 saturatur,
1703 2793 1866 2855 alius
1896 2809 2047 2855 vero
2077 2798 2378 2874 gravatur

881 2893 1366 2956 manducatione
1399 2893 1588 2954 unius
1622 2891 1821 2966 librae,
1857 2890 1991 2955 sive
2021 2910 2132 2953 sex
2164 2889 2378 2951 uncia-

2493 1923 2803 1995 quantum
2846 1915 3045 1977 animi
3088 1914 3607 1997 concupiscentia
3648 1916 3929 1996 suggerit
3966 1918 3989 1976 Ζ

2870 2204 3374 2269 CAPITULUM
3439 2206 3589 2269 VII.

2490 2388 2689 2456 Quare
2728 2388 3059 2458 infirmitas
3094 2391 3373 2462 corporis
3394 2390 3731 2463 puritatem
3766 2392 3988 2447 mentis

2900 2479 3195 2550 impedire
3224 2496 3345 2536 non
3366 2480 3585 2552 possit.

2566 2700 2972 2765 NFIRMITAS
3032 2703 3203 2765 enim
3267 2705 3549 2786 corporis
3608 2725 3644 2768 a
3703 2705 3981 2788 puritate

2594 2800 2826 2862 mentis
2868 2818 2993 2862 non
3040 2801 3328 2883 impedit,
3362 2801 3416 2865 si
3454 2822 3529 2865 ea
3568 2806 3777 2866 nunc*
3813 2802 3981 2865 acci-
4068 2821 4087 2839 ·

2487 2898 2746 2979 piantur
2773 2918 2914 2980 quae
2944 2898 3251 2980 fragilitas
3291 2901 3507 2983 exigit,
3541 2919 3669 2964 non
3699 2920 3841 2983 quae
3870 2918 3980 2963 vo-

879 3009 1042 3053 rum.
1089 2992 1384 3053 Attamen
1433 2989 1733 3053 omnibus
1779 2989 1878 3051 his
1926 3008 2090 3051 unus
2138 2995 2235 3051 est
2280 3004 2378 3049 so·
2408 2991 2451 3055 C
2489 2995 2707 3078 luptas.
2735 2997 2870 3060 Imo
2896 2996 3149 3059 facilius
3180 2997 3459 3061 vidimus
3488 2999 3701 3061 viros*
3730 2998 3841 3081 qui
3873 3018 3981 3081 pe-

878 3087 1167 3151 brietatis
1217 3108 1330 3151 seu
1389 3087 1796 3151 continentiae
1853 3086 2028 3163 finis,
2078 3085 2379 3149 videlicet

875 3205 955 3249 ne
987 3187 1131 3269 quis
1162 3194 1459 3250 oneretur
1490 3185 1775 3267 ingluvie
1812 3186 2162 3247 saturitatis
2196 3184 2378 3265 juxta

878 3304 1243 3349 mensuram
1279 3303 1410 3348 suae
1445 3285 1835 3366 capacitatiS.
1871 3283 2007 3346 Non
2035 3283 2211 3345 enim
2244 3282 2378 3344 sola

875 3382 1168 3464 qualitaS‚
1202 3382 1312 3446 sed
1351 3383 1545 3445 etiam
1583 3382 1901 3463 quantitas
1941 3399 2232 3443 escarum
2270 3380 2381 3443 ob-

875 3489 1086 3543 scurat
1127 3482 1332 3544 aciem
1375 3480 1607 3553 cordia,
1651 3487 1715 3543 et
1766 3479 2026 3542 noxium
2072 3479 2374 3541 vitiorum

877 3579 1169 3642 fomitem
1197 3586 1388 3661 atque
1426 3578 1638 3660 ignem
1677 3577 2028 3651 succendit,
2065 3585 2279 3639 mente
2312 3584 2377 3639 et

881 3696 1068 3741 carne
1113 3678 1352 3760 pariter
1395 3676 1828 3758 impinguatis,

1281 3967 1785 4034 CAPITULUM
1853 3968 1968 4031 VI.

987 4145 1157 4217 Quod
1184 4160 1304 4202 non
1331 4144 1523 4202 solum
1547 4143 1690 4201 vino
1717 4158 1880 4200 mena
1911 4143 2273 4200 inebrietur.

1021 4374 1274 4437 ENTER
1322 4371 1837 4454 quibuscumque
1888 4368 2050 4431 cibis
2100 4367 2376 4430 refectus

1037 4471 1378 4535 seminaria
1435 4469 1600 4551 parit
1659 4467 1948 4541 luxuriae,
2008 4484 2128 4529 nec
2197 4485 2377 4528 mens

882 4576 1268 4652 praegravata
1310 4567 1472 4630 cibis
1515 4574 1623 4629 aut
1664 4565 1921 4647 potibus
1962 4564 2126 4628 valet
2168 4564 2379 4627 mode-

882 4676 1015 4731 rate
1064 4675 1280 4731 tenere
1326 4665 1853 4749 gubernationem
1903 4670 2093 4745 atque
2144 4662 2378 4743 judici-

883 4786 991 4829 um
1017 4765 1437 4828 discretioniS.
1467 4762 1603 4825 Non
1641 4761 1769 4824 sola
1799 4760 2211 4844 superfluitas
2242 4760 2377 4823 vini

882 4867 1044 4929 solet
1102 4872 1382 4927 mentem
1445 4861 1783 4934 inebriare,
1835 4860 1944 4922 sed
2001 4868 2377 4921 cunctarum

883 4983 1174 5027 escarum
1206 4960 1692 5025 immoderantia
1723 4958 1875 5021 facit
1905 4977 2046 5021 eam
2076 4958 2378 5021 vacillan-

883 5072 1014 5126 tem
1071 5070 1136 5125 et
1193 5060 1578 5132 instabilem,
1635 5056 1938 5139 omnique
1988 5056 2377 5139 contempla-

883 5162 1056 5225 tione
1093 5158 1473 5239 integritatis
1511 5176 1585 5219 ac
1626 5155 1920 5238 puritatis
1965 5155 2170 5237 privat
2213 5173 2381 5217 eam-

883 5261 1051 5325 dem.
1085 5257 1248 5321 Audi
1287 5256 1652 5328 Dominum,
1684 5252 2225 5335 quemadmodum
2264 5272 2379 5335 per

2487 3094 2658 3156 nitus
2697 3095 3142 3157 abstinuerunt
3184 3096 3264 3157 ab
3310 3096 3817 3178 opulentioribus
3864 3116 3982 3159 seu

2484 3191 3055 3256 abundantioribus
3085 3192 3269 3267 cibis,
3294 3212 3453 3275 quos
3480 3214 3628 3257 usus
3662 3194 3983 3258 moderate

2486 3289 2777 3351 concedit
2806 3308 2921 3371 pro
2952 3291 3327 3353 necessitate
3358 3300 3619 3366 naturae,
3652 3300 3718 3354 et
3745 3292 3855 3375 qui
3888 3299 3986 3354 to-

2484 3394 2621 3449 tum
2669 3387 2792 3449 sibi
2844 3405 2957 3469 pro
3004 3406 3217 3451 amore
3269 3390 3677 3453 continentiae
3736 3390 3985 3452 subtra-

2484 3493 2733 3559 xerunt,
2768 3504 2958 3566 quam
2997 3487 3106 3569 qui
3148 3503 3255 3549 eos
3296 3488 3606 3550 sumendo
3645 3488 3765 3551 sub
3805 3506 3989 3561 occa-

2482 3583 2659 3645 sione
2698 3583 3114 3657 infirmitatis,
3151 3603 3517 3647 mensuram
3570 3585 3985 3649 sufficientiae

2484 3681 2938 3744 custodierunt.
2973 3683 3171 3745 Habet
3201 3683 3441 3766 quippe
3471 3683 3816 3746 infirmitas
3846 3701 3988 3746 cor-

2484 3778 2656 3860 poris
2688 3778 2966 3862 palmam
2996 3780 3404 3843 continentias
3442 3799 3593 3855 suae,
3626 3780 3979 3843 dummodo

2486 3876 2646 3939 cibis
2688 3876 3000 3939 debilitati
3041 3877 3248 3940 carnis
3293 3878 3611 3940 concessis
3656 3877 3913 3952 utendo,
3945 3896 3989 3940 a

2486 3973 2830 4038 refectione
2876 3994 2943 4037 se
2986 3974 3193 4037 frenet-
3234 3994 3436 4057 quum
3483 3975 3691 4037 adhuc
3739 3974 3989 4057 indiget

2483 4090 2579 4147 ea,
2622 4080 2685 4135 et
2724 4081 2961 4135 tantam
3004 4072 3419 4136 refectionem
3462 4073 3587 4136 sibi
3629 4072 3983 4153 indulgeat,

2407 4177 2456 4238 D
2485 4179 2795 4252 quantum
2826 4170 3030 4251 rigida
3068 4170 3368 4233 discretio
3403 4170 3846 4252 temperantiae
3880 4170 3988 4251 ju·

2486 4267 2793 4331 dicaverit
2833 4267 3135 4331 sufficere
3175 4269 3255 4330 ad
3297 4287 3485 4330 usum
3528 4268 3810 4344 vivendi,
3854 4286 3990 4332 non

2487 4375 2797 4449 quantum
2835 4367 3119 4449 exposcit
3158 4365 3457 4428 desiderii
3494 4366 3837 4448 appetituS.
3876 4366 3989 4429 Es-

2488 4466 2869 4529 culentiores
2899 4465 3070 4527 enim
3104 4464 3232 4527 cibi
3262 4464 3428 4526 sicut
3468 4471 3811 4546 procurant
3850 4483 3993 4527 cor-

2487 4565 2628 4648 pori
2666 4564 3023 4637 sanitatem,
3059 4564 3144 4625 ita
3181 4581 3308 4625 non
3350 4563 3651 4625 auferunt
3686 4562 3989 4626 castimo-

2488 4662 2610 4726 niae
2658 4663 3022 4745 puritatem,
3072 4662 3125 4723 si
3181 4680 3329 4724 cum
3389 4660 3821 4724 moderatione
3878 4682 3989 4725 su—

2490 4769 2760 4824 mantur.
2815 4760 3132 4842 Quidquid
3191 4760 3363 4822 enim
3415 4759 3809 4822 fortitudinis
3865 4778 3987 4824 esu

2488 4877 2708 4923 eorum
2766 4860 3141 4941 percipitur,
3180 4859 3313 4921 hoc
3361 4858 3757 4939 aegritudinis
3808 4857 3987 4922 labo-

2488 4978 2557 5021 re
2594 4977 2668 5020 ac
2707 4957 3060 5019 defectione
3102 4956 3518 5020 consumitur.
3553 4956 3985 5030 Quamobrem

2488 5057 2655 5118 sicut
2680 5056 2841 5118 nulli
2873 5054 3061 5117 statui
3081 5053 3285 5117 virtus
3314 5053 3639 5135 parcitatis
3670 5052 3983 5129 aufertur,

2489 5155 2578 5217 ita
2616 5172 2733 5217 nec
2771 5154 3086 5216 virtutum
3126 5152 3592 5216 consummatio
3634 5152 3987 5232 integritati

2484 5260 2768 5334 negatur.

4064 3018 4085 3037 ⁶
4098 3018 4221 3059 victos
