4359 6267
1247 491 1327 537 nn
1369 490 1698 537 msrrrtms
1741 492 1826 535 SS.
1861 492 2122 537 ramum.
2169 509 2252 519 —
2292 490 2467 536 mann
2509 492 2569 537 v1
3380 474 3453 537 71

1513 875 2015 985 LIBER
2129 876 2297 985 VI

954 1168 1058 1219 DE
1126 1167 1448 1218 SP1R1TU
1521 1164 2141 1217 FORNICATIONIS
2212 1167 2361 1218 SEU
2436 1168 2854 1219 LUXURIAE.

1876 1444 1929 1508 A
1959 1446 2080 1508 cati
2131 1447 2385 1528 prodire
2440 1456 2824 1510 monstratur
2876 1466 3032 1511 voce
3084 1448 3316 1511 Christi
3364 1446 3454 1508 di-

1958 1544 2158 1606 centis
2196 1562 2209 1606 :
2244 1546 2331 1607 De
2371 1547 2557 1609 corde
2598 1555 2831 1609 exeunt
2871 1546 3281 1627 cogitationes
3327 1564 3452 1607 ma-
3494 1568 3746 1621 Maumv,

1960 1642 2054 1715 lae,
2079 1642 2444 1717 homicidia,
2468 1644 2799 1717 adulteria,
2829 1644 3301 1717 fornicationeS,
3323 1643 3453 1705 fur·
3486 1634 3549 1675 ¹⁹·

1958 1749 2040 1813 ta,
2074 1740 2235 1802 falsa
2267 1741 2651 1815 testimonia,
2687 1750 2805 1803 etc.
2843 1743 2961 1806 Cor
2991 1759 3139 1821 ergo
3171 1742 3450 1823 primum

1956 1839 2359 1919 purgandum
2399 1845 2515 1911 est,
2550 1840 2628 1901 de
2657 1857 2785 1921 quo
2821 1839 2961 1902 fons
2992 1840 3137 1901 vitae
3175 1858 3249 1901 ac
3290 1856 3452 1901 mor-

1960 1936 2038 1997 tis
2083 1943 2356 2009 emanat,
2400 1936 2735 1999 Salomone
2778 1938 3027 1999 dicente
3063 1956 3077 2001 :
3112 1936 3293 1999 Omni
3346 1957 3452 1998 cu·
3482 1952 3745 2005 Promea.

1957 2034 2162 2096 stodia
2200 2054 2383 2097 serva
2426 2052 2536 2096 cor
2580 2043 2784 2108 tuum,
2828 2036 2978 2117 quia
3022 2054 3098 2097 ex
3143 2035 3282 2117 ipso
3325 2034 3457 2097 vita

354 2134 672 2216 spiritum,
721 2154 850 2216 prae
899 2135 1126 2198 ceteris
1177 2136 1409 2217 pugnis
1465 2135 1724 2217 longum
1773 2154 1848 2197 ac
1957 2133 2263 2213 procedit.
2310 2133 2465 2196 Caro
2515 2134 2751 2195 etenim
2801 2132 3147 2195 famulatur
3191 2132 3457 2195 arbitrio

355 2232 751 2306 diuturnum,
784 2241 974 2315 atque
1003 2253 1040 2296 a
1068 2234 1250 2296 valde
1292 2234 1513 2315 paucis
1555 2252 1712 2315 pure
1743 2234 1846 2296 de·
1957 2238 2146 2311 atque
2186 2230 2457 2311 imperio
2497 2231 2706 2293 cordis
2741 2249 2755 2292 :
2792 2231 3029 2293 idcirco
3068 2230 3457 2311 parsimonia

355 2330 594 2393 victum
639 2352 654 2394 ε
697 2332 867 2413 quod
912 2340 1008 2394 est
1053 2332 1330 2394 immane
1376 2331 1636 2394 bellum.
1672 2331 1847 2404 Quod
1954 2327 2349 2407 jejuniorum
2380 2347 2527 2390 cum
2570 2346 2821 2391 summo
2853 2328 3064 2390 studio
3092 2336 3188 2389 est
3218 2336 3459 2390 sectan-

355 2428 644 2509 quamvis
684 2429 952 2512 incipiat
981 2429 1356 2512 impugnare
1389 2448 1590 2512 genus
1630 2429 1849 2490 huma·
1957 2426 2058 2499 da,
2099 2444 2180 2487 ne
2223 2443 2368 2488 caro
2416 2427 2657 2507 repleta
2704 2426 3093 2488 abundantia
3141 2445 3453 2499 escarum,

355 2545 506 2587 num
555 2546 594 2588 a
642 2526 962 2609 principio
1021 2527 1396 2609 pubertatiS,
1449 2545 1576 2589 non
1634 2536 1846 2589 tamen
1959 2522 2342 2585 salutaribus
2373 2524 2602 2587 animae
2629 2523 3026 2604 jussionibus
3066 2525 3453 2598 adversetur,

354 2625 799 2706 exstinguitur,
838 2625 962 2687 nisi
1004 2626 1182 2707 prius
1223 2634 1430 2688 cetera
1469 2626 1625 2688 vitia
1662 2642 1847 2707 supe·
1881 2622 1928 2685 B
1957 2628 2020 2683 et
2075 2621 2375 2702 spiritum
2438 2640 2627 2683 suum
2691 2628 3002 2683 rectorem
3068 2621 3455 2683 insolescens

627 1506 1132 1571 CAPITULUM
1195 1505 1566 1570 PRIMUM.

469 1657 555 1711 De
589 1656 832 1727 duplici
861 1670 1074 1727 puqna
1113 1654 1404 1710 adversus
1442 1654 1734 1725 spiritum

869 1742 1328 1813 fornicationis.

497 1980 514 2001 Α
549 1940 651 2001 ΤΑ
691 1939 1042 2003 doctrinam
1081 1940 1356 2011 Patrum‚
1391 1946 1487 2001 est
1528 1938 1712 2001 nobis
1752 1958 1845 2001 se-

462 2038 748 2099 cundum
787 2046 1107 2100 certamen
1147 2046 1366 2099 contra
1409 2036 1846 2099 fornicationis

355 2730 590 2785 rentur.
652 2722 900 2805 Duplex
962 2742 1238 2805 namque
1297 2730 1393 2786 est
1451 2724 1846 2806 impugnatio

353 2820 488 2893 ista,
531 2828 598 2884 et
640 2821 881 2904 duplici
927 2821 1086 2883 vitio
1133 2830 1354 2884 ornata
1400 2822 1725 2903 consurgit
1766 2823 1844 2884 ad

355 2918 857 3002 impugnandum
912 2939 927 2982 z
981 2919 1220 2983 idcirco
1278 2920 1519 3002 duplici
1567 2921 1702 2982 acie
1755 2940 1848 2983 re-

351 3018 704 3080 sistendum
751 3025 848 3081 est
895 3018 975 3081 ei.
1022 3017 1179 3080 Nam
1228 3017 1396 3081 vires
1445 3019 1720 3100 acquirit
1767 3038 1846 3081 ex

355 3115 573 3179 morbo
629 3134 743 3179 seu
803 3114 1148 3179 infectione
1207 3116 1413 3179 carnis
1469 3136 1544 3178 ac
1592 3117 1842 3189 animae,

353 3220 652 3295 tanquam
716 3221 1084 3276 concretum
1148 3214 1304 3295 quid
1373 3232 1484 3275 seu
1553 3214 1844 3294 generale

354 3310 440 3371 eis
474 3330 488 3373 ε
525 3312 672 3373 ideo
713 3312 998 3393 superari
1041 3329 1170 3374 non
1213 3318 1440 3394 potest,
1485 3312 1610 3373 nisi
1659 3330 1844 3373 carne

353 3427 422 3469 ac
451 3410 668 3470 anima
698 3410 1153 3471 dimicantibus
1184 3418 1404 3472 contra
1443 3410 1672 3492 ipsum.
1709 3410 1844 3471 Non

353 3506 522 3568 enim
554 3507 762 3569 solum
796 3508 1119 3589 corporale
1140 3507 1462 3588 jejunium
1493 3507 1740 3569 sufficit
1767 3507 1845 3569 ad

351 3605 812 3685 acquirendum
856 3614 965 3667 aut
1002 3606 1456 3687 possidendum
1504 3605 1844 3687 puritatem

353 3702 660 3764 castitatis
691 3702 1010 3785 perfectae,
1035 3702 1159 3765 nisi
1190 3704 1585 3785 praecesserit
1615 3703 1845 3766 contri-

354 3799 438 3861 tio
462 3801 730 3882 spiritus
755 3809 944 3883 atque
968 3802 1166 3864 oratio
1190 3820 1603 3884 perseverans
1633 3802 1848 3864 adver·
1884 3800 1928 3864 C
1955 3796 2125 3878 quod
2167 3795 2338 3857 intus
2368 3802 2465 3857 est
2494 3793 2711 3855 calicis
2749 3800 2938 3874 atque
2972 3793 3349 3874 paropsidi8‚
3383 3798 3455 3855 ut
3481 3792 3595 3831 ¹¹¹¹¹·

353 3916 458 3960 sus
486 3898 1080 3961 immundissimum
1105 3899 1404 3982 spiritum
1431 3900 1654 3979 istum;
1676 3900 1848 3963 dein-

351 3994 428 4057 de
467 3996 800 4059 meditatio
833 3996 1089 4058 assidua
1127 3996 1620 4079 Scripturarum,
1658 3997 1844 4062 labor

353 4095 544 4157 etiam
583 4114 874 4178 opusque
905 4114 1232 4169 manuum,
1267 4096 1668 4177 evagationes
1709 4115 1844 4161 cor-

354 4194 448 4255 dis
489 4194 826 4256 instabiles
870 4211 1172 4257 revocans
1213 4201 1278 4256 et
1318 4211 1616 4257 coercens
1652 4213 1665 4256 :
1698 4205 1844 4259 ante

351 4294 565 4355 omnia
605 4311 859 4375 quoque
901 4293 1178 4355 radicata
1218 4301 1282 4354 et
1320 4291 1451 4355 fixa
1492 4293 1842 4369 humilitaS,

353 4392 486 4453 sine
525 4409 657 4473 qua
697 4391 946 4453 nullum
987 4392 1216 4453 vitium
1260 4391 1493 4472 poterit
1535 4392 1840 4472 superari.

770 4640 1276 4707 CAPITULUM
1341 4640 1428 4703 ΙΙ.

355 4793 436 4849 De
454 4791 808 4865 principali
834 4792 1202 4847 correctione
1229 4790 1522 4846 adversus
1550 4789 1842 4862 spiritum

875 4880 1334 4951 fornicationis.

483 5076 1013 5141 RINCIPALITER
1061 5076 1300 5157 quippe
1350 5074 1662 5137 correctio
1711 5072 1852 5135 vitii

503 5175 697 5256 hujus
749 5174 1033 5256 procedit
1070 5174 1146 5235 de
1188 5171 1396 5235 cordis
1441 5171 1852 5254 perfectione,

366 5273 440 5335 de
478 5291 608 5356 quo
643 5273 838 5335 etiam
881 5272 1069 5335 corde
1108 5289 1430 5333 venenum
1475 5270 1670 5350 hujus
1711 5288 1856 5352 pec-

1957 2717 2233 2799 dejiciat.
2270 2719 2481 2791 Porro,
2516 2719 2569 2780 si
2611 2718 3070 2799 perfectionem
3111 2717 3304 2780 studii
3347 2735 3455 2781 no-

1955 2817 2068 2879 stri
2128 2817 2195 2877 in
2258 2816 2390 2879 sola
2447 2816 2731 2897 corporis
2792 2817 3202 2897 castigatione
3263 2834 3455 2898 pona-

1958 2934 2122 2989 mus,
2162 2922 2384 2996 utpote
2435 2914 2648 2976 anima
2693 2920 2906 2975 nostra
2949 2932 2986 2975 a
3034 2912 3259 2975 ceteris
3309 2930 3455 2993 pec-

1956 3012 2114 3074 catis
2178 3030 2306 3075 non
2365 3012 2721 3092 jejunante,
2786 3029 2981 3092 seque
3044 3010 3454 3073 meditatione

1955 3111 2173 3172 divina
2222 3118 2285 3171 et
2328 3108 2771 3191 spiritualibus
2820 3108 3048 3171 studiis
3098 3126 3225 3171 non
3272 3126 3457 3171 occu-

1954 3215 2189 3290 pante3
2242 3226 2645 3289 nequaquam
2705 3206 3056 3289 poterimus
3114 3207 3454 3269 ascendere

1954 3307 2032 3368 ad
2078 3306 2237 3367 illud
2285 3304 2670 3367 altissimum
2712 3324 2877 3367 verae
2924 3305 3302 3386 integritatis
3344 3310 3456 3366 aut

1954 3404 2259 3467 castitatis
2289 3402 2637 3482 fastigium,
2670 3402 3011 3485 principali
3042 3403 3213 3484 quod
3244 3403 3311 3463 in
3342 3420 3454 3465 no-

1954 3502 2052 3564 bis
2093 3509 2209 3575 est,
2244 3500 2490 3563 scilicet
2534 3499 2743 3574 corde,
2780 3500 3122 3581 puritatem
3168 3500 3451 3581 corporis

1954 3599 2295 3662 infestante
2326 3617 2439 3661 seu
2471 3597 2865 3679 inquinante.
2901 3597 3068 3671 Iden,
3099 3597 3281 3677 juxta
3310 3615 3451 3659 sen-

1953 3698 2219 3760 tentiam
2245 3696 2763 3777 Christi,oportet
2787 3712 2902 3757 nos
2934 3695 3241 3757 mundare
3273 3694 3451 3777 prius
3534 3718 3711 3763 Μαειιι.

3624 3784 3692 3825 26.

1958 3894 2272 3955 mundum
2314 3891 2432 3954 fiat
2472 3891 2640 3972 quod
2689 3889 2923 3953 deforis
2967 3898 3081 3952 est.

2356 4152 2860 4217 CAPITULUM
2930 4152 3051 4215 III.

1957 4306 2261 4372 Quantum
2309 4300 2563 4357 remedii
2608 4298 2883 4370 conferat
2915 4298 2999 4355 ad
3040 4298 3451 4371 superandum

2027 4394 2248 4448 vitium
2290 4388 2729 4462 fornicationis
2777 4388 3043 4444 solitudo
3087 4403 3219 4444 cum
3262 4390 3453 4444 conti-

2027 4482 2259 4537 nentia.

2099 4674 2369 4740 EINDE
2433 4684 2641 4739 cetera
2706 4673 2864 4738 vitia
2928 4674 3133 4738 solent
3197 4675 3454 4758 purgari

2116 4774 2565 4838 exercitatione
2610 4774 2979 4855 quotidiana
3015 4781 3080 4836 et
3116 4793 3195 4836 ex
3236 4775 3459 4837 huma-

1959 4894 2042 4937 na
2071 4872 2405 4957 praesentia
2430 4890 2443 4934 ε
2469 4872 3005 4954 quemadmodum
3039 4871 3151 4945 ira,
3179 4872 3455 4946 tristitia,

1883 4974 1932 5035 D
1965 4971 2383 5055 impatientia,
2445 4976 2747 5032 sanantur
2806 4968 3213 5032 meditatione
3267 4976 3461 5051 atque

1965 5070 2259 5155 pervigili
2304 5068 2737 5132 sollicitudine
2782 5068 3011 5142 cordiS,
3055 5085 3131 5129 ex
3170 5068 3458 5130 Fratrum

1966 5187 2223 5252 quoque
2271 5166 2631 5249 frequentia
2676 5172 2740 5227 et
2788 5165 3122 5227 collatione
3166 5165 3456 5245 assidua3

1968 5275 2031 5331 et
2059 5269 2213 5331 dum
2253 5266 2485 5347 saepius
2526 5264 3033 5337 manifestantur,
3064 5281 3138 5325 ac
3174 5261 3457 5326 crebrius
