4359 6267
1087 537 1504 585 coLLA'rloNuu
1545 538 1634 583 ss.
1668 538 1910 583 rA‘rnun
1951 536 2126 583 nuum
2166 538 2229 583 11.
2275 556 2356 566 —
2394 537 2681 585 GOLLATlo
2719 538 2875 583 xxm
3411 514 3531 581 413

417 726 746 789 nusquam
806 727 1100 771 aversum
1151 729 1190 772 a
1235 726 1492 772 summo
1549 708 1736 772 bono.
1789 709 1924 771 lmo
1953 706 2006 770 A

415 824 576 867 vero
613 806 1010 888 quicumque
1055 808 1424 871 examinans
1467 808 1920 871 conscientiam

415 920 631 977 suam,
662 904 978 967 invenerit
1008 924 1076 967 se
1107 896 1459 969 celelirasse
1489 915 1598 969 aut
1627 924 1921 969 consum-

417 1021 634 1064 masse
681 1003 906 1065 saltem
967 1024 1160 1068 unam
1221 1006 1510 1087 synaxim
1561 1006 1916 1069 orationum

413 1120 535 1162 seu
589 1102 810 1165 horam
873 1103 1010 1165 sine
1059 1104 1190 1167 ulla
1249 1104 1757 1187 interpellatione
1808 1125 1919 1167 seu

413 1200 832 1263 distractione
865 1202 1284 1282 cogitationiS‚
1307 1203 1485 1265 verbi
1518 1212 1626 1266 aut
1656 1204 1827 1277 facti,
1852 1213 1923 1265 ut

415 1316 550 1361 non
606 1299 890 1380 amplius
945 1302 1179 1375 dicam,
1229 1304 1599 1383 pronuntiet
1657 1322 1726 1365 se
1783 1323 1921 1365 esse

415 1398 562 1459 sine
605 1407 884 1479 peccato.
919 1399 1208 1475 Proinde,
1252 1401 1404 1483 quia
1445 1401 1723 1463 fatemur
1763 1402 1922 1465 cele-

417 1515 556 1558 rem
590 1496 954 1560 discursum
991 1499 1222 1561 mentis
1252 1500 1547 1563 humanae
1579 1518 1705 1565 non
1738 1519 1920 1582 posse

417 1612 636 1657 carere
668 1595 748 1657 iis
779 1596 1080 1659 omnibus
1110 1598 1330 1660 otiosis
1359 1607 1548 1681 atque
1580 1598 1920 1679 superfluis

2424 758 2927 822 CAPITULUM
2986 758 3140 821 XX.

2114 909 2160 962 A
2197 908 2419 981 quibus
2447 910 2737 965 discenda
2764 910 2846 962 sit
2866 909 3105 981 peccati
3132 908 3446 965 evacuatio
3526 900 3531 903 ’

2421 1005 2479 1054 et
2506 1000 2801 1055 virtutum
2822 998 3140 1071 perfectio.

2161 1198 2536 1272 OSTREMQ
2570 1198 2622 1261 si
2654 1200 2952 1279 cupimus
2982 1199 3289 1261 veraciter
3316 1200 3527 1281 explo-

2177 1316 2317 1359 rare
2365 1316 2443 1358 an
2506 1297 2809 1379 possibile
2856 1298 2939 1359 sit
2984 1298 3231 1361 homini
3290 1297 3526 1380 impec-

2034 1396 2307 1457 cantiam
2374 1396 2718 1477 possidere‚
2779 1416 2816 1458 a
2874 1396 3107 1478 quibus
3169 1396 3523 1478 poterimus

2033 1494 2150 1557 hoc
2193 1494 2594 1557 manifestius
2632 1495 2875 1557 discere
2914 1514 3106 1577 quam
3145 1495 3223 1557 ab
3268 1496 3367 1557 his
3411 1496 3519 1577 qui
3592 1520 3813 1574 aalma,

2033 1610 2287 1654 carnem
2337 1613 2517 1655 suam
2558 1594 3017 1656 crucifixerunt
3056 1613 3202 1655 cum
3243 1593 3417 1657 vitiis
3460 1602 3523 1657 et
3550 1586 3619 1627 ²⁴·

421 1694 640 1768 rebuS,
693 1714 808 1776 per
856 1696 976 1759 hoc
1025 1706 1488 1779 consequenter
1535 1698 1922 1761 eonfitemur
2033 1691 2591 1773 concupiscent-iis,
2626 1702 2685 1755 et
2720 1692 2956 1773 quibus
2986 1712 3132 1755 vere
3171 1693 3521 1756 crucifixus
3550 1716 3814 1769 [masau.

421 1794 738 1854 veraciter
786 1796 954 1875 quod
1002 1796 1140 1857 sine
1190 1804 1447 1877 peccato
1495 1815 1621 1860 non
1669 1818 1912 1859 sumus.
2031 1797 2126 1851 est
2170 1791 2643 1864 ¹1¹1¹¹¹d¹¹S2Q¹1i
2688 1792 2839 1853 dum
2890 1791 3239 1853 evulserint
3274 1791 3351 1853 de
3389 1810 3521 1855 00¹*-

419 1892 579 1954 Nam
623 1892 1098 1973 quantumlibet
1140 1914 1367 1976 magna
1404 1895 1920 1977 circumspectio-
1955 1892 2004 1955 B
2032 1888 2223 1950 dibus
2271 1890 2403 1951 suis
2462 1907 2587 1951 non
2636 1890 2843 1951 solum
2901 1890 3199 1952 universa
3245 1898 3521 1971 peccata,

421 2010 502 2053 ne
554 1991 701 2072 quis
751 2008 861 2053 cor
898 2011 1088 2054 suum
1136 2012 1388 2055 servare
1437 2000 1722 2065 conetur,
1759 2014 1918 2055 nun-

421 2108 616 2169 quam
653 2097 866 2151 tamen
897 2090 1210 2153 custodiet
1242 2091 1398 2153 illud
1430 2092 1782 2154 secundum
1815 2093 1920 2154 de-

417 2188 728 2249 siderium
763 2189 1028 2270 spiritus
1058 2190 1176 2263 sui,
1196 2190 1527 2252 resistente
1559 2190 1920 2253 conditione

419 2286 706 2367 corporis
756 2287 1019 2368 proprii.
1057 2288 1214 2363 Im0,
1257 2297 1496 2370 quanto
1543 2290 1690 2371 plus
1739 2309 1920 2351 mens

421 2384 705 2445 humana
735 2383 1097 2465 profecerit,
1130 2394 1192 2447 et
1218 2387 1295 2448 ad
1327 2386 1738 2450 sinceriorem
1773 2406 1918 2450 con-

418 2482 858 2563 templationis
909 2483 1248 2565 puritatem
1311 2487 1694 2567 pervenerit,
1747 2494 1920 2550 tanto

419 2600 488 2643 se
537 2580 958 2644 sordidiorem
1009 2582 1254 2645 videbit
1303 2585 1484 2666 quasi
1535 2604 1648 2666 per
1695 2604 1918 2666 specu-

421 2680 554 2741 lum
604 2699 738 2742 suae
787 2680 1142 2756 munditiae,
1194 2683 1345 2764 quia
1394 2702 1652 2745 necesse
1705 2692 1802 2746 est
1850 2692 1920 2745 ut

419 2778 574 2841 dum
622 2778 878 2841 animus
918 2798 986 2841 se
1027 2781 1312 2843 extendit
1353 2782 1428 2844 ad
1473 2780 1916 2845 sublimiorem

421 2877 755 2951 intuitum,
787 2886 852 2940 et
894 2878 1134 2959 majora
1171 2881 1495 2959 cognoscit
1533 2900 1724 2962 quam
1764 2882 1914 2962 agit,

419 2994 494 3039 ea
550 2976 616 3038 in
675 2976 914 3059 quibus
973 2985 1069 3039 est
1115 2984 1180 3041 et
1226 2997 1368 3059 quae
1424 2980 1553 3060 agit
1610 2981 1919 3062 adspiciat

2032 2007 2256 2049 verum
2306 1987 2497 2050 etiam
2558 1996 2869 2051 conentur
2914 1989 3249 2051 excludere
3299 1989 3527 2069 cogita-

2033 2086 2237 2148 tiones
2286 2094 2475 2168 atque
2530 2088 2901 2149 memoriam
2953 2086 3281 2158 vitiorum,
3323 2087 3527 2149 nihilo

2033 2185 2249 2247 minus
2312 2184 2591 2248 fideliter
2649 2186 2871 2247 dicunt
2926 2185 3213 2267 quotidie
3270 2206 3337 2249 se
3397 2204 3524 2249 non

2030 2302 2243 2347 carere
2288 2303 2415 2347 una
2456 2284 2559 2345 die
2607 2285 2856 2347 macula
2897 2285 3120 2366 culpae.

2401 2539 2904 2603 CAPITULUM
2964 2540 3152 2604 XXI.

2030 2697 2201 2763 Quod
2228 2712 2349 2751 non
2382 2696 2697 2751 debeamus
2736 2714 2843 2753 nos
2880 2714 2920 2753 a
2956 2714 3134 2754 sacra
3170 2700 3527 2754 communio-

2101 2802 2174 2841 ne
2222 2787 2603 2857 suspendere,
2645 2788 2922 2859 quamvis
2958 2803 3379 2859 coquoscamus
3416 2804 3524 2845 nos

2092 2880 2442 2947 peccatores
2480 2891 2623 2931 esse.

419 3094 676 3156 semper
736 3082 804 3137 ut
859 3075 1161 3139 inferiora
1213 3096 1284 3138 ac
1341 3077 1584 3140 viliora.
1638 3078 1794 3140 Nam
1855 3087 1917 3141 et
1954 3076 1997 3139 C
2169 3071 2265 3135 EC
2300 3078 2509 3134 tamen
2552 3072 2790 3135 idcirco
2829 3072 3137 3135 debemus
3170 3094 3207 3137 a
3236 3093 3522 3138 commu-

417 3172 732 3235 sincerior
778 3172 956 3235 visus
1007 3173 1364 3236 considerat
1414 3175 1618 3256 plura,
1659 3183 1722 3237 et
1765 3176 1915 3238 irre-

417 3271 874 3352 prehensibilis
919 3272 1050 3334 vita
1091 3272 1256 3354 parit
1299 3272 1422 3335 sibi
1473 3273 1780 3353 maj0rem
1825 3294 1918 3336 re-

419 3370 863 3450 prehensionis
907 3371 1224 3449 dolorem3
1258 3373 1618 3435 emendatio
1662 3390 1914 3454 quoque

419 3485 672 3531 morum
722 3469 1105 3551 multiplicat
1151 3469 1273 3531 sibi
1318 3470 1615 3552 suspiria,
1659 3472 1914 3534 tumula-

415 3566 636 3648 tioque
683 3574 922 3630 attenta
969 3567 1278 3630 virtutum
1331 3575 1424 3631 est
1477 3577 1676 3631 mater
1719 3570 1916 3649 gemi-

417 3672 622 3726 tuum.
667 3664 955 3746 Denique
1000 3684 1191 3729 nemo
1235 3674 1438 3747 potest
1479 3686 1618 3729 esse
1662 3674 1916 3730 conten-

419 3770 522 3825 tus
549 3763 750 3843 gradu
784 3762 850 3825 in
879 3783 1072 3845 quem
1115 3764 1511 3845 proficiendo
1542 3765 1818 3836 devenit,
1851 3774 1914 3828 et

413 3869 656 3943 quanto
696 3862 842 3942 quis
880 3862 1073 3924 fuerit
1115 3871 1327 3924 mente
1361 3864 1706 3943 purgatior,
1742 3872 1912 3927 tanto

416 3958 835 4021 sordidiorem
877 3979 945 4021 se
973 3960 1168 4034 videt,
1205 3960 1532 4043 magisque
1570 3961 1814 4024 invenit
1847 3963 1909 4024 in

371 4064 384 4075 “
416 4076 486 4119 se
535 4076 758 4119 causas
807 4058 1188 4121 humilitatis
1238 4078 1432 4140 quam
1483 4060 1804 4139 elationis3
1849 4070 1912 4123 et

117 4480 392 4528 Iouna-1111,

109 4546 128 4584 Ξ
137 4546 178 4583 3.

137 4674 342 4716 ΙΙοωυι.
363 4688 392 4723 1,

107 4740 148 4778 ¹3.

417 4163 658 4237 quanto
689 4155 1050 4237 promptius
1089 4157 1165 4218 ad
1207 4156 1584 4220 sublimiora
1620 4161 1912 4221 ascende-

2184 3170 2374 3233 nione
2415 3171 2737 3233 dominica
2773 3171 3113 3246 abstinere,
3147 3173 3299 3254 quia
3335 3193 3521 3255 agno-

2027 3267 2267 3330 scimus
2307 3277 2670 3351 peccatores
2709 3289 2823 3332 nos
2863 3290 3001 3333 esse
3035 3289 3049 3333 :
3093 3272 3225 3335 imo
3262 3274 3338 3335 ad
3376 3292 3515 3336 eam

2028 3368 2227 3447 magis
2274 3387 2347 3430 ac
2390 3368 2591 3448 magis
2640 3377 2735 3431 est
2783 3368 3212 3433 festinandum
3264 3380 3523 3453 propter

2025 3466 2253 3528 animae
2296 3467 2675 3529 medicinam
2728 3468 3089 3549 mentisque
3134 3468 3522 3550 purificatio-

2028 3582 2214 3642 nem3
2248 3573 2691 3627 verumtamen
2736 3584 2810 3627 ea
2853 3566 3213 3629 humilitate
3256 3577 3318 3629 et
3365 3567 3517 3642 fide,

2026 3669 2096 3722 ut
2143 3662 2457 3725 fateamur
2502 3681 2617 3725 nos
2666 3665 3074 3746 perceptione
3118 3666 3271 3728 tanti
3321 3684 3522 3729 sacra-

2028 3762 2227 3823 menti
2298 3760 2613 3843 indignOS,
2678 3763 3166 3844 remediumque
3227 3772 3518 3845 petamus

2023 3858 2401 3922 vulneribus
2448 3861 2646 3922 nostri
2697 3860 2924 3923 cordis,
2968 3860 3221 3942 Alioqui
3265 3882 3383 3924 nec
3428 3864 3518 3926 di-

2020 3976 2144 4037 gne
2176 3958 2320 4040 quis
2350 3958 2851 4020 communicaret
2884 3958 3081 4021 semel
3119 3960 3184 4021 in
3221 3978 3408 4036 ann0,
3446 3970 3515 4024 ut

2022 4054 2265 4118 faciunt
2308 4055 2565 4137 quidam
2611 4055 2677 4117 in
2728 4057 3128 4119 monasteriis
3172 4060 3517 4122 consisten-

2021 4164 2138 4229 teS,
2175 4156 2283 4236 qui
2335 4155 2422 4237 iuta
2460 4155 2805 4235 ponderant
2849 4154 3242 4235 dignitatem,
3285 4160 3513 4220 sancti-

418 4253 522 4328 rit,
556 4261 730 4315 tanto
760 4253 1038 4336 amplius
1067 4254 1240 4317 videt
1269 4254 1391 4317 sibi
1423 4275 1756 4336 superesse
1788 4276 1912 4338 quo
1942 4260 1993 4323 D
2024 4253 2390 4315 ficationem
2459 4271 2531 4313 ac
2602 4252 2898 4314 meritum
2972 4262 3509 4319 sacramentorum

417 4354 652 4414 tendat.
705 4352 1028 4415 Postremo
1087 4353 1362 4416 eximius
1420 4355 1526 4416 ille
1575 4356 1912 4436 Apostolus

421 4470 614 4532 quem
663 4450 966 4532 diligebat
1009 4453 1211 4525 Jesus,
1259 4472 1452 4533 super
1500 4460 1722 4535 pectus
1765 4456 1911 4517 Jesu

421 4547 826 4623 recumbenS,
858 4550 1038 4630 quasi
1075 4570 1150 4612 ex
1183 4550 1504 4614 dominico
1543 4552 1730 4613 corde
1770 4571 1912 4634 pro-

419 4647 567 4709 tulit
601 4647 784 4709 istam
819 4648 1196 4711 sententiam
1235 4668 1249 4712 ε
1284 4649 1347 4712 Si
1380 4650 1732 4713 dixerimus
1763 4652 1914 4732 quia

421 4753 753 4827 peccatum
797 4763 923 4808 non
964 4746 1297 4821 habemus,
1341 4748 1461 4829 ipsi
1507 4766 1621 4810 nos
1666 4750 1911 4812 seduci-

419 4862 588 4916 muS,
621 4850 683 4905 et
713 4843 945 4905 veritas
979 4843 1040 4905 in
1073 4844 1258 4908 nobis
1297 4862 1422 4908 non
1455 4853 1568 4908 est.
1605 4846 1666 4907 Si
1701 4847 1912 4928 itaque

416 4941 690 5003 dicendo
737 4959 852 5003 nos
912 4959 1040 5003 non
1098 4942 1330 5005 habere
1380 4952 1734 5024 peccatum,
1786 4962 1913 5007 non

416 5038 734 5102 habemus
793 5040 1148 5113 veritatem,
1199 5042 1263 5103 id
1323 5050 1418 5104 est
1466 5041 1785 5105 Christum
1848 5044 1912 5104 in

415 5137 626 5211 nobiS,
665 5138 820 5219 quid
869 5138 1041 5201 aliud
1092 5140 1470 5221 proficimus
1520 5141 1643 5202 nisi
1689 5149 1758 5203 ut
1800 5161 1914 5205 nos

415 5236 538 5298 hac
581 5236 716 5317 ipsa
761 5236 1152 5317 professione
1191 5239 1684 5320 comprobemus
1723 5242 1914 5304 scele-

415 5342 588 5397 ratos
628 5353 701 5397 ac
747 5334 1035 5416 impios?

2023 4352 2405 4423 coelestium,
2439 4358 2509 4412 ut
2549 4350 2866 4413 aestiment
2907 4370 3034 4415 non
3082 4353 3205 4415 nisi
3256 4354 3514 4418 Sanctos

2024 4458 2084 4512 et
2125 4450 2567 4512 immaculatos
2605 4450 2681 4511 ad
2720 4468 2795 4511 ea
2829 4450 3061 4513 debere
3099 4452 3417 4527 accedere,
3452 4464 3516 4516 et

2025 4567 2150 4612 non
2196 4550 2409 4631 potius
2454 4555 2521 4610 ut
2568 4548 2705 4629 ipsa
2742 4548 2977 4611 faciant
3015 4568 3128 4613 nos
3167 4571 3282 4615 sua
3324 4553 3515 4634 parti-

2024 4648 2340 4729 cipatione
2380 4648 2604 4729 dignos
2647 4655 2709 4709 et
2752 4648 3039 4712 mundos.
3075 4651 3192 4723 Qui
3232 4651 3515 4733 profecto

2026 4746 2360 4808 incurrunt
2418 4746 2723 4825 majorem
2783 4749 3152 4829 arrogantia!
3211 4768 3515 4831 praesum·

2025 4846 2333 4927 ptionem,
2384 4864 2575 4925 quam
2630 4864 2697 4905 se
2745 4854 2970 4925 putant
3021 4849 3307 4923 evadere,
3360 4868 3513 4931 quo-

2023 4943 2197 5005 niam
2232 4942 2521 5022 judicant
2551 4962 2617 5004 se
2652 4943 2874 5023 dignos
2912 4945 3175 5016 eisdem,
3209 4966 3409 5028 quum
3442 4968 3517 5011 ea

2023 5041 2364 5123 accipiunt.
2408 5040 2527 5102 Sed
2581 5042 2779 5102 multo
2828 5042 3146 5107 salubrius
3194 5054 3395 5108 estut
3444 5066 3518 5109 ea

2025 5140 2455 5222 suscipiamus
2492 5140 2669 5201 omni
2719 5140 2821 5202 die
2858 5141 3180 5204 dominica
3226 5162 3342 5225 pro
3383 5146 3517 5207 ani-

2027 5260 2271 5303 marum
2307 5248 2662 5301 nostrarum
2697 5239 3039 5315 curatione,
3060 5261 3207 5304 cum
3238 5243 3355 5306 hac
3386 5263 3519 5307 cor-

2026 5340 2125 5401 dis
2175 5336 2537 5400 humilitate
2589 5357 2713 5419 qua
2758 5338 3075 5402 credimus
3114 5348 3177 5403 et
3215 5341 3512 5418 fatemur,
