4359 6267
905 480 1023 546 100

903 681 1029 734 stas
1076 690 1150 733 ac
1198 672 1584 735 necessarias
1636 672 2045 734 salutationes
2095 671 2239 733 aliis
2287 690 2391 734 ex·
2420 668 2473 732 A

903 770 1234 844 hibendaS,
1278 772 1797 853 visitationesque
1842 771 2247 836 infirmorum
2291 772 2390 834 vel

898 869 1169 933 aliorum
1227 870 1479 933 eminus
1538 889 1649 933 seu
1704 870 1953 952 longius
2013 872 2385 953 positorum.

898 968 1193 1042 Quaedam
1238 970 1427 1031 etiam
1480 970 1585 1050 pia
1626 988 1701 1032 ac
1743 970 2036 1051 religiosa
2079 970 2391 1050 excogitat

898 1068 1117 1130 officia
1157 1067 1283 1130 illis
1314 1075 1423 1129 aut
1458 1069 1584 1131 illis
1616 1070 1985 1151 parentibus
2016 1070 2234 1132 deberi
2274 1070 2389 1132 im-

899 1166 1113 1247 pendi,
1165 1174 1355 1248 atque
1411 1168 1489 1228 ad
1547 1184 1654 1230 eos
1712 1168 2045 1231 salvandos
2103 1168 2389 1231 crebrius

897 1263 1233 1343 festinare3
1289 1284 1585 1345 magnum
1630 1284 1883 1348 quoque
1932 1286 2091 1348 opus
2135 1267 2388 1348 pietatis

898 1380 1035 1423 esse
1076 1361 1444 1443 frequenter
1486 1364 1761 1426 invisere
1806 1364 1980 1426 illam
2025 1365 2385 1445 religiosam

897 1460 1317 1541 devotamque
1347 1461 1673 1536 famulam,
1698 1464 2047 1543 praesertim
2078 1463 2253 1526 omni
2285 1482 2389 1545 pa-

900 1566 1152 1618 rentum
1192 1557 1477 1622 subsidio
1507 1560 1870 1623 destitutam
1908 1579 1922 1623 :
1959 1561 2088 1623 imo
2126 1561 2388 1623 sanctis-

898 1654 1133 1718 simum
1183 1674 1321 1717 esse
1373 1674 1711 1738 procurare
1760 1660 1990 1733 eidem,
2034 1660 2086 1722 si
2130 1660 2285 1741 quid
2329 1661 2387 1722 ei

896 1754 1325 1816 necessarium
1374 1756 1476 1830 sit,
1518 1776 1659 1838 quae
1708 1776 1745 1819 a
1792 1758 2066 1840 propriis
2116 1758 2390 1839 parenti-

1802 501 1880 547 DF:
1922 501 2250 547 INSTITUTIS
2292 501 2378 546 SS.
2412 501 2673 547 PATRUM.
2720 519 2801 529 —
2840 502 3016 548 LIBER
3053 504 3096 549 X

2907 721 3411 785 CAPITULUM
3473 723 3590 787 IV.

2503 869 2674 937 Quod
2700 871 2916 927 acedia
2945 878 3192 927 mentem
3219 878 3490 935 eoecaecet,
3511 879 3568 928 et
3594 874 3894 945 impediat
3921 874 4008 929 ab

2735 962 2899 1015 omni
2925 961 3429 1033 contemplatione
3453 963 3764 1018 virtutum.

2643 1163 2972 1227 NIVERSA
3011 1166 3412 1228 incommoda
3453 1166 3847 1247 aegritudinis
3887 1168 4008 1230 hu-

2657 1262 2786 1342 juS,
2833 1272 2986 1344 puta
3026 1264 3280 1336 acediae,
3323 1265 3642 1345 eleganter
3683 1266 4004 1346 expressit

2501 1360 2809 1442 Propheta
2859 1380 2987 1425 uno
3033 1363 3370 1437 versicu10,
3423 1363 3640 1426 dicens
3687 1384 3701 1427 :

2502 1754 2869 1817 dormitabit
2899 1756 3111 1819 anima
3139 1756 3220 1819 ab
3249 1758 3426 1819 omni
3462 1757 4002 1839 contemplatione

898 1852 1017 1914 bus
1052 1853 1136 1914 ita
1166 1853 1507 1934 negligitur
1536 1864 1725 1936 atque
1756 1855 2137 1938 despicitur;
2162 1856 2391 1936 magis·
2429 1857 2476 1919 B
2504 1851 2813 1915 virtutum
2859 1862 3048 1936 atque
3094 1854 3329 1917 intuitu
3379 1856 3810 1937 spiritualium
3859 1875 4004 1916 sen-

895 1970 1021 2032 que
1071 1960 1361 2033 oportere
1410 1953 1475 2013 in
1524 1953 1625 2015 his
1674 1954 1927 2035 pietatis
1972 1972 2165 2036 opera
2216 1973 2391 2017 exer-

899 2068 1064 2125 cere,
1117 2070 1308 2132 quam
1370 2050 1761 2115 infructuose
1810 2060 1873 2114 et
1918 2053 2159 2136 absque
2216 2054 2388 2116 omni

898 2147 1186 2229 profectu
1229 2150 1295 2212 in
1338 2150 1568 2212 cellula
1610 2150 1903 2213 residere.

1298 2442 1800 2509 CAPITULUM
1864 2444 1895 2505 I
1902 2444 1927 2506 Ι
1932 2445 1983 2506 Ι.

1136 2626 1367 2693 Quibus
1413 2628 1608 2683 modis
1653 2629 1867 2684 acedia
1913 2632 2155 2700 superet

1453 2718 1819 2773 monachum.

1055 2936 1277 2999 ISERA
1322 2937 1533 3020 itaque
1573 2939 1787 3001 anima
1828 2938 2063 3002 talibus
2105 2940 2392 3002 inimico-

2504 1970 2716 2025 suum,
2751 1972 2894 2034 quae
2936 1953 3062 2015 telo
3103 1954 3338 2017 acediae
3380 1953 3576 2016 fuerit
3616 1954 3914 2015 sauciata.

2925 2206 3429 2271 CAPITULUM
3492 2208 3573 2272 V.

2505 2354 2676 2422 Quod
2702 2354 2935 2425 dupleoe
2962 2355 3046 2408 sit
3068 2355 3298 2411 acediae
3327 2357 3744 2428 impu-quatio,-
3773 2362 3830 2413 et
3855 2374 4006 2430 qua-

2577 2445 2725 2500 liter
2766 2444 3132 2499 dilabantur
3173 2446 3228 2499 ii
3272 2446 3383 2518 qui
3427 2445 3504 2501 ab
3551 2446 3769 2503 acedia
3811 2464 4002 2520 coepe-

2575 2534 2708 2589 rint
2745 2534 2930 2589 vinci.

2653 2739 2724 2801 IC
2756 2738 2968 2821 itaque
2993 2758 3180 2803 verus
3207 2740 3437 2803 Christi
3467 2740 3702 2804 athleta
3731 2742 4002 2824 cupiens

2671 2855 2936 2917 agonem
2969 2837 3377 2919 perfectionis
3409 2838 3692 2920 legitime
3722 2840 4003 2903 decerta-

2504 2954 2592 3009 re,
2649 2936 2940 2999 morbum
3001 2955 3255 3019 quoque
3305 2938 3539 3001 acediae
3588 2938 3846 3001 festinet
3891 2958 4000 3001 ex-

1074 3055 1215 3097 rum
1267 3037 1579 3099 machinis
1638 3037 1943 3118 impedita
1989 3056 2025 3098 a
2072 3037 2388 3119 spirituali
2428 3035 2756 3097 C'trudere
2816 3036 2892 3097 de
2962 3034 3242 3097 latibulis
3305 3036 3533 3099 animae
3597 3056 3747 3109 suae,
3808 3045 4002 3119 atque

897 3132 1209 3213 prosectu,
1249 3136 1529 3217 undique
1568 3136 1862 3215 agitatur,
1894 3136 2094 3197 donec
2133 3135 2393 3215 fatigata

895 3232 1129 3294 acediae
1160 3233 1386 3313 spiritu
1419 3241 1719 3314 tanquam
1749 3234 1943 3295 ariete
1974 3233 2389 3308 validissimO,

897 3329 1099 3391 discat
1148 3329 1213 3392 in
1263 3347 1559 3393 somnum
1608 3349 1923 3403 corruere,
1971 3340 2079 3392 aut
2127 3350 2394 3394 excussa

896 3446 932 3489 e
964 3427 1194 3489 cellula
1224 3448 1357 3501 sua,
1388 3436 1707 3490 assuescat
1737 3428 2230 3492 consolationem
2264 3450 2393 3493 suae

902 3526 1398 3607 impugnationis
1441 3527 1770 3607 acquirere
1810 3527 2095 3589 Fratrum
2136 3529 2398 3591 visitati·

898 3642 1055 3703 one3
1105 3632 1293 3706 atque
1337 3625 1414 3686 ad
1464 3642 1740 3706 praesens
1791 3625 1991 3688 utitur
2034 3627 2153 3690 isto
2199 3646 2397 3689 reme-

900 3723 1026 3797 dio,
1060 3724 1250 3805 paulo
1294 3732 1436 3805 post
1477 3724 1687 3785 acrius
1731 3726 2151 3805 expugnanda
2191 3745 2265 3787 ac
2306 3726 2397 3788 in-

898 3822 1233 3884 firmanda.
1277 3822 1691 3885 Adversarius
1739 3842 2014 3904 namque
2064 3824 2142 3886 de
2186 3833 2396 3887 cetero

898 3919 1168 3983 tentabit
1200 3920 1595 4001 frequentius
1630 3939 1703 3982 ac
1734 3920 1955 3982 durius
1994 3940 2166 3996 eum,
2200 3941 2392 4003 quem

898 4017 1018 4081 scit
1049 4017 1209 4080 inito
1239 4017 1458 4100 praelio
1490 4018 1906 4099 praebiturum
1942 4036 2087 4081 mox
2121 4028 2391 4101 tergum,

896 4116 1007 4198 qui
1039 4124 1102 4179 et
1131 4116 1322 4196 elegit
1356 4115 1479 4177 sibi
1511 4134 1764 4197 sperare
1803 4117 2072 4178 salutem
2102 4136 2180 4179 ex
2220 4119 2391 4199 fuga,

2502 3131 2803 3194 adversus
2853 3132 3319 3212 nequissimum
3379 3133 3653 3214 pigritiae
3703 3134 4002 3216 spiritum

2505 3237 2742 3310 pugnet
2788 3230 2880 3292 sic
2931 3230 3290 3312 utrobique,
3333 3239 3404 3293 ut
3444 3251 3563 3293 nec
3611 3233 3816 3295 somni
3866 3253 4004 3314 gra-

2505 3329 2757 3392 vamine
2801 3328 3008 3390 victus
3062 3328 3327 3403 labatur,
3370 3348 3580 3411 neque
3625 3332 4002 3395 monasteri-

2505 3446 2614 3489 um
2655 3445 2842 3489 suum
2882 3427 3019 3489 sine
3060 3428 3417 3490 rationabili
3459 3447 3650 3491 causa
3683 3448 3998 3512 egressuS,

2503 3524 2800 3588 abscedat
2830 3524 3160 3605 fugitivus,
3196 3526 3489 3608 quamvis
3529 3527 3650 3589 sub
3690 3534 4000 3610 praetextu

2507 3623 2596 3705 pii
2643 3624 2890 3687 coloris.

2590 3722 3066 3803 Quemcumque
3125 3724 3296 3785 enim
3355 3724 3571 3785 acedia
3619 3725 3884 3806 coeperit
3932 3724 3998 3787 in

2507 3828 2683 3903 parte
2723 3839 3125 3902 quacumque
3166 3840 3487 3903 superare,
3521 3822 3711 3885 saciet
3741 3824 3807 3884 in
3839 3823 3998 3885 cella

2505 3919 2643 3981 sine
2687 3919 2818 3981 ullo
2866 3917 3080 3980 fructu
3129 3919 3393 4000 spiritus
3437 3920 3816 3982 commorari
3863 3928 3997 3983 tan-

2507 4036 2698 4098 quam
2762 4017 3031 4078 inertem
3091 4023 3151 4079 et
3212 4017 3624 4092 desidiosum,
3686 4026 3792 4080 aut
3853 4020 4000 4082 inde

2507 4135 2652 4178 eum
2699 4115 2998 4189 excutiet,
3033 4124 3094 4177 et
3134 4134 3364 4195 vagum
3407 4123 3596 4198 atque
3642 4117 4000 4179 instabilem

898 4234 1023 4278 non
1056 4216 1132 4276 de
1165 4214 1431 4277 victoria
1467 4221 1576 4275 aut
1615 4214 1919 4276 conflictu
1956 4233 1970 4276 ε
2004 4216 2207 4278 donec
2247 4236 2396 4299 pau·
2427 4223 2476 4284 D
2509 4214 2746 4280 reddet,
2791 4214 3076 4275 desidem
3126 4231 3381 4295 quoque
3428 4215 3507 4277 ad
3551 4233 3740 4278 omne
3791 4234 4005 4279 mona-

896 4313 1075 4374 latim
1124 4320 1363 4373 tractus
1411 4311 1488 4372 de
1538 4311 1719 4385 cella,
1773 4312 2041 4395 incipiat
2098 4313 2392 4376 oblivisci

895 4418 1075 4473 actus
1107 4430 1237 4472 suae
1270 4409 1705 4491 professionis,
1740 4412 1852 4492 qui
1886 4430 2011 4475 non
2045 4420 2192 4474 sunt
2220 4412 2393 4474 aliud

897 4526 1089 4589 quam
1136 4507 1405 4569 intuitus
1444 4516 1506 4569 et
1550 4508 2002 4591 contemplatio
2050 4510 2283 4572 divinae
2332 4518 2394 4572 et

895 4606 1192 4669 increatae
1254 4606 1550 4688 puritatis
1613 4608 1830 4669 omnia
1890 4610 2394 4671 transcendentis

894 4706 1064 4787 (quae
1109 4705 1560 4785 contemplatio
1602 4723 1727 4767 non
1779 4714 1985 4786 potest
2029 4706 2184 4768 alibi
2231 4707 2392 4769 obti—

896 4802 1033 4865 neri
1078 4802 1203 4864 nisi
1245 4802 1309 4863 in
1356 4802 1609 4865 silentio
1651 4822 1724 4864 ac
1765 4803 1903 4884 jugi
1948 4805 2394 4885 permansione

900 4902 964 4963 in
997 4901 1157 4963 cella
1186 4908 1249 4962 et
1279 4901 1744 4982 meditatione);
1768 4902 1985 4983 sicque
2016 4901 2198 4965 miles
2229 4903 2396 4966 Chri-

900 5000 981 5062 sti
1022 4998 1292 5062 el'sectus
1331 4999 1611 5061 desertor
1650 5020 1779 5063 suae
1820 5000 2062 5064 militiae
2102 5002 2397 5084 spiritua-

612 5114 647 5158 ιι
662 5114 768 5160 Tim.
782 5120 870 5165 m.
903 5097 981 5160 lis
1021 5116 1093 5159 ac
1127 5096 1432 5177 fugitivus
1470 5096 1550 5158 ab
1580 5116 1675 5171 ea,
1712 5099 1995 5180 implicet
2027 5118 2093 5161 se
2124 5101 2396 5180 negotiis

904 5194 1337 5269 saecularibuS,
1382 5195 1644 5257 minime
1694 5196 2045 5278 placiturus
2095 5198 2246 5272 Dee,
2292 5200 2396 5261 cui

904 5312 970 5355 se
1013 5292 1246 5356 obtulit
1286 5311 1358 5354 ac
1402 5292 1710 5375 probavit.

2507 4311 2738 4373 sticum
2789 4328 2987 4393 opus;
3029 4311 3270 4373 faciens
3318 4332 3467 4375 eum
3512 4314 3752 4394 jugiter
3801 4315 4004 4375 circu-

2508 4410 2600 4472 ire
2631 4410 2821 4472 cellas
2857 4428 2928 4471 ac
2963 4411 3344 4473 monasteria
3372 4412 3683 4487 Fratrum,
3717 4413 4006 4494 nihilque

2506 4508 2679 4570 aliud
2733 4527 3072 4590 procurare
3121 4528 3312 4590 quam
3361 4508 3470 4571 ubi
3517 4516 3581 4571 et
3624 4528 3754 4591 quo
3795 4509 4006 4573 colore

2507 4607 2918 4669 resectionem
2966 4607 3270 4687 acquirat.
3315 4607 3488 4669 Mens
3531 4608 3768 4670 etenim
3817 4608 4004 4671 otiosi

2506 4703 2597 4765 nil
2647 4704 2821 4766 aliud
2865 4704 3040 4767 novit
3083 4705 3438 4786 excogitare
3481 4724 3674 4787 quam
3717 4706 3794 4768 de
3837 4706 4001 4769 cibis

2505 4822 2578 4865 ac
2627 4811 2846 4865 ventre
2897 4821 2911 4866 :
2966 4803 3168 4866 donec
3227 4805 3481 4865 tandem
3541 4803 3803 4867 invento
3851 4822 3999 4867 con-

2507 4902 2701 4965 sortio
2749 4902 2870 4963 viri
2919 4909 3028 4964 aut
3076 4901 3333 4964 feminae
3376 4903 3598 4965 eodem
3650 4904 3838 4966 modo
3879 4912 4001 4967 tor-

2509 5001 2738 5083 pentis,
2774 5000 3130 5062 involvatur
3167 5008 3228 5062 et
3268 5008 3618 5081 occupetur
3657 5002 3849 5063 rebus
3893 5022 4000 5065 ne-

2509 5098 3036 5179 cessitatibusque
3106 5098 3277 5161 illius
3324 5118 3340 5179 3
3409 5106 3472 5161 et
3539 5099 3625 5161 ita
3693 5101 4000 5181 paulatim

2509 5198 2716 5262 noxiis
2751 5196 3277 5277 occupationibus
3318 5198 3621 5273 irretituS,
3654 5207 3718 5261 et
3747 5198 3838 5261 eis
3869 5207 4002 5261 tan-

2512 5314 2704 5378 quam
2742 5294 3127 5376 serpentinis
3162 5294 3404 5376 sagittis
3434 5295 3804 5371 transfixus,
3837 5316 4002 5359 nun-

3748 1364 4000 1427 Dormi-
4061 1384 4152 1427 1²2.
4169 1396 4304 1429 am,

2501 1460 2658 1521 tavit
2705 1461 2920 1523 anima
2967 1480 3108 1523 mea
3165 1480 3294 1544 prae
3343 1462 3550 1536 taedio,
3606 1462 3667 1524 id
3719 1471 3815 1525 est
3863 1482 3998 1545 prae
4031 1448 4108 1489 ²⁸·

2500 1559 2734 1621 acedia.
2780 1560 3069 1642 Satisque
3110 1562 3366 1643 proprie
3412 1561 3574 1624 dixit
3620 1561 4000 1623 dormitasse

2498 1657 2778 1719 animam
2839 1677 3042 1733 suam,
3105 1678 3231 1722 non
3292 1677 3541 1741 corpus.
3603 1660 3761 1721 Vere
3819 1660 3998 1721 enim
