4359 6267
568 4963 639 5006 20.

848 467 928 532 96
1696 486 1773 532 ΒΕ
1830 486 2157 532 msrlwrls
2215 485 2300 530 ss.
2347 484 2607 530 Parnon.
2661 499 2742 511 —
2796 480 2972 528 tumn
3027 482 3090 529 lx

2040 911 2507 1022 LIBER
2599 911 2754 1019 lX

1786 1250 1905 1303 DE
1981 1250 2386 1303 SPIRITU
2460 1246 3019 1301 TRISTITIAE.

1128 1600 1633 1667 CAPITULUM
1694 1597 2063 1661 PRIMUM.
2375 1591 2427 1653 A
2853 1593 3358 1656 CAPITULUM
3420 1593 3540 1655 ΙΙΙ.

855 1754 1027 1822 Quod
1053 1753 1333 1824 quintum
1367 1755 1666 1805 certamen
1702 1750 1786 1802 sit
1813 1752 2027 1803 contra
2055 1746 2346 1818 spiritum
2515 1743 2706 1809 Quam
2732 1742 3244 1813 comparationem
3270 1741 3490 1797 habeat
3515 1743 3722 1797 anima
3751 1758 3891 1814 quoe

926 1841 1227 1900 tristitioe,
1249 1844 1306 1893 et
1336 1854 1471 1911 quoe
1502 1837 1657 1893 bona
1680 1852 1796 1908 per
1820 1852 1951 1893 eam
1979 1835 2347 1905 auferantur
2717 1830 2997 1886 tristitioe
3023 1830 3324 1885 morsibus
3351 1830 3696 1886 devoratur.

924 1930 1001 1987 ab
1040 1930 1269 1986 anima.
2949 1934 2988 1959 §-

2594 2036 3084 2100 ESTIMENTUM
3128 2055 3403 2118 namque
3439 2055 3477 2099 a
3513 2036 3703 2099 tineis
3740 2054 3949 2101 corro-

999 2133 1227 2198 UINTO
1271 2132 1615 2196 certamine
1655 2131 1963 2194 debemus
1999 2132 2347 2212 reprimere
2623 2154 2786 2209 sum,
2828 2152 2957 2197 non
3000 2143 3097 2196 est
3144 2135 3224 2196 de
3272 2141 3484 2197 cetero
3525 2134 3798 2215 alicujus
3841 2136 3952 2199 ho-

860 2131 991 2393 Q
1027 2233 1352 2295 mordaces
1402 2231 1675 2293 tristitiae
1728 2229 2039 2292 stimulos.
2093 2229 2240 2301 Quae
2293 2228 2345 2290 si
2457 2235 2719 2297 aestatis
2749 2242 2858 2296 aut
2888 2232 3119 2317 pretii;
3153 2234 3398 2314 lignum
3439 2251 3693 2315 quoque,
3733 2252 3770 2295 a
3807 2253 3950 2296 ver-

856 2333 937 2393 ha
984 2332 1150 2394 uerit
1187 2330 1554 2392 facultatem
1596 2328 1833 2410 passim
1872 2328 2202 2390 obtinendi
2243 2328 2346 2389 de-
2459 2332 2673 2395 mibus
2704 2338 3276 2415 penetratum,non
3305 2340 3401 2393 est
3432 2332 3699 2393 ulterius
3727 2340 3950 2413 aptum

857 2428 1303 2511 primendique
1346 2428 1623 2489 animam
1666 2445 1779 2509 per
1818 2425 2101 2507 singulos
2140 2426 2348 2487 incur·
2457 2432 2534 2493 ad
2566 2430 2825 2494 aedificii
2859 2430 3080 2492 saltem
3115 2430 3454 2492 mediocris
3490 2437 3808 2504 ornatum,
3840 2431 3952 2493 sed

856 2548 965 2590 sus
993 2535 1185 2609 atque
1215 2544 1328 2610 per
1358 2526 1631 2588 incertos
1664 2544 1737 2586 ac
1776 2526 1983 2587 varios
2014 2544 2219 2598 casuS,
2254 2544 2346 2586 se·
2459 2529 2664 2591 solum
2709 2529 2786 2591 ad
2832 2529 3064 2609 ignem.
3109 2527 3212 2590 Sic
3255 2528 3470 2590 anima
3513 2548 3654 2610 quae
3696 2528 3957 2590 amaris-

859 2626 1106 2709 parabit
1135 2644 1249 2688 nos
1281 2644 1396 2707 per
1432 2625 1683 2706 singula
1713 2630 2033 2687 momenta
2061 2622 2140 2684 ab
2170 2621 2345 2685 omni
2459 2626 2640 2689 simis
2673 2627 2945 2689 tristitiae
2975 2626 3434 2708 punctionibus
3467 2626 3796 2700 laceratur,
3821 2627 3957 2689 inu-

857 2726 1089 2788 divinae
1120 2725 1672 2807 contemplationis
1706 2724 1982 2802 intuitu3
2016 2722 2348 2803 ipsamque
2381 2722 2429 2785 Β
2460 2726 2589 2789 tilis
2635 2726 2755 2787 erit
2796 2724 3177 2787 vestimento
3221 2724 3314 2785 illi
3360 2723 3739 2805 pontificali,
3781 2727 3953 2807 quod

855 2831 1131 2886 mentem
1179 2823 1261 2885 ab
1308 2824 1482 2885 omni
1534 2822 1829 2904 puritatis
1878 2828 2041 2883 statu
2092 2820 2352 2900 dejiciet
2459 2843 2572 2907 per
2631 2823 3006 2885 vaticinium
3064 2824 3266 2884 sancti
3322 2823 3521 2884 David
3580 2823 3954 2905 perhibetur

856 2942 929 2985 ac
960 2922 1240 2995 lassabit,
1274 2940 1390 2983 nec
1428 2922 1591 2983 sinet
1631 2940 1771 2983 eam
1812 2940 1959 2983 cum
2000 2920 2186 2984 solita
2217 2938 2350 2982 cor·
2458 2922 2661 2985 solere
2701 2922 3025 3002 suscipere
3065 2928 3462 3002 unguentum
3495 2922 3770 3003 Spiritus
3801 2922 3950 2984 San·
3992 2936 4272 2979 Paean.-

857 3022 955 3084 dis
1014 3022 1334 3083 alacritate
1394 3038 1571 3082 orare
1629 3028 1739 3081 aut
1796 3020 2087 3103 psallere,
2141 3039 2349 3101 neque
2459 3022 2542 3085 cti
2583 3021 2974 3083 descendens
3013 3021 3090 3082 de
3130 3019 3313 3093 coelo,
3356 3020 3535 3102 prius
3578 3020 3642 3081 in
3687 3019 3951 3082 barbam
3979 3000 4024 3041 Ξ·

858 3121 1182 3203 permittet
1210 3138 1351 3182 eam
1382 3118 1673 3181 insistere
1704 3137 2025 3180 sacrarum
2056 3118 2350 3180 remediis
2458 3121 2687 3195 Aaron,
2723 3119 2950 3181 deinde
2992 3120 3057 3180 in
3098 3136 3274 3182 oram
3312 3137 3513 3180 suam.
3549 3118 3676 3181 Nec
3722 3118 3956 3200 poterit

860 3218 1225 3281 lectionum.
1258 3217 1387 3279 Nec
1420 3216 1573 3279 sinit
1613 3218 1996 3279 monachum
2028 3217 2352 3279 Fratribus
2462 3218 2779 3301 pertinere
2831 3218 2910 3279 ad
2969 3224 3352 3278 structuram
3410 3224 3600 3298 atque
3658 3225 3954 3279 ornatum

858 3335 996 3379 esse
1027 3314 1247 3378 mitem
1278 3325 1341 3377 et
1371 3316 1825 3396 tranquillum:
1855 3316 1985 3378 imo
2014 3317 2092 3377 ad
2125 3323 2384 3380 cuncta
2460 3317 2812 3401 spiritualis
2854 3316 3078 3398 templi
3121 3315 3317 3389 illius,
3359 3316 3546 3396 cujus
3594 3316 3822 3379 Paulus
3861 3336 3956 3379 sa-

858 3413 1187 3496 religionis
1235 3421 1298 3475 et
1344 3414 1782 3496 operationum
1834 3412 2053 3475 officia
2104 3414 2353 3495 impati-
2461 3416 2642 3498 piens
2691 3414 3074 3477 architectus
3123 3414 3538 3478 fundamenta
3582 3414 3814 3496 posuit,
3859 3415 3954 3477 di·
4033 3472 4046 3483 ,

859 3520 1070 3575 entem
1122 3511 1331 3573 reddit
1376 3530 1449 3572 ac
1495 3530 1812 3593 asperum.
1862 3510 2047 3573 Omni
2097 3530 2350 3593 quoque
2460 3533 2610 3576 cens
2645 3515 2814 3578 :Vos
2858 3514 3010 3575 estis
3056 3512 3372 3595 templum
3410 3514 3544 3587 Dei,
3577 3521 3641 3575 et
3680 3513 3954 3595 Spiritus
4027 3531 4276 3582 leuvam,

860 3611 1102 3674 salubri
1134 3610 1401 3673 consilio
1432 3610 1698 3691 perdito,
1720 3630 1793 3672 ac
1824 3610 2193 3693 perturbata
2222 3629 2353 3675 cor·
2461 3611 2727 3675 Sanctus
2783 3611 3028 3673 habitat
3085 3609 3151 3672 in
3208 3610 3413 3673 vobis.
3478 3610 3674 3692 Cujus
3730 3611 3955 3693 templi
3983 3596 4058 3637 ¹⁶·

860 3710 957 3773 dis
998 3709 1371 3783 constantia,
1406 3708 1558 3770 facit
1598 3727 1746 3770 eum
1787 3709 1961 3770 velut
2000 3709 2252 3771 ebrium
2289 3717 2353 3771 et
2462 3710 2674 3792 qualia
2703 3710 2831 3772 sint
2862 3710 3046 3790 ligna,
3067 3710 3310 3791 Sponsa
3340 3709 3677 3791 descripsit
3707 3710 3773 3771 in
3803 3708 3960 3773 Can·

860 3816 1201 3882 amentem,
1254 3827 1640 3890 sensumque
1696 3806 1951 3888 frangit,
2002 3815 2068 3871 et
2115 3809 2352 3891 poenali
2459 3806 2586 3869 tico
2619 3807 3049 3870 canticorum:
3085 3806 3317 3868 Trabes
3345 3806 3700 3887 (inquiens)
3727 3813 3960 3869 nostrae
3989 3817 4278 3864 canaam.

861 3907 1298 3990 desperatione
1341 3923 1450 3968 cor
1491 3905 1724 3968 obruit.
2387 3904 2431 3967 C
2463 3924 2818 3987 cypressuS‚
2863 3904 3037 3985 tigna
3078 3904 3414 3966 domorum
3460 3912 3814 3967 nostrarum
3860 3923 3960 3966 ce-

2461 4004 2660 4066 drina.
2709 4003 2954 4065 Idcirco
3001 4002 3150 4065 talia
3202 4002 3518 4084 lignorum
3565 4020 3797 4083 genera
3843 4003 3960 4065 eli-

2461 4110 2700 4184 guntur
2746 4103 2824 4163 ad
2875 4102 3188 4183 templum
3239 4101 3372 4175 Dei,
3421 4121 3563 4183 quae
3611 4110 3759 4164 sunt
3804 4101 3958 4164 boni

1280 4161 1784 4226 CAPITULUM
1843 4162 1931 4223 Π·
1966 4242 1971 4247 -
2464 4200 2676 4263 odoris
2746 4199 3293 4282 imputribilisque
3361 4208 3622 4275 natura),
3686 4207 3751 4262 et
3814 4219 3960 4282 quae

1029 4312 1160 4380 Qua
1204 4310 1444 4367 cautela
1488 4310 1731 4366 morbus
1777 4311 2058 4366 tristitioe
2099 4311 2184 4364 sit
2467 4298 2798 4379 subjacere
2856 4316 2984 4360 non
3045 4298 3292 4379 possint
3348 4297 3680 4360 vetustatis
3738 4315 3959 4360 corru-

1445 4400 1772 4456 curandus.
2466 4396 2694 4479 ptioni‚
2739 4403 2848 4458 aut
2889 4394 3206 4458 vermium
3249 4393 3494 4458 laesioni
3537 4414 3649 4457 seu
3691 4395 3848 4457 esui.

1006 4594 1450 4658 UAPROPTER
1493 4595 1546 4657 si
1592 4594 1888 4676 cupimus
1927 4594 2207 4675 legitime
2249 4596 2354 4658 de-

868 4591 999 4792 Q
1033 4701 1274 4755 certare
1324 4691 1673 4774 spiritualis
1721 4692 1940 4773 agonis
1984 4693 2352 4767 certamina,
2873 4647 3376 4711 CAPITULUM
3437 4648 3553 4712 IV·

865 4792 1075 4874 passio
1103 4791 1225 4853 ista
1254 4791 1527 4853 tristitiae
1557 4790 1835 4852 curanda
1862 4798 1958 4852 est
1988 4790 2175 4853 nobis
2207 4810 2353 4852 cum
2523 4789 2688 4845 Unde
2716 4793 2774 4843 et
2802 4786 3024 4859 quibus
3052 4787 3247 4842 modis
3277 4788 3545 4843 tristitia
3570 4792 3906 4859 ρεπεν-οων.

792 4913 834 4950 v.
862 4889 1192 4971 diligentia
1240 4907 1487 4969 magna.
1534 4888 1691 4951 Nam
1741 4888 1906 4951 sicut
1952 4889 2123 4951 tinea
2170 4889 2358 4951 vesti·
3615 4880 3630 4891 ’

864 4996 1079 5050 mento
1128 4995 1193 5051 et
1241 4986 1477 5049 vermis
1536 4986 1729 5067 ligno,
1782 4988 1869 5049 ita
1928 4986 2187 5048 tristitia
2234 4984 2355 5047 viri
2543 4986 2913 5049 NTERDUM
2961 4993 3168 5047 tamen
3229 4984 3488 5047 morbus
3539 4984 3810 5047 tristitiae
3857 5004 3960 5066 ge-

863 5094 1047 5149 noeet
1106 5086 1301 5148 cordi.
1361 5084 1523 5147 Satis
1582 5085 1908 5149 evidenter
1966 5105 2040 5147 ac
2099 5084 2356 5168 proprie
2387 5087 2436 5148 D
2562 5084 2769 5146 nerari
2801 5084 2960 5146 solet
2990 5102 3066 5145 ex
3099 5082 3481 5163 praecedenti
3511 5082 3669 5145 vitio
3699 5082 3827 5156 irae,
3848 5091 3959 5144 aut

860 5184 1171 5266 expressit
1194 5184 1473 5265 Spiritus
1504 5183 1771 5246 Sanctus
1802 5184 1933 5247 vim
1962 5184 2149 5264 hujus
2180 5182 2354 5247 noxii
2465 5202 2543 5246 ex
2587 5180 3104 5262 concupiscentia
3147 5180 3330 5255 lucri,
3364 5199 3564 5261 quum
3606 5179 3752 5261 quis
3791 5179 3961 5243 vide-

860 5282 1327 5364 perniciosique
1371 5281 1531 5344 vitii.
2464 5280 2548 5343 rit
2587 5299 2653 5342 se
2695 5280 3015 5362 privatum
3060 5298 3174 5360 spe
3213 5298 3327 5341 seu
3365 5278 3814 5341 consecutione
3852 5276 3960 5339 ha-
