4359 6267
903 493 1025 558 242

1618 518 2034 566 COLLATIONUM
2076 520 2160 565 SS.
2197 519 2440 565 PATRUH
2480 519 2657 565 LIBER
2697 521 2735 565 1.
2782 539 2863 549 —-
2903 520 3189 569 coLLA'rlo
3230 523 3293 568 IX

903 691 1212 749 torrentes
1258 689 1774 770 persecutionum
1822 689 2019 751 instar
2054 689 2271 752 arietis
2311 689 2397 750 ir-
2425 687 2478 750 A
2507 689 2721 770 vagari
2776 710 2851 752 ac
2907 692 3191 754 volitare.
3254 691 3430 765 Quod
3490 707 3640 771 ergo
3702 690 4003 751 nolumus

902 791 1108 856 ruant,
1161 792 1224 846 et
1282 807 1448 850 saeva
1503 788 2008 850 adversariorum
2068 787 2399 850 incumbat

901 887 1261 962 tempestas.

1300 1131 1804 1194 CAPITULUM
1867 1132 1990 1194 III.

944 1277 1223 1344 Qualiter·
1243 1293 1409 1349 pura
1437 1295 1509 1332 ac
1534 1279 1774 1333 sincera
1801 1277 2106 1348 fundatur
2135 1280 2355 1334 oratio.

899 1473 906 1480 ’
1039 1473 1084 1536 Τ
1125 1492 1272 1556 ergo
1318 1475 1620 1536 fundatur
1663 1475 1861 1537 oratio
1908 1493 1982 1537 eo
2028 1474 2275 1536 fervore
2318 1493 2391 1537 ac

1067 1575 1338 1655 puritate
1377 1592 1504 1655 qua
1543 1574 1752 1646 debet,
1788 1574 1907 1635 ista
1948 1582 2097 1635 sunt
2136 1573 2391 1655 penitus

895 1669 1304 1734 observanda.
1348 1673 1557 1735 Primo
1600 1672 2030 1734 abscindenda
2071 1680 2166 1734 est
2208 1691 2393 1753 gene-

893 1769 1112 1830 raliter
1151 1770 1513 1832 sollicitudo
1547 1788 1760 1831 rerum
1797 1769 2184 1848 carnalium;
2218 1769 2391 1831 dein—

2506 789 2689 851 nobis
2751 789 2815 850 in
2875 789 3157 852 oratione
3213 807 3568 862 occurrere,
3624 787 4004 850 festinemus

2505 895 2651 950 ante
2695 888 3043 951 orationem
3088 889 3165 951 de
3205 887 3437 950 abditis
3480 887 3754 969 pectoris
3800 887 4001 948 nostri

2505 987 2864 1060 excludere,
2926 995 3239 1069 quatenus
3302 987 3395 1048 sic
3450 985 3775 1048 valeamus
3839 985 4000 1046 illud

2504 1085 2787 1167 Apostoli
2845 1085 3193 1166 adimplere
3248 1105 3261 1148 :

2506 1290 2723 1344 vantes
2766 1300 2957 1363 puras
3001 1299 3227 1343 manus
3270 1279 3410 1342 sine
3453 1279 3545 1342 ira
3586 1287 3650 1340 et
3687 1279 3997 1361 discepta-

2506 1380 2693 1442 tione.
2739 1378 2938 1441 Aliter
2981 1396 3258 1459 namque
3311 1377 3621 1459 perficere
3668 1395 3794 1438 non
3838 1376 4000 1439 vale-

2504 1474 2719 1537 bimus
2765 1476 2922 1538 illud
2967 1477 3357 1550 mandatum,
3401 1476 3523 1537 nisi
3566 1494 3744 1538 mens
3784 1483 3999 1537 nostra

2505 1574 2847 1656 purificata
2873 1575 2952 1637 ab
2983 1575 3154 1638 omni
3183 1575 3485 1637 vitiorum
3516 1574 3999 1655 contagione,ac

2504 1672 2715 1736 dedita
2744 1674 3089 1736 virtutibus
3120 1681 3419 1754 tanquam
3462 1672 3861 1734 naturalibus
3896 1672 4003 1735 bo-

2504 1771 2625 1846 nis,
2675 1779 2968 1853 pascatur
3011 1771 3149 1852 jugi
3202 1771 3737 1852 contemplatione
3786 1770 4001 1832 Omni-

894 1867 971 1928 de
998 1867 1385 1930 excludenda
1414 1877 1650 1930 estnec
1680 1868 2062 1930 admittenda
2092 1868 2389 1929 memoria
2427 1864 2474 1927 B
2506 1871 2799 1952 potentis.

891 1965 1164 2046 alicujus
1204 1986 1409 2030 causae
1446 1974 1554 2029 aut
1584 1967 1820 2048 negotii
1851 1967 2251 2049 temporalis3
2284 1967 2393 2028 de-

893 2065 1232 2126 tractiones
1263 2082 1539 2147 quoque,
1555 2065 1940 2147 vaniloquia,
1958 2064 2385 2146 multiloquia,

893 2163 1309 2225 scurrilitates
1371 2171 1519 2226 sunt
1579 2163 1916 2227 omnifarie
1979 2163 2383 2245 amputanda.

893 2260 1199 2323 Similiter
1230 2260 1552 2342 passiones
1584 2261 1691 2324 irae
1721 2269 1908 2342 atque
1938 2261 2213 2324 tristitia}
2244 2269 2388 2322 sunt

891 2358 1155 2421 omnino
1196 2359 1593 2439 abjiciendae,
1627 2367 1689 2421 et
1732 2359 1958 2422 noxius
2003 2359 2207 2422 fomes
2254 2379 2387 2421 car-

891 2458 1054 2519 nalis
1100 2458 1631 2539 concupiscentiae
1668 2467 1730 2520 et
1768 2457 2049 2521 avaritiae
2089 2465 2184 2520 est
2226 2459 2387 2520 radi-

892 2557 1056 2618 citus
1086 2556 1488 2619 evellendus:
1513 2565 1576 2618 et
1607 2557 1693 2618 ita
1722 2557 1819 2618 his
1850 2564 1912 2619 et
1943 2557 2387 2620 consimilibus

891 2654 1066 2717 vitiis
1095 2655 1368 2718 extrusis
1401 2655 1784 2737 penitusque
1812 2655 2295 2738 abscissis‚quae
2325 2663 2389 2717 et

891 2754 1169 2816 exterius
1220 2762 1483 2836 possunt
1532 2761 1767 2835 patere,
1820 2755 2148 2834 praemissa
2194 2754 2388 2816 etiam

890 2860 1244 2914 ceterorum
1279 2852 1590 2913 malorum
1617 2851 2245 2933 emundatione‚quae
2277 2871 2388 2933 pu-

889 2951 1072 3012 ritate
1124 2950 1502 3013 innocentiae
1540 2969 1612 3012 ac
1654 2949 2082 3031 simplicitatis
2132 2949 2386 3031 persici-

2910 2123 3413 2188 CAPITULUM
3476 2124 3592 2187 IV.

2584 2271 2670 2326 De
2697 2269 3037 2326 mobilitate
3065 2270 3289 2325 animoe
3315 2275 3671 2342 comparata
3691 2287 3917 2342 pennoe

3047 2375 3118 2414 ac
3138 2359 3447 2431 pennulae.

2633 2555 2871 2617 TENIM
2922 2554 3273 2636 proprietas
3328 2555 3557 2619 animae
3605 2574 3733 2619 non
3784 2558 4001 2640 inepte

2662 2661 3067 2734 comparatur
3134 2653 3571 2717 subtilissimae
3637 2674 3868 2736 pennae
3928 2675 4001 2718 ac

2501 2752 2757 2834 plumae,
2792 2771 2933 2832 quae
2968 2751 3020 2813 si
3057 2751 3278 2813 vitiata
3316 2761 3423 2813 aut
3460 2752 3694 2815 infecta
3732 2772 3863 2817 non
3906 2755 4001 2816 fu-

2498 2851 2618 2912 erit
2648 2850 3055 2930 corruptione
3093 2850 3382 2912 humoris
3419 2851 3774 2914 extrinsece
3812 2854 4002 2916 adve-

2499 2948 2749 3017 nientis,
2767 2947 3139 3010 naturaliter
3168 2948 3362 3010 fertur
3390 2949 3468 3010 ad
3496 2949 3737 3024 altiora,
3754 2951 4005 3014 mobili-

891 3054 1014 3122 tur,
1043 3048 1336 3129 Jacienda
1378 3056 1526 3110 sunt
1567 3049 1775 3130 primo
1820 3048 2198 3110 inconcussa
2245 3047 2387 3109 fun·
2425 3045 2469 3110 C
2501 3054 2623 3108 tate
2650 3066 2777 3108 suae
2802 3045 3189 3116 substantiae,
3204 3065 3281 3107 ex
3308 3047 3620 3128 adjutorio
3638 3050 4000 3113 tenuissimi

890 3147 1183 3208 damenta
1210 3147 1531 3228 profundae
1561 3147 1957 3221 humilitatis,
1972 3165 2113 3228 quae
2137 3147 2388 3208 valeant

890 3250 1244 3306 sustentare
1293 3244 1520 3305 turrim
1574 3244 1765 3306 coelos
1828 3243 2222 3304 intraturam.
2274 3244 2387 3305 De-

892 3342 1037 3404 inde
1068 3343 1549 3424 superponenda
1578 3350 1674 3403 est
1702 3342 2052 3423 spiritualis
2082 3342 2389 3403 virtutum

889 3441 1256 3512 exstructio,
1309 3448 1371 3502 et
1419 3440 1811 3502 cohibendus
1861 3447 1956 3502 est
2004 3440 2257 3501 animus
2306 3439 2386 3501 ab

889 3538 1064 3628 omni
1115 3537 1407 3600 discursu
1456 3537 1949 3620 evagationeque
2001 3537 2267 3610 lubrica,
2316 3545 2384 3598 ut

893 3637 978 3698 ita
1005 3637 1312 3718 paulatim
1345 3636 1610 3718 incipiat
1639 3636 1969 3698 sublimari
2000 3637 2078 3698 ad
2111 3643 2387 3699 contem-

890 3734 1236 3816 plationem
1268 3734 1379 3796 Dei
1409 3752 1482 3795 ac
1514 3733 1910 3815 spiritualem
1943 3742 2377 3815 conspectum.

888 3833 1208 3914 Quidquid
1246 3833 1418 3894 enim
1461 3831 1674 3894 anima
1719 3840 1930 3894 nostra
1970 3840 2116 3894 ante
2155 3832 2385 3894 oratio-

889 3932 990 3994 nis
1041 3932 1258 3994 horam
1309 3931 1693 4013 conceperit,
1747 3949 2002 3992 necesse
2053 3937 2147 3992 est
2198 3930 2383 3992 nobis

890 4048 1002 4111 per
1046 4027 1544 4091 recordationem
1590 4045 1921 4089 occurrere
1962 4027 2026 4087 in
2073 4026 2211 4108 ipsa
2252 4043 2384 4087 ora-

888 4128 1079 4190 tione.
1114 4126 1536 4200 Quamobrem
1567 4124 1785 4207 quales
1818 4126 2112 4188 volumus
2141 4125 2382 4186 inveni-

2499 3144 2691 3206 venti.
2730 3143 2793 3206 Si
2838 3150 3049 3205 autem
3100 3152 3397 3225 gravetur
3442 3146 3855 3228 adspersione
3898 3150 4000 3212 vel

2500 3243 2819 3305 infusione
2858 3241 3131 3323 alicujus
3172 3243 3481 3319 humoriS,
3518 3262 3645 3307 non
3681 3245 3815 3327 jam
3860 3265 4001 3328 pro-

2497 3340 2637 3422 pria
2682 3341 3033 3402 mobilitate
3075 3340 3315 3403 feretur
3351 3341 3419 3403 in
3464 3342 3768 3405 sublimia
3810 3346 4001 3420 aeriS‚

2499 3439 2627 3500 imo
2668 3446 2729 3501 et
2766 3438 3162 3520 deprimetur
3198 3440 3277 3501 ad
3315 3439 3441 3502 ima
3480 3448 3684 3516 terrae,
3719 3445 4003 3524 pondere

2498 3538 2783 3599 humoris
2842 3536 3147 3617 adjuncti.
3196 3538 3286 3599 Ita
3345 3557 3525 3600 mens
3583 3549 3823 3615 nostra,
3876 3543 3999 3605 nisi

2497 3635 2690 3697 suerit
2727 3633 3059 3717 aggravata
3096 3637 3547 3699 accedentibus
3587 3639 3760 3701 curis
3797 3640 4002 3703 vitiis-

2498 3753 2622 3816 que
2664 3734 3025 3806 mundaniS‚
3058 3742 3167 3796 aut
3208 3743 3505 3817 corrupta
3550 3737 3820 3801 humore
3866 3759 4005 3822 pra·

2496 3852 2591 3894 vae
2633 3831 2941 3906 libidiniS,
2975 3832 3300 3895 levissimo
3340 3833 3689 3914 spiritualis
3734 3839 4000 3900 medita·

2495 3931 2687 3992 tionis
2750 3929 2974 3991 afflatu
3038 3929 3492 3992 sublimabitur
3548 3934 3627 3995 ad
3690 3955 3995 4017 superna,

2495 4029 2920 4109 deserensque
2952 4028 3104 4090 vilia
3133 4047 3205 4090 ac
3236 4036 3507 4104 terrena,
3529 4032 3607 4093 ad
3640 4032 3998 4097 invisibilia

2494 4135 2683 4207 atque
2736 4126 3017 4188 coelestia
3064 4126 3500 4202 transferetur,
3552 4132 3735 4212 quasi
3786 4133 3997 4196 suble-

889 4227 942 4288 ri
987 4235 1258 4301 oranteS,
1301 4226 1457 4288 tales
1505 4224 1812 4287 debemus
1863 4242 1976 4286 nos
2027 4242 2380 4305 praeparare
2415 4223 2464 4283 D
2496 4231 2637 4286 vata
2691 4223 2962 4285 naturali
3017 4225 3183 4288 dono
3238 4245 3369 4288 suae
3426 4227 3776 4292 munditiae.
3831 4230 3995 4294 Hinc

887 4332 1032 4388 ante
1077 4331 1329 4406 tempus
1373 4323 1694 4386 orationiS.
1731 4323 1820 4384 Ex
1868 4322 2246 4404 praecedenti
2292 4330 2380 4383 et-

887 4423 1060 4486 enim
1104 4429 1267 4484 statu
1313 4440 1492 4483 mens
1539 4421 1602 4482 in
1644 4421 1926 4483 oratione
1955 4419 2286 4494 formatur,
2320 4428 2383 4481 et

887 4522 1040 4583 dum
1088 4521 1166 4582 ad
1215 4520 1563 4582 orationem
1616 4516 2118 4599 procumbimus,
2173 4518 2380 4598 imago

886 4619 1350 4702 praeteritorum
1393 4626 1674 4689 actuum,
1713 4635 1824 4677 seu
1868 4615 2231 4690 verborum,
2274 4623 2382 4677 aut

887 4737 1213 4791 sensuum,
1259 4715 1614 4797 praeludens
1662 4723 1807 4775 ante
1857 4714 2074 4776 oculos
2124 4714 2378 4786 mentiS,

888 4816 1078 4878 faciet
1116 4832 1231 4876 nos
1276 4813 1628 4875 secundum
1673 4813 2135 4894 praecedentem
2180 4812 2381 4893 quali-

887 4922 1079 4977 tatem
1114 4921 1220 4974 aut
1250 4911 1458 4985 irasci,
1482 4919 1591 4973 aut
1621 4918 1958 4972 retractare
1990 4928 2211 4972 causas
2243 4929 2385 4972 con·

888 5011 1396 5094 cupiscentiasve
1453 5009 1721 5091 elapsaS‚
1777 5016 1888 5070 aut
1933 5008 2131 5089 (quod
2190 5009 2382 5070 etiam

887 5111 1098 5172 dicere
1147 5109 1372 5191 pudet)
1414 5107 1655 5189 pulsari
1705 5105 1880 5169 fatuo
1927 5106 2059 5168 risu
2108 5106 2383 5187 alicujus

887 5208 1065 5272 verbi
1117 5205 1402 5270 scurrilis
1453 5212 1562 5267 aut
1606 5205 1964 5268 titillatione
2015 5204 2383 5286 hujusmodi

887 5307 1121 5390 operia,
1151 5312 1260 5368 aut
1299 5304 1482 5386 juxta
1523 5304 1765 5386 priores
1804 5303 2130 5366 discursus
2171 5311 2385 5366 mente

2494 4323 2645 4384 satis
2697 4321 2951 4404 proprie
2999 4323 3417 4385 admonemur
3464 4325 3694 4387 Christi
3758 4347 3997 4410 praece-

2493 4429 2603 4502 pto
2660 4440 2674 4484 :
2729 4419 2949 4482 Videte
3009 4422 3344 4502 nequando
3401 4431 3745 4504 graventur
3802 4429 3997 4490 corda
4062 4454 4251 4496 Luam.

2492 4527 2701 4580 vestra
2739 4519 3000 4600 crapula
3039 4527 3099 4580 et
3130 4519 3455 4594 ebrietate,
3489 4530 3552 4583 et
3580 4524 3755 4586 curis
3794 4545 3995 4589 saecu—
4026 4521 4088 4561 ²⁴·

2494 4617 2753 4680 laribus».
2789 4617 2947 4678 Hinc
2980 4617 3032 4679 si
3065 4618 3361 4680 volumus
3391 4621 3705 4684 orationes
3741 4633 3995 4688 nostras

2493 4723 2825 4796 penetrare
2864 4732 2991 4777 non
3032 4715 3238 4778 solum
3280 4715 3495 4791 coelos,
3530 4736 3753 4782 verum
3795 4722 3995 4785 etiam

2494 4832 2567 4875 ea
2606 4832 2747 4894 quae
2793 4831 2985 4894 supra
3029 4813 3223 4876 coelos
3265 4823 3433 4888 sunt,
3468 4832 3777 4879 conemur
3821 4839 4000 4882 men-

2496 4919 2623 4974 tem
2667 4917 2948 4972 nostram
2987 4930 3024 4973 a
3064 4911 3312 4974 cunctis
3356 4914 3625 4976 terrenis
3668 4916 3847 4978 vitiis
3894 4937 3999 4981 ex-

2495 5026 2788 5091 purgare,
2836 5028 2873 5070 a
2921 5008 3185 5071 faecibus
3236 5011 3601 5091 passionum
3656 5017 3994 5088 mundare,

2494 5115 2557 5170 et
2606 5109 2683 5169 ad
2741 5107 3160 5171 subtilitatem
3210 5109 3559 5190 perducere
3608 5115 3995 5190 naturalem,

2497 5213 2566 5268 ut
2608 5206 2695 5268 ita
2733 5205 2934 5268 oratio
2973 5205 3111 5287 ejus
3152 5207 3451 5269 ascendat
3493 5209 3571 5271 ad
3615 5210 3817 5273 Deum
3864 5232 3996 5276 non

2498 5311 2889 5386 praegravata
2928 5304 3144 5387 aliquo
3187 5305 3466 5386 pondere
3509 5306 3838 5372 vitiorum.

3320 1084 3467 1146 Sine
3524 1082 3997 1145 intermissione
4050 1098 4255 1144 mmm.

2504 1191 2713 1263 orate3
2745 1191 2808 1245 et
2840 1203 3081 1258 rursuS,
3114 1184 3183 1245 ln
3218 1183 3393 1246 omni
3426 1182 3693 1263 (inquit)
3732 1181 3873 1244 loco
3913 1181 3997 1242 le-
4026 1165 4251 1273 2⁷1·in
