4359 6267
139 2858 202 2901 Jer.
217 2865 316 2908 mit.

141 3055 218 3097 Osee
229 3071 271 3104 iv,
283 3061 315 3100 6.

131 3843 203 3898 δεμ.
216 3861 236 3895 ι,
245 3851 278 3896 5,
289 3854 322 3893 4.

141 4431 214 4476 ‘lter
225 4450 256 4487 ι,
271 4443 323 4493 12,

127 4501 210 4546 ginta
221 4498 311 4546 tu,

1009 511 1426 558 COLLATIONUM
1470 511 1554 557 SS.
1592 509 1837 555 mmm!
1879 509 2053 554 LIBER
2095 508 2158 554 11.
2205 527 2285 536 -
2326 507 2611 555 COLLATlo
2650 506 2757 552 xlv

3330 482 3446 549 311

349 690 590 745 econtra
629 683 967 745 innumera
1000 681 1343 744 multitudo
1373 680 1656 742 virorum
1697 697 1836 742 san·
1862 679 1916 742 A
1942 679 2113 740 Beati
2167 676 2524 759 (inquiens)
2578 675 2969 738 immaculati
3030 673 3097 737 in
3153 673 3278 748 via,
3330 672 3441 756 qui
3506 688 3740 740 mem,

349 789 602 856 ctorum,
661 781 741 844 ab
801 781 1103 844 omnibus
1161 780 1336 843 vitiis
1394 787 1830 861 purgatorum,

349 879 609 961 simplici
644 880 772 942 side
816 887 1114 943 contenta
1151 886 1268 952 est,
1304 885 1366 940 et
1399 877 1832 960 profundioris

349 979 614 1041 seientiae
645 979 892 1059 ignorat
922 981 1196 1040 arcana?
1227 977 1506 1050 Qualiter
1535 993 1684 1056 ergo
1715 983 1834 1037 sta—

351 1077 434 1138 bit
476 1077 580 1139 illa
627 1077 944 1140 sente-ntia
992 1096 1134 1159 quae
1182 1076 1580 1158 spiritualem
1630 1075 1832 1136 scien-

353 1176 495 1237 tiam
538 1194 659 1238 non
706 1176 829 1238 nisi
875 1175 1087 1238 cordis
1131 1174 1359 1236 tribuit
1404 1173 1710 1255 puritati?

706 1429 1210 1494 CAPITULUM
1273 1429 1457 1492 XVI.

349 1583 686 1654 Responsio,
728 1581 891 1654 quod
925 1580 1078 1635 mali
1113 1595 1316 1636 veram
1353 1579 1670 1635 scientiam
1711 1593 1834 1633 non

812 1671 1062 1742 possint
1097 1669 1336 1725 habere.

1944 775 2274 838 ambulant
2307 775 2371 837 in
2414 774 2550 856 lege
2580 774 2871 854 Domini3
2913 773 3081 836 beati
3121 773 3229 856 qui
3272 791 3444 834 scru-
3482 753 3580 802 ¹¹²·

1945 883 2158 936 tantur
2207 874 2571 936 testimonia
2619 873 2779 953 ejus.
2834 873 2971 936 Non
3030 872 3200 934 enim
3264 871 3443 952 prius

1943 972 2104 1036 dixit
2168 991 2181 1034 :
2243 973 2416 1034 Beati
2480 973 2588 1055 qui
2658 980 3021 1034 scrutantur
3081 970 3445 1033 testimonia

1943 1072 2122 1151 ejus3
2161 1079 2226 1132 et
2269 1078 2507 1152 postea,
2540 1070 2710 1133 Beati
2759 1070 3151 1133 immaculati
3198 1069 3265 1130 in
3302 1069 3443 1146 via;

1945 1188 2058 1252 per
2090 1170 2210 1232 hoc
2236 1169 2565 1232 evidenter
2588 1169 2926 1231 ostendens
2957 1169 3283 1231 neminem
3314 1184 3447 1249 pos-

1944 1287 2010 1330 se
2053 1268 2413 1350 pertingere
2458 1268 2534 1329 ad
2582 1268 3037 1349 perscrutanda
3081 1264 3443 1328 testimonia

1945 1366 2078 1440 Dei,
2115 1365 2237 1428 nisi
2284 1366 2462 1447 prius
2509 1385 2623 1448 per
2666 1366 2979 1428 actualem
3024 1364 3445 1428 conversatio-

1944 1483 2092 1526 nem
2142 1464 2392 1549 incedat
2440 1465 2503 1526 in
2548 1464 2652 1526 via
2692 1463 2923 1526 Christi
2972 1463 3435 1526 immaculatus

1943 1562 2232 1625 Praedicti
2262 1581 2414 1644 ergo
2444 1580 2569 1625 non
2602 1562 2839 1625 habent
2867 1562 3199 1624 scientiam
3231 1561 3437 1634 istam,

1944 1662 2054 1724 sed
2105 1660 2249 1724 falsi
2310 1661 2591 1724 nominis
2648 1661 3003 1733 scientiam,
3055 1661 3133 1722 de
3183 1678 3309 1741 qua
3354 1660 3443 1720 ait

1945 1761 2285 1842 Apostolus
2319 1778 2332 1823 :
2368 1760 2414 1824 Ο
2455 1761 2802 1835 Timothee,
2836 1759 3195 1842 depositum
3234 1765 3439 1820 custo·
3469 1770 3737 1824 mmmm.

479 1866 810 1929 ESTEROS
844 1884 858 1928 ε
895 1865 1150 1928 Certum
1197 1873 1293 1928 est.
1336 1865 1502 1947 quod
1549 1864 1679 1926 vim
1725 1863 1832 1925 do·
1869 1863 1917 1926 B
1946 1860 2033 1932 di,
2076 1860 2366 1922 devitans
2411 1859 2706 1942 profanas
2752 1877 2981 1922 vocum
3024 1858 3335 1920 novitates
3377 1865 3443 1919 et

495 1965 708 2027 ctrinae
757 1983 885 2027 non
936 1972 1106 2026 recte
1156 1964 1494 2038 examinat,
1545 1963 1653 2045 qui
1705 1979 1832 2024 non

353 2063 672 2145 perpendit
712 2063 1052 2144 diligenter
1091 2063 1307 2126 omnia
1343 2061 1536 2124 verba
1577 2061 1834 2143 prolatae

351 2161 681 2224 sententiaa..
746 2162 1162 2224 Praediximus
1228 2161 1400 2222 enim
1464 2159 1830 2240 hujusmodi

353 2259 628 2322 homines
663 2267 910 2322 tantum
952 2259 1185 2342 habere
1216 2259 1579 2341 disputandi
1621 2259 1836 2340 periti-

350 2376 443 2418 am
472 2366 532 2420 et
562 2359 872 2421 sermonis
903 2366 1220 2431 ornatum,
1245 2375 1372 2420 non
1403 2365 1614 2419 autem
1648 2375 1832 2439 posse

352 2456 570 2519 intrare
603 2477 792 2520 venas
835 2458 1306 2539 Scripturarum
1347 2465 1408 2519 et
1450 2475 1678 2518 arcana
1710 2456 1835 2538 spi-

352 2556 662 2618 ritualium
713 2575 1037 2618 sensuum.
1077 2556 1234 2618 Vera
1278 2555 1518 2638 quippe
1566 2555 1834 2616 scientia

353 2672 466 2715 non
506 2655 864 2736 possidetur
893 2654 1019 2716 nisi
1051 2673 1087 2715 a
1114 2653 1283 2716 veris
1311 2653 1420 2715 Dei
1455 2651 1829 2726 cultoribuS,

353 2772 532 2834 quam
583 2762 748 2815 certe
807 2753 1086 2836 populus
1146 2752 1253 2815 ille
1303 2771 1431 2815 non
1487 2751 1680 2814 habet
1729 2752 1831 2813 cui

353 2851 574 2914 dicitur
607 2869 621 2913 ε
653 2852 840 2926 Audi,
875 2851 1109 2933 popule
1154 2851 1366 2925 stulte,
1400 2850 1509 2932 qui
1557 2867 1682 2912 non
1726 2850 1834 2910 ha-

355 2949 454 3012 bes
485 2950 728 3033 cor‚qui
764 2950 1069 3012 habentes
1099 2950 1318 3012 oculos
1349 2967 1474 3011 non
1506 2948 1834 3021 videtis,et

1947 1959 2381 2041 oppositiones
2425 1959 2567 2021 salsi
2612 1958 2891 2021 nominis
2934 1958 3235 2020 scientim.

2056 2058 2142 2120 De
2202 2057 2303 2118 his
2362 2075 2512 2138 ergo
2569 2057 2679 2139 qui
2738 2057 3037 2119 videntur
3098 2054 3439 2136 imaginem

1945 2157 2287 2238 quamdam
2330 2155 2611 2218 scientiae
2650 2155 2940 2237 adipisci,
2974 2154 3077 2216 vel
3105 2153 3443 2234 diligenter

1947 2254 2251 2316 insistunt
2284 2253 2539 2315 lectioni
2572 2271 2896 2315 sacrorum
2927 2252 3327 2314 voluminum
3360 2260 3445 2313 at-

1946 2373 2070 2436 que
2117 2353 2446 2416 memoriis
2496 2353 2989 2435 Scripturarum‚
3034 2352 3311 2415 carnalia
3358 2360 3444 2414 ta-

1948 2472 2093 2515 men
2144 2454 2301 2515 vitia
2348 2471 2474 2515 non
2526 2451 2917 2535 relinquunt,
2970 2451 3036 2514 in
3084 2450 3441 2514 Proverbiis

1946 2553 2182 2614 dicitur
2225 2551 2593 2633 eleganter:
2629 2550 2805 2613 Sicut
2849 2551 3089 2613 inauris
3136 2569 3327 2612 aurea
3375 2551 3440 2612 in
3470 2570 3735 2624 Prov.xt‚22‚

1947 2650 2209 2713 naribus
2241 2651 2397 2724 suiS,
2424 2651 2509 2712 ita
2540 2650 2789 2712 mulieri
2827 2650 2989 2712 male
3020 2657 3276 2712 moratae
3307 2668 3445 2731 spe·
3466 2633 3589 2688 ''¹¹¹“
3602 2633 3721 2678 ¹⁶¹¹·

1948 2751 2095 2813 cies.
2141 2749 2305 2823 Quid
2351 2749 2527 2811 enim
2576 2748 2831 2830 prodest.
2877 2747 3247 2830 quempiam
3295 2766 3441 2810 con-

1946 2850 2126 2932 sequi
2158 2855 2604 2912 ornamentum
2635 2846 3032 2929 eloquiorum
3066 2847 3439 2920 coelestium,

1947 2948 2473 3030 pretiosissimam
2503 2963 2758 3028 quoque
2786 2945 3076 3008 notitiam
3104 2944 3445 3026 Scriptura-

353 3068 522 3112 aures
567 3058 630 3112 et
671 3067 796 3112 non
846 3049 1118 3129 auditis;
1160 3056 1220 3110 et
1265 3049 1522 3122 iterum,
1566 3048 1723 3122 Quia
1771 3054 1836 3109 tu
1872 3051 1915 3114 C
1946 3048 2179 3120 rum,si
2208 3066 2347 3108 eam
2380 3046 2557 3129 quasi
2595 3043 3173 3107 immundissimam
3206 3051 3439 3105 terram

353 3147 670 3210 scientiam
711 3147 1028 3230 repulisti,
1063 3154 1125 3208 et
1155 3164 1271 3227 ego
1301 3146 1606 3227 repellam
1641 3153 1721 3219 te,
1756 3164 1835 3207 ne

291 3269 328 3305 υ.
354 3247 689 3309 sacerdotio
733 3245 1020 3327 fungaris
1070 3245 1246 3306 mihi.
1292 3244 1498 3317 Quum
1542 3245 1712 3306 enim
1769 3245 1832 3305 in

353 3343 590 3408 Christo
636 3346 762 3407 sint
805 3363 1028 3408 omnes
1073 3343 1349 3405 thesauri
1401 3343 1729 3425 sapientiae
1771 3350 1834 3405 et

351 3443 619 3507 scientia>
656 3443 1035 3516 absconditi,
1069 3442 1388 3524 quomodo
1422 3441 1474 3504 is
1516 3442 1626 3523 qui
1658 3441 1832 3505 Chri-

351 3549 506 3604 stum
561 3543 846 3605 invenire
893 3541 1298 3623 contempsit,
1339 3548 1450 3602 aut
1500 3541 1832 3603 inventum

349 3641 644 3722 sacrilego
693 3659 802 3703 ore
861 3640 1280 3722 blasphemat,
1333 3646 1444 3701 aut
1491 3639 1688 3701 fidem
1739 3657 1835 3702 ca-

352 3738 636 3801 tholicam
690 3738 1117 3800 immunditiis
1175 3738 1426 3820 polluit,
1481 3738 1832 3800 credendus

349 3845 434 3898 est
463 3857 674 3900 veram
706 3836 1040 3900 scientiam
1071 3836 1340 3898 habere?
1362 3836 1635 3918 Spiritus
1666 3855 1834 3898 nam-

348 3955 461 4017 que
509 3937 620 4000 Dei
668 3936 1028 4018 disciplinae
1085 3935 1353 4017 effugiet
1409 3934 1662 4009 fictum,
1715 3955 1832 3998 nec

345 4033 646 4096 habitabit
689 4035 757 4096 in
802 4052 1064 4116 corpore
1110 4033 1366 4096 subdito
1411 4034 1834 4115 peccatis.1d-

347 4133 506 4196 circo
546 4151 670 4196 non
711 4133 897 4195 aliter
933 4133 1008 4194 ad
1055 4131 1453 4214 spiritualem
1498 4133 1830 4195 scientiam

1946 3145 2299 3227 subigendo
2358 3145 2737 3226 confringat,
2793 3144 2854 3205 id
2914 3150 3030 3217 est,
3081 3141 3441 3204 carnalibus

1947 3243 2241 3307 sensibus
2281 3252 2343 3306 et
2377 3243 2728 3305 immundis
2766 3240 3067 3324 operibus
3107 3248 3215 3302 aut
3254 3240 3441 3304 foedis

1948 3341 2291 3405 libidinum
2335 3361 2594 3404 suarum
2636 3339 2985 3404 volutabris
3028 3338 3313 3421 polluat?
3345 3339 3441 3400 Fit

1945 3441 2116 3502 enim
2152 3448 2220 3501 ut
2250 3441 2312 3502 id
2345 3440 2514 3522 quod
2556 3446 2724 3502 recte
2755 3436 3082 3500 utentibus
3112 3437 3267 3499 solet
3300 3456 3439 3499 esse

1944 3539 2177 3612 decori,
2211 3538 2365 3601 istos
2408 3557 2534 3600 non
2575 3537 2781 3600 solum
2821 3554 2947 3599 non
2978 3543 3180 3611 ornet,
3214 3553 3437 3598 verum

1942 3639 2132 3700 etiam
2167 3637 2404 3718 maj0re
2440 3637 2833 3719 turpitudine
2866 3635 3174 3717 inquinet.
3210 3635 3299 3697 Ex
3329 3653 3436 3698 ore
3465 3656 3729 3710 metans.

1941 3737 2178 3800 etenim
2226 3737 2575 3818 peccatoris
2618 3753 2745 3797 non
2784 3741 2879 3797 est
2918 3734 3187 3816 pulchra
3229 3734 3438 3796 lauda-

1945 3835 2051 3908 tio,
2081 3835 2185 3897 cui
2218 3835 2523 3898 Dominus
2556 3833 2835 3917 loquitur
2864 3852 2976 3916 per
3006 3833 3381 3914 Prophetam
3417 3853 3431 3897 z

1941 3935 2141 4008 Quare
2188 3942 2255 3996 tu
2299 3953 2552 3997 enarras
2598 3932 2878 4014 justitias
2929 3950 3121 4006 metm,
3163 3939 3225 3993 et
3266 3951 3437 3994 assu·
3463 3961 3727 4013 p,‚‚.‚.1‚ffi‚

1943 4033 2065 4095 mis
2123 4040 2573 4096 testamentum
2636 4049 2849 4093 meum
2910 4049 3023 4112 per
3068 4047 3137 4092 os
3199 4037 3377 4091 tuum
3410 4034 3433 4092 ‘t

1942 4131 2229 4213 Denique
2260 4131 2336 4194 de
2366 4129 2735 4210 hujusmodi
2766 4127 3101 4191 animabus
3133 4146 3275 4209 quae
3306 4145 3431 4190 non

345 4232 704 4310 pervenitur
763 4232 888 4294 nisi
947 4231 1068 4293 hoc
1118 4231 1362 4304 ordine,
1413 4249 1606 4312 quem
1667 4251 1830 4293 unus
1860 4238 1910 4299 D
1940 4230 2268 4312 possident
2312 4227 2623 4290 stabiliter
2668 4227 2777 4290 Dei
2820 4227 3115 4288 timorem
3154 4226 3260 4307 (de
3305 4243 3434 4308 quo

347 4329 788 4413 Prophetarum
845 4331 1166 4412 eleganter
1223 4330 1556 4412 expressit,
1616 4331 1829 4392 dicen-

347 4429 420 4491 do
461 4447 474 4491 ε
515 4429 835 4493 Seminate
877 4427 1060 4491 vobis
1107 4429 1184 4490 ad
1230 4428 1567 4507 justitiam,
1612 4429 1828 4492 metite

346 4547 514 4609 spem
545 4529 713 4602 vitae,
748 4527 1105 4590 illuminate
1145 4526 1328 4590 vobis
1371 4528 1586 4589 lumen
1629 4528 1829 4591 scien—

347 4627 455 4690 tiae.
488 4628 697 4690 Primo
733 4645 882 4707 ergo
923 4625 1238 4689 seminare
1268 4626 1576 4688 debemus
1616 4627 1691 4689 ad
1728 4627 1830 4708 ju-

345 4723 589 4800 stitiam,
654 4732 722 4787 ut
784 4724 1030 4788 scilicet
1089 4724 1310 4788 activae
1371 4725 1829 4807 perfectionem

345 4821 478 4886 vitae
520 4843 633 4906 per
676 4842 870 4906 opera
912 4823 1178 4904 justitiae
1225 4841 1685 4905 exsequamur3
1727 4825 1829 4885 de-

347 4918 479 4982 inde
520 4930 758 4985 metere
797 4920 1106 4984 debemus
1147 4940 1328 5002 spem
1359 4921 1526 4995 vitae,
1561 4921 1680 4983 hoc
1711 4930 1828 4997 est,

345 5036 714 5103 congregare
776 5021 1142 5102 spirituales
1209 5020 1455 5082 fructus
1520 5021 1830 5082 virtutum

344 5121 704 5200 expulsione
743 5121 1070 5191 vitiorum,
1102 5127 1166 5180 et
1205 5119 1290 5180 ita
1331 5119 1681 5201 poterimus
1724 5137 1831 5182 no-

345 5214 435 5278 bis
463 5219 825 5281 illuminare
858 5218 1074 5280 lumen
1106 5217 1401 5280 scientiae.
1420 5218 1616 5291 Quem
1644 5218 1831 5280 etiam

345 5316 622 5380 ordinem
667 5318 851 5380 docet
880 5315 1211 5378 Psalmista
1253 5334 1390 5379 esse
1429 5317 1774 5379 tenendum
1812 5337 1827 5382 :

1943 4328 2172 4409 legitur
2220 4344 2233 4389 ε
2287 4327 2499 4390 Timor
2548 4325 2797 4388 Domini
2845 4323 3186 4406 disciplina
3232 4331 3293 4386 et
3342 4343 3433 4386 sa·
3488 4354 3623 4397 prm
3653 4368 3723 4407 xv,

1941 4425 2228 4509 pientia),
2270 4433 2333 4488 et
2376 4444 2517 4507 quae
2561 4431 2869 4487 conantur
2916 4441 3173 4485 sensum
3216 4422 3431 4504 acqui·
3461 4418 3683 4524 ἶζὲχξω·

1940 4545 2079 4588 rere
2139 4524 2612 4606 scripturarum
2670 4541 2748 4584 ex
2810 4521 3117 4584 memoria
3174 4529 3240 4584 et
3291 4521 3429 4602 jugi

1942 4623 2349 4687 meditatione
2398 4640 2639 4696 earum,
2683 4620 2833 4682 satis
2885 4620 3139 4703 proprie
3185 4619 3250 4681 in
3292 4620 3433 4682 Pro-

1939 4722 2179 4785 verbiis
2238 4720 2441 4782 fertur
2492 4740 2505 4783 :
2560 4721 2635 4782 Ut
2681 4719 2834 4801 quid
2888 4718 3148 4780 fuerunt
3194 4718 3432 4781 divitiae
3487 4746 3723 4800 153d,„..‚

1939 4820 2313 4904 insipienti?
2354 4818 2676 4881 Possidere
2706 4817 2879 4880 enim
2918 4817 3295 4899 sapientiam
3325 4836 3429 4879 ex·
3458 4812 3694 4916 &ximh

1939 4938 2078 4983 cors
2111 4937 2237 4980 non
2276 4917 2525 5000 poterit.
2562 4917 2631 4978 In
2663 4923 2909 4977 tantum
2941 4933 3089 4977 vero
3120 4915 3254 4977 h'aec
3284 4933 3433 4977 vera
3565 4904 3577 4917 ”

1939 5027 2001 5081 et
2039 5017 2389 5100 spiritualis
2434 5015 2700 5078 scientia
2742 5020 3103 5076 removetur
3141 5021 3204 5075 et
3242 5013 3432 5076 distat

1938 5137 1975 5178 a
2019 5115 2307 5180 saeculari
2356 5114 2624 5177 scientia
2665 5132 2806 5195 quae
2856 5107 3204 5175 carnalium
3248 5111 3431 5174 vitio·

1941 5236 2084 5278 rum
2125 5215 2309 5278 sorde
2347 5214 2674 5296 polluitur,
2711 5219 2778 5273 ut
2819 5210 3215 5294 spiritualem
3256 5209 3430 5271 illam

1939 5314 2275 5378 scientiam
2330 5313 2606 5376 sciamus
2657 5310 3000 5393 aliquando
3052 5308 3429 5374 mirabiliter
