4359 6267
855 489 976 554 408

1513 507 1930 554 coLLA'noNUM
1971 507 2056 552 SS.
2090 507 2335 552 PATRUM
2376 506 2550 551 LIBER
2590 507 2653 551 11.
2700 525 2781 534 -
2820 506 3106 554 COLLATIO
3148 508 3299 554 XXIII

855 685 1051 741 totam
1101 697 1280 740 suam
1330 678 1762 760 posteritatem
1818 678 1972 758 jugo
2030 684 2352 759 perpetuae
2382 675 2433 738 A
2464 675 2619 757 quid
2649 675 2949 756 adjecerit
2994 674 3427 757 praeinductiS,
3462 674 3697 755 quibus
3734 691 3961 755 expro-

857 777 1183 839 servitutis
1223 777 1397 839 illius
1441 777 1628 858 cujus
1668 776 1805 858 ipse
1844 776 2046 838 factus
2091 783 2187 837 est
2224 793 2351 836 ser-

855 895 993 938 vus,
1031 874 1192 948 Quid
1221 875 1393 936 enim
1425 874 1598 936 aliud
1629 892 1930 955 generare
1961 880 2169 955 potest
2209 890 2353 934 con-

850 972 1104 1054 jugium
1145 973 1396 1047 servile,
1431 991 1622 1054 quam
1663 975 1924 1035 servos?
1955 971 2115 1045 Quid
2157 973 2350 1050 ergo?

853 1071 1180 1154 Numquid
1213 1079 1462 1153 emptor
1493 1072 1610 1133 iste
1649 1071 1918 1132 callidus
1959 1078 2022 1133 et
2055 1076 2350 1132 versutus

852 1170 1090 1251 eripuit
1127 1169 1234 1251 jus
1278 1169 1731 1233 dominationis
1772 1187 1923 1231 vero
1965 1176 2156 1251 atque
2203 1166 2351 1247 legi-

853 1268 1010 1331 timo
1048 1268 1353 1331 domino?
1383 1269 1519 1331 Non
1561 1269 1781 1349 utique
1817 1288 1830 1332 :
1865 1285 1992 1329 nou
2031 1267 2203 1328 enim
2245 1265 2352 1326 ille

855 1365 1115 1448 iniquus
1169 1368 1258 1429 ita
1315 1367 1544 1429 invasit
1604 1384 1794 1429 omne
1857 1365 2178 1448 peculium
2240 1363 2350 1425 Dei

852 1465 995 1544 (seu
1039 1466 1506 1547 possessionem
1549 1464 1802 1546 generis
1849 1463 2140 1544 humani)
2184 1462 2353 1524 dolo-

854 1563 1039 1626 sitate
1087 1562 1329 1626 fraudis
1374 1564 1586 1637 uniuS‚
1637 1571 1706 1625 ut
1757 1582 1944 1625 verus
1995 1561 2354 1624 dominator

856 1662 1021 1724 Deus
1051 1663 1370 1725 amitteret
1401 1662 1747 1743 potentiam
1780 1661 1880 1723 sui
1915 1660 2207 1734 dominii,
2241 1659 2350 1741 qui

851 1761 1007 1842 jugo
1036 1761 1360 1824 servitutis
1392 1761 1695 1843 deprimit
1725 1760 1937 1842 ipsum
1970 1766 2347 1840 emptorem,

2462 772 2671 836 brarat
2707 775 2932 837 iisdem
2974 774 3174 836 servis
3210 775 3517 836 vitiorum
3558 792 3815 835 causam
3854 790 3961 834 vo-

2464 872 2750 935 luntariae
2779 873 3164 935 venditionis
3190 893 3204 936 ε
3235 873 3563 954 Numquid
3592 871 3964 934 abbreviata

2462 977 2524 1031 et
2562 972 2827 1053 parvula
2874 970 3039 1033 facta
3085 978 3181 1033 est
3231 990 3457 1033 manus
3506 989 3667 1042 mea,
3710 977 3775 1030 ut
3830 987 3959 1032 non

2462 1071 2703 1151 possim
2748 1070 3099 1132 redimere?
3127 1077 3237 1131 aut
3275 1087 3402 1132 non
3440 1077 3537 1132 est
3580 1069 3643 1130 in
3690 1086 3793 1130 me
3832 1067 3961 1130 vir—

2464 1175 2563 1230 tus
2620 1168 2698 1229 ad
2760 1168 3209 1231 liberandum?
3250 1168 3370 1231 Sed
3419 1168 3589 1229 idem
3647 1166 3961 1248 Propheta

2462 1267 2850 1328 demonstrat
2888 1267 3042 1348 quid
3084 1285 3338 1349 semper
3380 1265 3700 1329 obstiterit
3744 1272 3963 1347 poten-

2462 1364 2724 1426 tissimae
2757 1364 2973 1446 pietati
3005 1365 3177 1426 illius
3211 1384 3225 1428 :
3260 1364 3442 1437 Ecce,
3477 1363 3797 1445 inquienS,
3830 1379 3957 1424 non

2462 1469 2558 1523 est
2598 1460 2967 1525 abbreviata
3010 1469 3235 1525 manus
3278 1462 3555 1537 Domini,
3603 1469 3673 1523 ut
3716 1461 3960 1522 salvare

2464 1569 2758 1641 nequeat,
2806 1579 3015 1642 neque
3063 1569 3396 1641 aggravata
3440 1567 3536 1622 est
3576 1560 3749 1622 auris
3792 1559 3959 1640 ejuS,

2466 1666 2537 1719 ut
2586 1677 2712 1721 non
2762 1659 3105 1738 exaudiat3
3156 1660 3265 1721 sed
3317 1658 3686 1740 iniquitates
3736 1665 3965 1720 vestrae

2464 1757 2821 1820 diviserunt
2857 1759 3021 1821 inter
3061 1776 3171 1820 vos
3211 1766 3275 1820 et
3314 1759 3514 1820 Deum
3553 1765 3863 1830 vestrum,
3902 1764 3969 1818 et

857 1860 1152 1940 quamvis
1199 1858 1486 1940 refugam
1533 1879 1606 1921 ac
1653 1858 2000 1936 rebellem3
2039 1858 2147 1920 sed
2202 1855 2352 1938 quia
2388 1857 2436 1921 B
2466 1864 2721 1937 peccata
2766 1864 2975 1919 vestra
3020 1856 3491 1918 absconderunt
3540 1853 3767 1918 faciem
3818 1855 3964 1934 ejus

856 1958 1109 2021 Creator
1156 1965 1550 2021 concesserat
1607 1957 1908 2020 omnibus
1966 1954 2353 2018 rationabili-

855 2055 975 2118 bus
1019 2056 1324 2120 creaturis
1368 2055 1726 2118 libertatem
1769 2054 2039 2127 arbitrii,
2074 2071 2201 2116 non
2245 2053 2352 2114 de-

855 2153 996 2215 buit
1044 2171 1339 2217 revocare
1388 2153 1622 2216 invitos
1669 2154 1748 2215 ad
1796 2152 2044 2214 arbitrii
2096 2151 2350 2213 liberta-

853 2259 1006 2327 tem,
1059 2271 1165 2315 eos
1215 2253 1324 2334 qui
1373 2261 1592 2314 contra
1647 2251 1742 2313 fas
1801 2251 2235 2314 vendiderant·
2282 2267 2349 2311 se

852 2352 1350 2432 transgressione
1388 2359 1450 2413 et
1487 2370 1599 2413 esu
1639 2349 2192 2432 concupiscentiae.
2228 2348 2350 2410 Ab·

853 2450 1068 2512 horret
1117 2451 1354 2532 quippe
1402 2449 1483 2512 ab
1531 2449 1640 2511 illo
1689 2449 1882 2511 totius
1920 2447 2238 2529 aequitatis
2276 2466 2349 2509 ac

852 2548 1107 2631 pietatis
1147 2556 1424 2622 auctore,
1459 2547 1773 2629 quidquid
1818 2545 2208 2609 contrarium
2254 2552 2350 2608 est

853 2646 1120 2710 bonitati
1153 2655 1215 2709 et
1243 2645 1546 2728 aequitati.
1581 2644 1813 2707 Malum
1848 2652 2062 2706 autem
2095 2642 2344 2717 fuisset,

852 2745 905 2808 si
936 2744 1300 2807 abstulisset
1341 2744 1698 2807 libertatem
1740 2759 2148 2820 concessam;
2182 2741 2347 2822 inju—

851 2851 1021 2906 stum
1067 2861 1239 2918 ver0,
1279 2843 1334 2906 si
1383 2861 1510 2906 non
1555 2841 1807 2904 sivisset
1858 2840 2130 2902 liberum
2181 2838 2347 2902 arbi-

849 2941 1046 3002 trium
1089 2940 1257 3022 quod
1295 2947 1431 3002 erat
1461 2939 1526 3000 in
1558 2938 1839 3011 homine,
1874 2936 2135 3018 exsequi
2176 2936 2347 3018 quod

2462 1975 2499 2017 a
2545 1954 2748 2029 vobiS,
2790 1974 2870 2017 ne
2920 1955 3270 2017 exaudiret.

2827 2253 3332 2318 CAPITULUM
3392 2254 3582 2316 XIII.

2457 2439 2786 2511 Expositio
2816 2436 2991 2493 illius
3018 2437 3333 2493 sententioe
3355 2454 3373 2491 :
3398 2437 3538 2494 Scio
3566 2441 3767 2492 autem
3794 2436 3962 2508 quod

2530 2545 2651 2584 non
2686 2527 2927 2583 habitat
2964 2527 3033 2582 in
3068 2542 3179 2589 me,
3210 2527 3317 2581 hoc
3353 2532 3441 2581 est
3480 2527 3547 2580 in
3586 2541 3771 2581 carne
3802 2541 3957 2588 mea,

2532 2618 2766 2673 bonum.

2603 2841 2895 2903 UONIAM
2950 2857 3101 2922 ergo
3160 2839 3369 2921 prima
3426 2839 3536 2901 illa
3594 2838 3960 2900 maledictio

2629 2939 2738 3001 Dei
2789 2956 2904 3001 nos
2955 2938 3107 3000 fecit
3156 2938 3461 3011 carnaleS,
3514 2946 3577 3000 et
3624 2936 3827 3018 spinis
3884 2954 3961 2996 ac

850 3039 1122 3113 volebat,
1156 3039 1578 3121 opprimendo
1611 3044 1672 3099 et
1702 3036 2079 3118 captivando
2110 3034 2350 3097 beneli-
2385 3044 2429 3108 G
2460 3037 2713 3099 tribulis
2752 3037 3162 3118 adjudicavit,
3197 3044 3260 3098 et
3287 3036 3488 3098 Adam
3532 3043 3709 3118 pater
3742 3042 3959 3096 noster

851 3138 1023 3200 cium
1060 3138 1369 3200 libertatis
1404 3155 1595 3219 quam
1631 3136 1688 3197 ei
1720 3135 1996 3208 dederat,
2032 3134 2217 3214 cujus
2258 3154 2349 3196 sa-

852 3236 1050 3298 lutem
1082 3235 1429 3298 reservavit
1458 3254 1530 3296 ac
1560 3233 1809 3295 distulit
1838 3233 1903 3294 in
1935 3232 2165 3294 saecula
2196 3239 2347 3293 tunc

852 3335 1086 3408 futura,
1139 3342 1209 3396 ut
1255 3333 1586 3416 plenitudo
1645 3332 1948 3413 temporis
2008 3330 2346 3413 praestituti

852 3434 1280 3516 compleretur
1310 3432 1532 3495 ordine
1567 3438 1756 3493 recto.
1795 3428 2134 3511 Oportebat
2171 3447 2347 3490 nam-

853 3551 978 3614 que
1018 3532 1300 3595 sobolem
1346 3529 1625 3593 hominis
1668 3528 1910 3590 'tamdiu
1954 3528 2180 3590 durare
2225 3526 2346 3589 sub

854 3630 1101 3693 inflicta
1133 3629 1516 3702 conditione,
1551 3645 1886 3710 quousque
1922 3627 2211 3689 Christus
2252 3645 2345 3688 re-

850 3729 1155 3792 formaret
1192 3747 1330 3790 eam
1370 3727 1447 3789 ad
1487 3733 1720 3789 statum
1767 3725 2050 3807 pristiuae
2093 3725 2346 3786 liberta-

850 3829 955 3903 tis,
998 3828 1275 3890 liberans
1316 3846 1456 3889 eam
1498 3827 1575 3888 de
1619 3833 1795 3888 reatu
1837 3824 2161 3905 originalis
2203 3843 2347 3905 pec-

851 3927 974 3990 cati
1022 3926 1227 4010 pretio
1276 3925 1604 4006 sanguinis
1655 3923 1772 3985 sui.
1815 3923 2012 3996 Quam
2059 3921 2343 3985 sobolem

849 4027 1059 4108 potuit
1091 4025 1282 4087 etiam
1318 4032 1473 4085 tunc
1507 4023 1750 4084 salvare
1789 4041 1919 4084 suae
1958 4021 2211 4103 pietatis
2253 4020 2345 4081 in-

851 4125 1109 4197 stinctu,
1151 4123 1261 4186 sed
1306 4121 1531 4194 noluit,
1576 4119 1878 4202 quoniam
1922 4119 2188 4201 aequitas
2232 4138 2347 4180 sua

2459 3135 2544 3198 ita
2583 3135 2973 3198 venundedit
3016 3153 3131 3198 nos
3175 3135 3398 3217 iniquo
3440 3133 3849 3207 commercio,
3888 3140 3961 3193 ut

2456 3253 2639 3316 agere
2689 3252 3081 3316 nequeamus
3132 3233 3373 3296 bonum
3417 3233 3586 3314 quod
3628 3231 3953 3302 volumuS,

4044 885 4119 926 1⁸.
4144 897 4190 934 ι,
4216 887 4262 927 Ξ.

4022 1379 4161 1422 leid.
4196 1393 4287 1430 ux,

3992 1447 4030 1492 Ι,
4064 1445 4111 1485 Ξ.

2456 3333 2710 3413 quando
2748 3332 3047 3394 abstracti
3086 3351 3123 3394 a
3162 3331 3472 3394 memoria
3512 3331 3647 3404 Dei,
3679 3329 3963 3410 compel-
4051 3376 4075 3404 .

2458 3431 2651 3492 limur
2682 3431 2955 3512 cogitare
2985 3449 3059 3492 ea
3088 3450 3229 3512 quae
3264 3438 3412 3492 sunt
3443 3428 3803 3510 fragilitatis
3844 3428 3963 3490 hu-

2460 3548 2681 3603 manae,
2714 3530 2997 3611 dumque
3039 3529 3331 3591 ardentes
3376 3526 3671 3610 puritatis
3711 3544 3955 3600 amore,

2457 3627 2863 3698 stimulamur
2901 3626 3280 3708 plerumque
3320 3626 3513 3688 etiam
3552 3624 3737 3687 inviti
3779 3632 3960 3686 natu-

2456 3725 2695 3787 ralibus
2747 3725 3109 3799 incentiviS,
3153 3743 3295 3806 quae
3336 3723 3647 3784 vellemus
3696 3721 3956 3803 penitus

2458 3825 2745 3905 ignorare
2780 3841 2793 3885 ε
2828 3831 2980 3885 tunc
3021 3824 3261 3884 scimus
3292 3830 3354 3884 et
3384 3820 3755 3903 experimur
3781 3819 3955 3901 quod

2456 3941 2581 3984 non
2641 3923 2883 3985 habitat
2933 3922 2999 3983 in
3054 3939 3243 3983 carne
3300 3928 3517 3983 nostra
3573 3919 3837 3990 bonum,
3890 3917 3954 3979 id

2454 4029 2550 4083 est
2580 4022 2711 4083 fixa
2751 4020 3275 4102 incessabilisque
3315 4018 3740 4100 tranquillitas
3782 4017 3957 4079 theo-

2456 4119 2565 4182 riae
2605 4138 2679 4180 ac
2719 4118 3032 4201 puritatis,
3068 4117 3188 4180 Sed
3234 4117 3475 4179 factum
3516 4123 3613 4178 est
3658 4115 3723 4177 in
3768 4114 3957 4177 nobis

853 4242 978 4286 non
1009 4220 1305 4306 permisit
1339 4239 1489 4283 eum
1523 4227 1768 4281 mutare
1808 4218 2207 4300 propositum
2246 4217 2341 4278 sui
2377 4228 2427 4290 D
2457 4218 2625 4280 istud
2668 4216 2934 4298 lugubre
2966 4217 3445 4298 pessimumque
3477 4214 3851 4288 divortium,
3888 4221 3959 4274 ut

851 4321 1108 4384 decreti.

932 4419 1039 4481 Vis
1092 4438 1346 4481 causam
1401 4425 1525 4480 tuae
1573 4414 1959 4479 venditionis
2012 4433 2347 4495 cognosce-

853 4520 965 4579 re?
1006 4517 1168 4581 Audi
1206 4517 1694 4596 Redemptorem
1742 4520 1920 4575 tuum
1967 4531 2080 4594 per
2121 4513 2345 4574 Isaiam

643 4653 723 4691 .t.‚
774 4671 787 4684 .
855 4616 1184 4679 evidenter
1230 4615 1547 4677 dicentem
1603 4633 1616 4676 ε
1670 4612 1819 4685 Quis
1872 4619 1969 4674 est
2018 4613 2136 4673 iste
2186 4611 2348 4673 liber

857 4713 1105 4796 repudii
1156 4713 1378 4775 matris
1425 4720 1670 4785 vestrae,
1714 4729 1840 4793 quo
1897 4710 2113 4772 dimisi
2161 4713 2347 4772 eam?

854 4821 962 4876 aut
1015 4813 1158 4894 quis
1216 4819 1313 4874 est
1362 4811 1634 4873 creditor
1683 4828 1886 4882 meuS,
1937 4808 2039 4870 cui
2089 4808 2347 4870 vendidi

854 4915 1006 4974 vos?
1047 4911 1207 4974 Ecce
1245 4910 1310 4971 in
1354 4908 1792 4990 iniquitatibus
1834 4907 2062 4969 vestris
2107 4907 2348 4969 venditi

853 5013 1029 5087 estis,
1073 5018 1136 5074 et
1185 5011 1250 5072 in
1300 5008 1650 5072 sceleribus
1695 5007 1920 5070 vestris
1970 5007 2187 5068 dimisi
2220 5026 2349 5068 ma-

855 5120 1018 5174 trem
1047 5117 1343 5173 vestram.
1376 5108 1485 5170 Vis
1519 5125 1773 5189 quoque
1810 5105 1976 5168 clare
2017 5123 2351 5186 cognosce-

853 5229 921 5272 re
961 5229 1078 5272 cur
1115 5207 1394 5272 noluerit
1429 5213 1489 5268 te
1527 5205 1852 5268 addictum
1889 5204 2044 5285 jugo
2084 5203 2351 5266 servitu-

852 5308 934 5370 tis
982 5307 1294 5370 redimere
1337 5306 1572 5368 virtute
1619 5323 1750 5366 suae
1798 5303 2139 5385 potentiae?
2184 5303 2349 5366 Audi

2457 4318 2611 4378 dum
2656 4324 2867 4378 mente
2906 4315 3179 4377 velimus
3222 4314 3342 4395 legi
3389 4313 3499 4375 Dei
3542 4312 3803 4386 servire,
3840 4329 3959 4373 nec

2459 4434 2740 4498 unquam
2780 4414 2966 4476 avelli
3007 4432 3044 4474 a
3079 4412 3612 4494 contemplatione
3652 4409 3959 4471 claritatis

2456 4514 2710 4587 divinae,
2742 4520 3021 4575 attamen
3059 4510 3435 4573 circumfusi
3474 4508 3837 4572 carnalibus
3869 4515 3959 4569 te-

2458 4612 2695 4685 nebriS,
2722 4611 3008 4693 cogimur
3038 4611 3313 4692 quadam
3346 4609 3482 4690 lege
3512 4607 3759 4691 peccati
3789 4607 3959 4669 avel-

2460 4712 2503 4772 li
2543 4730 2580 4772 a
2619 4710 2786 4773 bono
2829 4710 2997 4791 quod
3041 4709 3338 4771 novimus
3373 4727 3387 4771 :
3422 4715 3679 4769 ruentes
3720 4705 3802 4767 ab
3848 4704 3959 4766 illa

2459 4809 2836 4871 celsitudine
2868 4809 3098 4870 mentis
3128 4808 3206 4869 ad
3237 4806 3649 4886 cogitationes
3677 4812 3741 4866 et
3770 4823 3958 4866 curas

2460 4916 2761 4976 terrenas,
2795 4905 3029 4988 quibus
3075 4923 3187 4968 nos
3230 4903 3620 4984 adjudicavit
3664 4901 3765 4964 lex
3812 4920 3959 4983 pec-

2460 5006 2605 5078 cati,
2660 5005 2723 5066 id
2780 5012 2876 5066 est
2930 5003 3244 5066 sententia
3291 5002 3403 5065 Dei
3454 5020 3647 5083 quam
3706 5000 3957 5081 primus

2460 5104 2649 5167 homo
2711 5111 3004 5186 peccator
3072 5102 3359 5164 incurrit.
3424 5101 3598 5163 Unde
3659 5098 3957 5180 quamvis

2458 5188 2796 5285 Apostolus
2834 5201 3233 5284 apertissime
3272 5200 3545 5262 fateatur
3582 5217 3649 5260 se
3682 5205 3793 5259 aut
3822 5215 3960 5261 om-

2462 5321 2573 5365 ues
2624 5303 2883 5364 Sanctos
2931 5299 3287 5363 inevitabili
3335 5297 3709 5360 necessitate
3759 5296 3959 5378 hujus

4026 3929 4145 3972 Rom
4154 3961 4163 3971 .
4190 3944 4233 3970 τι
4238 3944 4267 3976 ι,

3990 3995 4057 4034 ¹8.
