4359 6267
1060 513 1479 561 comanorum
1520 514 1605 559 SS.
1640 512 1883 559 mmm!
1924 512 2099 559 LIBER
2140 513 2179 558 1.
2226 530 2308 540 —
2346 512 2634 561 comum
2675 514 2722 559 11
3323 493 3440 558 133

330 679 502 760 priis
544 681 750 743 oculis
796 690 1046 763 gestum
1093 682 1365 755 vidistis,
1399 682 1698 744 videlicet
1745 700 1837 743 se·
1865 679 1916 742 A
1944 680 2343 763 sepeliretur,
2377 689 2441 743 et
2481 700 2609 745 non
2652 684 2819 745 inter
2857 681 3438 745 excommunicatos

328 796 493 838 nem
530 779 841 841 Heronem
887 788 1031 842 ante
1074 798 1310 862 paucos
1358 780 1496 841 dies
1540 780 1835 842 illusione
1942 795 2017 838 ac
2076 776 2358 859 perfidos
2420 786 2770 859 reputatuS,
2820 778 3214 858 judicaretur
3269 776 3438 839 indi-

330 874 559 937 Zabuli
618 876 941 957 dejectum
986 896 1023 938 a
1072 877 1343 939 summis
1390 878 1468 938 ad
1518 876 1662 938 ima.
1717 876 1833 949 Qui
1942 892 2105 954 gnus
2154 874 2474 937 oblatione
2522 884 2712 957 atque
2757 877 3063 939 memoria
3110 875 3438 937 defuncto-

324 972 799 1053 quinquaginta
839 974 1023 1036 annis
1069 975 1134 1036 in
1178 975 1296 1035 hac
1340 992 1554 1037 eremo
1592 974 1837 1036 habita-

324 1069 451 1142 vit,
486 1077 549 1131 et
578 1070 852 1151 rigorem
892 1071 1293 1134 abstinentiae
1332 1090 1479 1134 cum
1511 1072 1836 1133 discretio-

322 1178 415 1227 ne
450 1168 654 1229 tenuit
692 1168 1019 1249 singulari,
1054 1170 1417 1232 solitudinis
1459 1187 1711 1251 quoque
1742 1188 1835 1231 se-

1945 991 2105 1034 rum.
2157 972 2280 1035 Sed
2330 975 2766 1055 compassione
2807 983 2878 1056 ‘et
2930 992 3180 1035 summa
3230 972 3440 1034 humi-

1943 1070 2119 1132 litate
2176 1088 2400 1133 eorum
2448 1072 2559 1153 qui
2620 1072 3040 1134 condolebant
3097 1072 3442 1134 calamitati

1941 1167 2231 1242 Heronis,
2267 1169 2472 1230 victus
2515 1168 2710 1232 abbas
2751 1170 3145 1251 Paphnutius
3186 1170 3438 1252 acquie-

323 1272 512 1325 creta
560 1267 836 1328 servavit
890 1267 1053 1329 miro
1100 1266 1349 1329 fervore
1399 1267 1565 1329 ultra
1612 1284 1833 1328 omnes

322 1359 445 1421 hic
474 1360 848 1424 habitantes.
874 1364 987 1424 Hic
1017 1382 1166 1445 ergo
1197 1382 1325 1445 quo
1354 1372 1541 1445 pacto
1570 1370 1679 1425 aut
1709 1380 1835 1444 qua

320 1458 579 1523 ratione
624 1478 665 1521 a
711 1460 964 1523 diabolo
1010 1470 1107 1523 est
1156 1462 1384 1524 illusus
1438 1470 1580 1545 post
1626 1468 1832 1523 tantos

322 1555 603 1630 laboreS,
636 1564 827 1638 atque
856 1558 1231 1640 gravissime
1275 1560 1511 1641 lapsus,
1545 1559 1632 1621 ita
1661 1559 1831 1640 quod

319 1660 597 1716 cunctos
638 1654 703 1716 in
744 1674 961 1718 cremo
999 1657 1118 1719 hac
1160 1657 1452 1738 implevit
1496 1657 1831 1719 lacrimoso

320 1751 595 1813 dolore?
622 1752 845 1815 Nonne
887 1754 1028 1816 ideo
1069 1754 1221 1835 quia
1253 1754 1633 1817 discretione
1666 1763 1831 1835 post-

324 1850 541 1930 posita
570 1850 795 1913 maluit
826 1852 1103 1934 propriis
1141 1852 1702 1914 adinventionibus
1733 1871 1829 1913 re-
1865 1855 1913 1917 B

324 1948 620 2029 gi‚quam
647 1948 907 2011 obedire
938 1949 1223 2011 consiliis
1253 1957 1362 2012 aut
1392 1949 1829 2012 collationibus

326 2046 621 2109 Fratrum
670 2047 1109 2129 institutisque
1156 2047 1456 2110 Patrumt
1502 2048 1829 2130 Siquidem

328 2150 507 2206 tanto
534 2144 741 2226 rigore
771 2146 1059 2207 exercuit
1094 2146 1333 2227 jugiter
1360 2145 1829 2207 immutabilem

331 2242 789 2305 continentiam
834 2243 1207 2324 jejunandO,
1255 2250 1319 2305 et
1366 2250 1607 2305 secreta
1654 2242 1830 2305 cellae

331 2357 402 2400 ac
446 2340 811 2403 solitudinis
855 2349 983 2403 tam
1030 2340 1495 2403 incessabiliter
1541 2340 1831 2403 observa-

332 2437 445 2512 vit,
506 2444 579 2499 ut
631 2457 751 2500 nec
808 2439 1125 2520 paschalis
1182 2438 1493 2502 festivitas
1552 2439 1829 2521 potuerit

336 2553 481 2596 eum
512 2536 817 2598 inducere
846 2537 925 2598 ad
957 2537 1473 2599 manducandum
1514 2555 1662 2598 cum
1691 2537 1831 2598 Fra-

337 2632 643 2695 tribus.1n
675 2653 803 2715 qua
830 2634 1205 2696 solennitate
1233 2635 1437 2697 teneri
1467 2653 1595 2697 non
1625 2635 1831 2716 potuit

342 2749 481 2793 cum
532 2730 856 2794 Fratribus
906 2733 1155 2794 cunctis
1206 2732 1272 2794 in
1326 2732 1595 2795 ecclesia
1637 2733 1829 2795 tentis

342 2837 593 2910 propter
653 2830 814 2891 tanti
880 2830 1303 2894 reverentiam
1365 2830 1534 2905 festi,
1589 2849 1669 2892 ne
1731 2830 1828 2892 vi-

342 2927 591 2989 deretur
643 2928 959 2990 relaxatus
1009 2947 1046 2989 a
1102 2928 1201 2991 sui
1256 2930 1462 3009 rigore
1519 2928 1829 3011 propositi

1941 1265 2036 1328 vit
2079 1265 2379 1347 precibus
2424 1284 2663 1329 eorum.

2346 1518 2850 1583 CAPITULUM
2912 1520 3027 1583 VI.

2158 1666 2246 1721 De
2282 1666 2472 1722 ruina
2507 1666 2767 1722 duorum
2791 1666 3076 1723 Fratrum
3105 1684 3222 1739 per

2429 1756 2940 1812 indiscretionem.

2112 2048 2224 2129 qui
2263 2068 2463 2129 quum
2509 2048 2867 2112 habitarent
2906 2050 3070 2113 ultra
3112 2051 3432 2114 desertum

1938 2144 2277 2207 Thebaidis
2315 2146 2455 2227 (ubi
2500 2147 2820 2228 quondam
2865 2147 3086 2209 beatus
3129 2150 3434 2211 remansit

1937 2243 2299 2323 Antonius),
2332 2251 2554 2306 euntes
2600 2263 2714 2325 per
2755 2244 3166 2308 solitudinem
3218 2246 3431 2322 latam,

1940 2340 2191 2402 incaute
2233 2340 2409 2415 moti,
2443 2342 2861 2404 decreverunt
2899 2343 3142 2405 nullam
3179 2345 3433 2426 penitus

1938 2456 2190 2500 sumere
2247 2458 2482 2513 escam,
2534 2439 2656 2501 nisi
2717 2460 2911 2521 quam
2970 2442 3136 2503 Deus
3195 2460 3309 2524 per
3365 2461 3433 2505 se

1940 2536 2152 2616 ipsum
2190 2536 2284 2598 eis
2325 2536 2685 2612 conferret?
2717 2538 3050 2620 Quumque
3089 2558 3243 2620 gens
3282 2541 3434 2602 Mar-

1938 2633 2205 2696 sitarum
2245 2634 2544 2697 omnibus
2581 2653 2760 2717 paene
2805 2636 3168 2699 nationibus
3214 2638 3433 2699 crude-

1939 2729 2059 2793 lior
2106 2739 2296 2812 atque
2353 2732 2691 2795 immanior
2736 2733 2924 2815 (quos
2978 2735 3056 2796 ad
3105 2735 3432 2815 sanguinis

1937 2827 2325 2891 effusionem
2367 2829 2627 2910 instigat
2671 2848 2799 2893 non
2843 2832 3230 2893 desiderium
3279 2851 3434 2913 prae-

1938 2927 2053 2999 dae,
2090 2934 2160 2987 ut
2202 2927 2360 2990 alios
2401 2929 2732 3009 quosdam,
2767 2929 2878 2991 sed
2922 2928 3056 2991 sola
3099 2931 3305 2993 cordis
3347 2930 3434 2993 fe-

1946 1947 2231 2147 QUID
2271 1952 2477 2013 dicam
2519 1952 2596 2013 de
2635 1952 2958 2015 Fratribus
2999 1952 3126 2015 illis
3159 1918 3430 2029 duobus,

345 3026 745 3107 perceptione
796 3026 1457 3107 quantulumcumque
1508 3026 1687 3109 parvi
1739 3027 1829 3087 le·
1862 3023 1905 3086 C
1939 3024 2218 3106 rocitas),
2253 3044 2453 3107 quum
2484 3044 2634 3108 ergo
2665 3045 2818 3107 gens
2853 3027 2974 3089 ista
3003 3028 3267 3091 vidisset
3297 3029 3437 3091 Fra-

344 3122 635 3201 guminis.
680 3123 813 3196 Qua
861 3124 1356 3205 praesumptione
1400 3124 1726 3205 deceptuS,
1767 3131 1831 3186 et

346 3220 630 3300 angelum
682 3220 926 3283 Satanae
978 3239 1126 3283 cum
1173 3240 1424 3283 summa
1472 3222 1828 3303 suscipiens

348 3318 744 3380 veneratione
772 3326 1075 3399 tanquam
1104 3318 1403 3398 angelum
1434 3318 1617 3392 luci5‚
1639 3327 1829 3400 atque

348 3415 672 3497 praeceptis
712 3416 887 3477 illius
918 3423 1209 3498 prompte
1250 3416 1575 3491 obedienS,
1611 3418 1831 3498 praeci-

350 3512 563 3592 pitavit
591 3531 659 3575 se
690 3513 905 3596 ipsum
936 3514 1001 3575 in
1032 3522 1319 3595 puteum,
1355 3514 1541 3595 cujus
1572 3514 1833 3596 profun-

350 3609 598 3673 ditatem
627 3610 853 3673 oculus
882 3612 1173 3692 nequivit
1200 3612 1510 3693 attingere
1532 3614 1829 3675 :credens

351 3709 746 3787 promissioni
802 3708 1037 3771 diaboli
1094 3710 1434 3772 asserentis
1492 3729 1642 3773 eum
1701 3729 1826 3773 non

352 3822 524 3885 posse
562 3805 890 3887 subJacere
932 3808 1010 3869 de
1059 3817 1269 3870 cetero
1312 3808 1429 3870 ulli
1469 3809 1828 3871 discrimini

354 3910 595 3983 propter
633 3905 859 3966 merita
896 3906 1206 3967 virtutum
1245 3925 1319 3968 ac
1359 3906 1650 3969 laborum
1691 3924 1831 3970 suo-

354 4018 508 4061 rum.
539 4001 707 4074 Quod
740 4010 811 4063 ut
847 4003 1430 4083 experimentaliter
1460 4003 1829 4085 comproba-

358 4104 468 4169 ret,
498 4100 789 4181 praedicto
821 4108 1015 4183 puteo
1046 4120 1113 4163 se
1149 4102 1371 4183 injecit
1400 4102 1465 4164 in
1498 4110 1703 4176 nocte,
1735 4110 1831 4163 ut-

1940 3130 2064 3184 tres
2117 3122 2261 3186 illos
2305 3143 2420 3205 per
2460 3125 2782 3187 desertum
2825 3134 3106 3189 errantes
3148 3146 3222 3189 ac
3265 3125 3434 3188 fame

1938 3220 2334 3295 deficienteS,
2369 3229 2432 3283 et
2461 3229 2679 3285 contra
2708 3242 2838 3286 suae
2877 3223 3223 3286 ferocitatis
3254 3232 3434 3287 natu·

1937 3337 2072 3380 ram
2117 3318 2246 3382 illis
2294 3320 2677 3382 occurrisset
2724 3339 2872 3382 cum
2921 3321 3214 3402 panibuS,
3267 3340 3433 3384 unus

1939 3416 2227 3478 Fratrum
2257 3417 2638 3479 discretione
2666 3418 2946 3497 adjutuS,
2971 3420 3254 3501 suscepit
3284 3437 3432 3481 cum

1935 3514 2284 3594 gratiarum
2325 3514 2574 3576 actione
2617 3522 2679 3577 et
2720 3515 2949 3595 gaudio
2992 3535 3186 3597 panes
3228 3516 3352 3578 sibi
3396 3536 3433 3578 a

1936 3610 2257 3673 ferocibus
2317 3612 2457 3674 istis
2515 3619 2838 3693 porrectos
2892 3629 2906 3673 :
2958 3621 3258 3695 reputans
3306 3612 3432 3675 sibi

1936 3727 2147 3771 escam
2200 3709 2510 3772 divinitus
2569 3709 2882 3785 exhiberi,
2936 3730 3053 3773 nec
3101 3710 3246 3773 fieri
3295 3711 3432 3773 sine

1938 3806 2244 3869 instinctu
2298 3807 2433 3882 Dei,
2488 3815 2557 3868 ut
2608 3808 2675 3868 hi
2730 3808 2839 3889 qui
2893 3809 3220 3889 sanguinis
3271 3807 3438 3870 effu-

1938 3904 2115 3967 sione
2158 3924 2412 3986 semper
2453 3905 2835 3986 gaudebant,
2869 3907 3017 3970 vitae
3064 3906 3434 3969 alimoniam

1938 4002 2322 4082 largirentur
2358 4003 2450 4065 eis
2491 4022 2620 4085 prae
2657 4002 2825 4066 fame
2863 4004 3206 4067 exhaustis
3244 4004 3435 4067 Porro

1938 4100 2099 4161 alius
2150 4100 2369 4162 cibum
2421 4100 2603 4163 illum
2653 4120 2952 4164 recusans
3005 4110 3304 4183 tanquam
3352 4101 3434 4164 ab

358 4204 496 4274 pote
530 4215 748 4279 magna
786 4218 901 4261 sua
941 4200 1167 4262 merita
1208 4200 1588 4282 probaturus
1629 4219 1830 4282 quum
1860 4203 1909 4265 D
1939 4197 2309 4259 hominibus
2353 4198 2475 4261 sibi
2514 4199 2894 4273 exhibitum,
2927 4198 3095 4261 fame
3139 4216 3435 4261 consum-

362 4292 499 4353 inde
540 4294 730 4357 exiret
781 4295 1038 4359 illaesuS.
1072 4297 1161 4359 De
1211 4316 1337 4380 quo
1387 4305 1579 4380 puteo
1628 4317 1828 4380 quum

358 4387 571 4452 fuisset
624 4394 844 4474 grandi
906 4394 1195 4457 Fratrum
1245 4394 1459 4457 labore
1510 4403 1829 4458 extractus

357 4485 485 4565 jam
511 4508 676 4569 paene
704 4492 1066 4573 exsanguiS‚
1100 4493 1201 4555 dic
1230 4492 1416 4554 tertia
1446 4494 1825 4556 moriturus:

363 4586 523 4663 quod
549 4587 721 4667 pejus
761 4597 860 4651 est
888 4589 1011 4663 his,
1046 4590 1133 4651 ita
1171 4591 1520 4671 permansit
1553 4590 1831 4653 obstina-

366 4688 469 4742 tus
508 4682 569 4745 in
605 4704 715 4750 suo
754 4704 991 4761 errore,
1025 4689 1193 4769 quod
1234 4706 1355 4750 nec
1396 4689 1833 4770 experimento

367 4796 495 4841 suae
529 4781 784 4846 laesionis
824 4802 899 4845 ac
937 4786 1159 4847 mortis
1196 4786 1257 4847 ei
1298 4793 1543 4867 poterat
1580 4805 1834 4867 persua-

369 4872 522 4946 deri,
550 4880 703 4957 quod
733 4881 1076 4943 calliditate
1105 4883 1468 4946 daemonum
1498 4891 1665 4944 esset
1694 4883 1835 4944 illu-

372 4987 498 5031 suS.
542 4974 943 5046 Quamobrem
1001 4978 1107 5040 vix
1168 4986 1413 5060 poterat
1467 4978 1741 5041 obtineri
1798 4999 1835 5042 a

374 5069 714 5153 presbytero
773 5075 1003 5139 abbate
1064 5077 1439 5158 Paphnutio,
1500 5086 1571 5138 ut
1628 5079 1834 5140 Heron

372 5182 493 5245 pro
525 5172 741 5235 meritis
780 5180 1103 5237 tantorum
1145 5174 1433 5237 laborum
1471 5183 1534 5237 et
1579 5183 1837 5258 propter

370 5268 473 5323 tot
502 5283 673 5331 annos
709 5271 777 5333 in
815 5272 1066 5335 deserto
1097 5280 1373 5347 exactos,
1409 5274 1577 5335 inter
1609 5273 1835 5336 fideles

610 5400 668 5453 Τ.
698 5404 776 5454 27.

1941 4302 2087 4376 ptus
2142 4303 2257 4357 est.
2319 4296 2397 4357 Et
2432 4284 2744 4378 'quamvis
2800 4296 3136 4359 amborum
3198 4315 3432 4379 propo·

1941 4394 2135 4454 situm
2195 4411 2271 4454 ex
2321 4393 2809 4475 reprehensibili
2868 4395 3277 4475 persuasione
3328 4396 3433 4459 de-

1942 4491 2209 4564 scendit,
2244 4510 2408 4552 unus
2439 4498 2652 4553 tamen
2682 4509 2796 4572 per
2825 4492 3274 4555 discretionem
3304 4494 3431 4555 sibi

1942 4588 2428 4650 subvenientem
2464 4590 2735 4651 correxit
2769 4590 2938 4671 quod
2974 4598 3211 4654 temere
3249 4599 3313 4653 ct
3347 4592 3438 4653 in-

1942 4687 2214 4748 discrete
2245 4687 2572 4767 concepit3
2603 4686 2766 4747 alius
2797 4704 2948 4749 vero
2978 4688 3044 4749 in
3075 4688 3267 4750 stulta
3296 4708 3437 4770 per-

1944 4784 2237 4845 suasione
2267 4784 2616 4865 perdurans
2645 4801 2719 4844 ac
2748 4783 3148 4846 discretionis
3180 4802 3438 4865 prorsus

1946 4882 2224 4961 ignarus,
2274 4880 2489 4942 intulit
2536 4879 2659 4942 sibi
2710 4888 2981 4943 mortem
3032 4900 3224 4962 quam
3272 4883 3440 4945 Deus

1944 4979 2147 5042 voluit
2176 4978 2234 5039 ei
2275 4976 2533 5051 auferri,
2567 4995 2693 5039 non
2733 4978 3062 5039 attendens
3101 4979 3165 5041 id
3196 4980 3438 5042 factum

1946 5077 2165 5139 divino
2222 5076 2550 5149 instinctu,
2596 5082 2667 5137 ut
2717 5076 2995 5138 immites
3047 5076 3300 5139 barbari
3347 5078 3441 5139 fe-

1946 5175 2151 5237 ritatis
2201 5194 2330 5238 suae
2367 5174 2572 5248 obliti,
2605 5171 2912 5238 offerrent
2953 5174 3046 5237 eis
3086 5193 3281 5257 panes
3320 5192 3437 5258 pro

1948 5274 2196 5356 gladiis,

3123 5404 3188 5461 10
