4359 6267
641 2181 659 2200 ·
675 2183 864 2222 assumat

619 3266 699 3309 1³⁸.
719 3277 825 3315 uix,
843 3265 881 3305 2.

909 489 1031 554 262

1642 507 2057 554 COLLATIONUM
2099 508 2187 553 SS.
2222 507 2465 552 PATRUM
2502 507 2677 552 mnan
2718 508 2759 552 1.
2804 524 2885 535 -·
2926 507 3213 554 coLLATto
3254 509 3295 553 X

915 677 1048 739 lent
1108 694 1449 758 agnoscere
1507 694 1713 758 neque
1771 675 2132 738 describere
2191 693 2411 738 earum
2442 674 2494 737 A
2602 674 2967 738 Versiculus
3012 677 3131 738 iste
3180 683 3277 739 est
3320 675 3829 758 inexpugnabilis
3872 695 4017 737 mu-

916 775 1114 838 lineas
1151 783 1260 838 aut
1301 774 1561 857 siguraS,
1597 774 1719 836 nisi
1759 781 2129 836 assuescant
2157 773 2413 836 assidua

917 875 1311 956 inspectione
1361 882 1423 935 et
1481 873 1848 956 quotidiana
1906 873 2261 935 imitatione
2310 891 2414 934 ex-

917 974 1186 1056 primere
1218 993 1324 1034 seu
1351 991 1608 1034 exarare
1642 972 1990 1034 litterarum
2018 972 2411 1033 characteres

915 1072 1051 1134 sive
1099 1070 1372 1152 effigies,
1419 1070 1626 1153 primo
1685 1070 2024 1151 diligenter
2081 1069 2411 1150 impressis

914 1171 1298 1254 quibusdam
1330 1170 1556 1251 figuris
1588 1189 1699 1232 seu
1733 1169 2026 1232 formulis
2059 1169 2269 1249 cerae);
2293 1168 2406 1242 sic,

913 1269 1197 1351 inquam,
1250 1269 1454 1330 danda
1511 1276 1606 1330 est
1655 1266 1837 1330 vobis
1892 1266 2166 1329 formula
2216 1264 2410 1346 hujus

909 1367 1260 1448 spiritualis
1291 1367 1615 1440 doctrinae,
1650 1367 1725 1428 ad
1759 1384 1952 1447 quarn
1981 1365 2222 1446 jugiter
2250 1362 2407 1424 defi-

907 1468 1125 1546 gentes
1169 1465 1570 1527 tenacissime
1602 1472 1885 1527 vestrum
1923 1463 2249 1535 intuitum,
2285 1461 2410 1523 dis-

909 1565 1064 1626 catis
1118 1565 1407 1626 eamdem
1460 1563 1848 1625 incessanter
1895 1561 2245 1632 revolvere,
2298 1566 2409 1620 aut

911 1683 1029 1725 usu
1059 1681 1132 1724 ac
1165 1663 1570 1724 meditatione
1607 1661 1807 1742 ipsius
1839 1660 2100 1722 valeatis
2134 1657 2407 1720 intuitus

910 1760 1318 1823 sublimiores
1360 1759 1720 1821 ascendere.
1758 1759 1900 1820 Haec
1948 1757 2140 1838 igitur
2185 1773 2410 1838 propo—

2524 792 2654 846 rus,
2692 774 3326 856 impenetrabilisque
3368 775 3583 848 lorica,
3615 793 3689 836 ac
3730 773 4019 836 munitis-

2524 871 2725 934 simus
2776 873 3038 955 clypeus
3086 874 3401 936 universis
3450 873 3847 935 infestatione
3888 873 4017 934 dae-

2526 987 2790 1032 monum
2825 970 3277 1033 laborantibus.
3311 970 3677 1033 versiculus
3718 972 3831 1034 iste
3866 989 4019 1032 con·

2524 1069 2777 1131 stitutos
2828 1069 2891 1130 in
2945 1070 3261 1132 anxietate
3302 1078 3365 1131 et
3404 1070 3621 1132 acedia
3657 1069 3870 1143 animi,
3902 1075 4019 1129 aut

2525 1167 2855 1248 depressos
2902 1167 3159 1230 tristitia
3195 1169 3298 1230 vel
3342 1167 3825 1248 cogitationibus
3864 1167 4017 1249 qui-

2524 1264 2946 1347 buscumque,
3000 1285 3127 1329 non
3179 1267 3491 1348 permittit
3541 1267 3865 1348 desperare
3918 1284 4017 1326 sa·

2524 1363 2675 1425 lutis
2716 1366 3038 1444 remedia;
3081 1366 3191 1427 sed
3229 1366 3509 1428 ostendit
3547 1366 3715 1447 quod
3755 1365 3857 1426 ille
3899 1365 4015 1448 qui

2524 1461 2873 1536 invocatur,
2909 1471 3123 1526 nostra
3162 1465 3510 1526 certamina
3541 1463 3777 1545 jugiter
3814 1464 4018 1526 intue-

2521 1568 2646 1635 tur,
2682 1579 2797 1622 nec
2829 1562 2960 1624 suis
2992 1563 3165 1624 deest
3198 1561 3618 1644 supplicibus,
3655 1563 4019 1624 versiculus

2524 1659 2641 1721 iste
2672 1661 2959 1722 hortatur
2988 1679 3103 1722 nos
3144 1661 3209 1723 in
3244 1661 3687 1742 spiritualibus
3716 1661 4021 1722 successi·

2523 1757 2643 1820 bus
2672 1777 2745 1820 ac
2775 1759 3026 1840 gaudiis
3060 1760 3439 1823 constitutos
3481 1778 3875 1842 nequaquam
3906 1760 4017 1821 de-

913 1860 1087 1921 nitur
1129 1859 1311 1922 vobis
1357 1858 1631 1921 formula
1673 1857 2030 1938 disciplinae
2074 1864 2136 1917 et
2179 1855 2407 1917 oratio·
2445 1857 2492 1918 B
2524 1855 2674 1919 bere
2733 1858 2973 1932 extolli,
3037 1877 3243 1940 neque
3305 1858 3517 1920 inflari
3579 1859 3657 1920 de
3716 1875 4018 1940 prospero

912 1959 1012 2021 nis
1059 1977 1252 2040 quam
1301 1957 1606 2039 quaeritiS,
1651 1975 1842 2038 quam
1889 1954 2229 2017 formulam
2269 1953 2409 2036 qui-

915 2057 1069 2120 libet
1127 2057 1475 2119 monachus
1546 2055 1810 2117 tendens
1877 2055 1956 2116 ad
2012 2054 2234 2135 jugem
2298 2052 2408 2114 Dei

917 2155 1311 2227 memoriam,
1344 2154 1678 2216 ascendat*
1716 2171 1791 2214 ac
1844 2151 2279 2234 apprehendat
2320 2152 2411 2212 in-

915 2253 1205 2316 cessabili
1253 2251 1461 2314 cordis
1505 2250 1921 2325 revolutione,
1963 2250 2231 2332 expulsa
2267 2268 2408 2311 eva-

911 2353 1239 2434 gationum
1279 2351 1568 2413 omnium
1606 2350 1927 2422 varietate,
1962 2349 2114 2431 quia
2149 2367 2267 2410 nec
2296 2348 2409 2409 ali-

911 2460 1008 2514 ter
1055 2449 1288 2534 poterit
1334 2449 1548 2531 aliquo
1595 2449 1781 2511 modo
1825 2466 1966 2510 eam
2010 2455 2249 2520 tenere,
2282 2445 2407 2509 nisi

912 2549 939 2612 l'
943 2550 1105 2612 uerit
1141 2549 1470 2611 absolutus
1509 2547 1589 2609 ab
1629 2546 1930 2608 omnibus
1966 2545 2404 2628 corporalibus

911 2649 1082 2711 curis
1117 2666 1130 2710 :
1170 2668 1311 2730 quae
1351 2647 1554 2709 forma
1597 2646 1764 2708 sicut
1809 2644 1993 2707 nobis
2041 2651 2137 2705 est
2180 2644 2409 2706 tradita

908 2766 945 2809 a
1001 2747 1222 2830 paucis
1279 2745 1873 2827 antiquissimorum
1931 2743 2187 2806 Patrum
2248 2742 2404 2804 resi-

909 2847 1075 2920 duis,
1129 2846 1216 2908 ita
1261 2864 1298 2906 a
1348 2844 1531 2906 nobis
1587 2861 1716 2906 non
1776 2850 2091 2904 reseratur
2140 2840 2265 2903 nisi
2313 2860 2408 2902 ra-

911 2944 1182 3007 rissimis
1239 2963 1313 3005 ac
1361 2962 1509 3005 vere
1559 2941 1944 3004 sitientibus.
1999 2941 2142 3002 Haec
2194 2940 2405 3021 itaque

2522 1963 2711 2030 statu,
2756 1976 2947 2038 quem
2988 1965 3255 2019 testatur
3294 1957 3433 2019 sine
3473 1958 3584 2019 Dei
3630 1956 4017 2039 protectione

2523 2053 2781 2116 retineri
2823 2073 2948 2116 non
2993 2073 3198 2136 posse,
3232 2055 3387 2117 dum
3429 2074 3577 2116 eum
3622 2054 3915 2136 implorat
3946 2061 4017 2114 ut

2522 2152 2646 2214 sibi
2705 2153 3048 2215 auxilietur
3108 2172 3233 2216 non
3298 2153 3506 2216 solum
3570 2171 3843 2235 semper,
3905 2153 4015 2214 sed

2522 2251 2675 2313 item
2735 2252 3056 2314 velociter.
3120 2253 3263 2324 Iste,
3328 2253 3612 2333 inquam,
3664 2250 4018 2314 versiculus

2521 2351 2915 2412 necessarius
2961 2370 3035 2413 ac
3081 2352 3255 2414 utilis
3300 2351 3627 2413 invenitur
3668 2350 4018 2431 unicuique

2520 2456 2809 2511 nostrum
2852 2449 2917 2510 in
2958 2468 3361 2531 quacumque
3403 2449 3823 2531 dispositione
3858 2448 4018 2511 loca-

2520 2554 2601 2608 to.
2636 2547 2794 2609 Nam
2826 2547 2937 2629 qui
2968 2547 3285 2610 desiderat
3313 2567 3381 2610 se
3417 2566 3671 2629 semper
3699 2555 3763 2609 et
3792 2547 3861 2608 in
3888 2563 4022 2608 om-

2521 2644 2711 2706 nibus
2759 2646 3071 2726 adjuvari,
3128 2645 3491 2709 manifestat
3532 2645 3703 2729 quod
3750 2663 3881 2734 non
3926 2662 4021 2706 so-

2521 2744 2653 2805 lum
2688 2743 2967 2824 indigeat
3006 2745 3323 2825 adjutorio
3362 2745 3475 2807 Dei
3520 2745 3585 2807 in
3622 2743 3909 2806 adversis
3946 2761 4019 2804 ac

2522 2842 2830 2917 tristibuS,
2863 2842 2974 2904 sed
3008 2843 3201 2904 etiarn
3241 2843 3376 2924 pari
3422 2843 3609 2905 modo
3650 2842 3716 2903 in
3757 2859 4019 2924 prospe-

2520 2940 2607 3002 ris
2646 2948 2709 3002 et
2744 2939 3047 3020 jucundis
3083 2959 3097 3004 :
3144 2948 3214 3002 ut
3254 2941 3422 3003 sicut
3460 2940 3651 3003 faciat
3686 2959 3837 3002 eum
3881 2940 4018 3001 erui

910 3042 1184 3106 formula
1232 3041 1486 3124 pietatis
1536 3041 1620 3103 sit
1668 3038 2176 3122 inseparabiliter
2221 3037 2407 3099 nobis
2446 3038 2489 3101 C
2520 3056 2596 3099 ex
2646 3038 2950 3111 adversiS,
2995 3038 3088 3100 sic
3129 3037 3319 3100 faciat
3358 3057 3509 3101 eum
3550 3038 3912 3101 conservari
3954 3038 4021 3098 in

911 3142 1257 3224 proposita,
1318 3140 1395 3201 ad
1458 3138 1912 3220 possidendum
1983 3137 2406 3198 incessantem

912 3248 1413 3322 perpetuamque
1464 3237 1572 3299 Dei
1629 3235 2002 3298 memoriam
2049 3252 2062 3296 ε
2104 3235 2293 3308 DeuS‚
2342 3234 2407 3295 in

910 3337 1302 3419 adjutorium
1363 3354 1576 3397 meum
1638 3335 1936 3412 intende3
1986 3333 2277 3405 Domine,
2330 3333 2407 3394 ad

911 3436 1345 3517 adjuvandum
1387 3452 1487 3495 me
1527 3433 1775 3495 festina.
1813 3433 1925 3494 Hic
1961 3450 2239 3513 namque
2270 3449 2407 3493 ver-

911 3534 1154 3596 siculus
1192 3550 1320 3595 non
1363 3531 1682 3594 immerito
1717 3538 2056 3612 excerptus
2095 3537 2191 3592 est
2222 3537 2285 3591 et
2312 3548 2408 3591 as-

909 3640 1206 3714 sumptus
1263 3632 1340 3693 de
1401 3638 1532 3692 toto
1589 3646 1853 3710 corpore
1909 3629 2403 3709 Scripturarum.

909 3731 1156 3812 Recipit
1206 3747 1480 3812 namque
1528 3747 1750 3791 omnes
1794 3725 2064 3789 affectus
2108 3727 2219 3808 qui
2266 3745 2408 3808 pos-

910 3838 1059 3891 sunt
1106 3829 1400 3891 humanae
1458 3835 1698 3890 naturae
1749 3825 1991 3900 inferri,
2039 3833 2102 3886 et
2151 3825 2407 3907 proprie

909 3928 1061 3991 satis
1091 3947 1164 3990 ac
1195 3934 1632 4008 competenter
1660 3932 1916 4006 aptatur
1957 3932 2020 3986 et
2052 3924 2411 4006 applicatur

909 4029 987 4090 ad
1028 4045 1286 4090 omnem
1327 4033 1562 4088 statum
1601 4043 1674 4086 ac
1715 4024 2046 4085 universos
2091 4022 2404 4084 incursus,

912 4126 1206 4190 Continet
1247 4124 1488 4207 quippe
1529 4122 1996 4184 invocationem
2037 4120 2146 4182 Dei
2194 4127 2412 4181 contra

2523 3136 2865 3218 prosperiS,
2891 3137 3101 3198 sciens
3133 3134 3542 3218 fragilitatem
3572 3136 3919 3199 humanam
3954 3135 4020 3198 in

2522 3243 2746 3297 neutro
2796 3252 2981 3316 posse
3031 3234 3378 3297 subsistere
3426 3235 3565 3296 sine
3614 3235 3833 3297 divina
3876 3233 4025 3296 sub-

2520 3334 2832 3396 ventione.
2868 3333 3161 3396 Passione
3190 3334 3355 3414 gulae
3390 3333 3807 3415 perstringor,
3841 3331 4022 3394 cibos

2520 3439 2669 3514 opto
2713 3450 2871 3513 quos
2916 3433 3237 3493 desertum
3284 3450 3409 3494 non
3454 3432 3666 3504 habet,
3707 3439 3899 3514 atque
3954 3431 4023 3492 in

2521 3530 2811 3611 squalida
2858 3531 3199 3594 solitudine
3245 3532 3621 3611 ingeruntur
3666 3531 3826 3592 mihi
3872 3531 4027 3592 odo-

2521 3647 2620 3690 res
2665 3629 2973 3710 regalium
3014 3628 3425 3702 ferculorum,
3459 3647 3813 3710 eorumque
3862 3629 4027 3690 desi·

2521 3728 2699 3790 derio
2736 3729 2941 3790 sentio
2982 3747 3083 3789 me
3126 3727 3582 3790 invitissimum
3625 3727 3831 3805 trahi3
3876 3744 4027 3789 mox

2524 3826 2737 3908 itaque
2766 3826 2978 3888 dicere
3014 3826 3215 3888 debeo
3251 3843 3265 3887 ε
3301 3827 3487 3900 DeuS,
3524 3825 3591 3887 in
3627 3825 4023 3906 adjutorium

2526 3945 2738 3987 meum
2783 3924 3081 4004 intende;
3114 3925 3403 3998 Domine,
3436 3925 3514 3987 ad
3559 3924 4017 4005 adjuvandum,

2524 4031 2641 4086 etc.
2677 4024 2946 4104 Instigor
2987 4024 3337 4106 praevenire
3384 4024 3605 4086 horam
3654 4022 4021 4085 reiectionis

2526 4121 2877 4202 praefixam,
2930 4129 2993 4184 et
3050 4141 3198 4183 cum
3256 4123 3477 4203 grandi
3538 4122 3747 4185 cordis
3805 4121 4019 4183 dolore

911 4225 1216 4306 pericula,
1271 4222 1554 4286 continet
1612 4220 2040 4282 humilitatem
2091 4219 2217 4301 piae
2264 4237 2409 4280 con·
2442 4229 2491 4290 D
2519 4219 2757 4299 justam
2820 4239 2894 4282 ac
2956 4221 3207 4283 solitam
3266 4222 3639 4302 parcitatem
3696 4219 4016 4294 observo;

910 4324 1228 4396 sessionis,
1263 4321 1657 4402 vigilantiam
1707 4317 2058 4400 spiritualis
2103 4317 2411 4379 sollicitu-

911 4423 1079 4485 dinis
1112 4421 1532 4504 perpetuique
1564 4418 1830 4490 timoris‚
1847 4417 2411 4479 considerationem

911 4521 1182 4603 propriae
1213 4518 1592 4600 fragilitatiS,
1613 4516 2070 4579 confidentiam
2102 4515 2412 4577 exauditi-

911 4619 1073 4692 oni3‚
1105 4627 1296 4700 atque
1335 4616 1663 4699 praesentis
1702 4633 1774 4676 ac
1815 4632 2073 4694 semper
2101 4613 2409 4675 adstantis

913 4716 1115 4779 divini
1145 4714 1436 4778 subsidii.
1473 4713 1712 4795 Nempe
1745 4712 1856 4794 qui
1884 4711 2124 4792 jugiter
2159 4711 2411 4774 invocat

915 4835 1104 4878 suum
1136 4821 1580 4897 protectorem,
1611 4819 1820 4873 certus
1851 4818 1947 4872 est
1975 4829 2122 4871 eum
2156 4829 2411 4891 semper

917 4934 1056 4978 esse
1108 4920 1503 4996 praesentem.
1540 4911 1831 4975 Continet
1885 4928 2139 4992 quoque
2192 4909 2412 4972 carita-

918 5015 1000 5077 tis
1046 5014 1360 5086 ardorem‚
1409 5011 1785 5074 insidiarum
1833 5009 2407 5071 considerationem

921 5122 983 5176 et
1014 5113 1424 5176 inimicorum
1455 5111 1771 5184 timorem,
1806 5109 2042 5191 quibus
2075 5109 2299 5171 videns
2345 5128 2410 5170 se

921 5213 1226 5276 vallatum
1265 5211 1370 5274 die
1413 5228 1486 5272 ac
1529 5217 1734 5282 nocte,
1773 5208 2007 5271 fatetur
2045 5227 2112 5269 se
2154 5207 2409 5270 liberari

921 5329 1049 5375 non
1093 5329 1279 5394 posse
1320 5309 1560 5392 absque
1605 5308 1703 5370 sui
1749 5306 2102 5370 defensoris
2145 5306 2406 5369 auxilio.

2527 4336 2670 4381 mox
2717 4338 2864 4380 cum
2908 4320 3149 4400 gemitu
3194 4318 3395 4381 debeo
3440 4319 3711 4381 clamare
3766 4336 3780 4379 :
3830 4319 4015 4390 DeuS,

2525 4417 2589 4478 in
2619 4417 3008 4498 adjutorium
3042 4435 3255 4479 meum
3288 4417 3544 4479 intende
3570 4435 3586 4494 3
3618 4416 3907 4488 Domine,
3939 4415 4016 4476 ad

2522 4517 2978 4597 adjuvandum,
3010 4524 3129 4577 etc.
3162 4515 3495 4578 Lassitudo
3534 4515 3843 4578 stomachi
3875 4532 4017 4596 pro-

2523 4614 2701 4677 hibet
2747 4635 2847 4677 me
2888 4614 3280 4695 indigentem
3322 4613 3817 4676 districtioribus
3850 4613 4018 4694 jeju-

2522 4713 2649 4775 niis
2700 4721 2956 4795 propter
3010 4713 3559 4795 impugnationem
3620 4712 3849 4786 carnis,
3904 4729 4019 4774 seu

2525 4813 2765 4874 ventris
2810 4813 3069 4874 ariditas
3100 4821 3309 4894 atque
3354 4813 3721 4874 constrictio
3765 4829 3867 4872 me
3910 4811 4021 4872 de—

2527 4919 2757 4990 terret3
2800 4918 3113 4993 quatenus
3160 4911 3479 4973 tribuatur
3518 4911 3830 4973 desiderio
3874 4928 4021 4972 meo

2525 5009 2692 5091 quod
2744 5010 2944 5092 cupit,
2976 5010 3077 5071 vel
3124 5018 3293 5071 certe
3342 5016 3411 5071 ut
3450 5010 3704 5072 ardores
3748 5008 4021 5070 carnalis

2526 5108 3059 5189 concupiscentiae
3110 5108 3449 5170 credantur
3498 5108 3827 5189 quiescere
3872 5107 4022 5169 abs-

2526 5225 2651 5289 que
2718 5207 3119 5269 districtioris
3183 5207 3411 5287 jejunii
3490 5214 4019 5288 temperamento,

2524 5323 2703 5369 orare
2758 5323 2905 5368 mox
2954 5305 3155 5368 debeo
3205 5325 3219 5369 :
3271 5306 3462 5379 Deus,
3515 5306 3581 5368 in
3628 5305 4023 5386 adjutorium
