4359 6267
884 493 1004 562 304

1288 732 1790 798 CAPITULUM
1859 731 1976 795 VI.

1068 884 1154 940 De
1183 881 1670 956 imperfectorum
1701 879 2114 936 instabilitate
2141 885 2199 934 et

1458 972 1809 1028 mutatione.

1015 1172 1264 1234 OLENT
1324 1171 1564 1253 quippe
1625 1170 1734 1252 qui
1794 1170 2077 1232 nondum
2137 1168 2383 1230 fundati

1033 1279 1182 1333 sunt
1212 1271 1276 1332 in
1309 1269 1704 1351 professione
1735 1277 2004 1350 arrepta,
2038 1287 2237 1349 quum
2278 1286 2384 1328 au-

890 1371 1124 1432 dierint
1154 1370 1461 1452 quosdam
1503 1369 1570 1430 in
1603 1367 1871 1430 diversis
1913 1367 2140 1429 studiis
2175 1373 2239 1428 et
2269 1373 2387 1428 sta-

889 1468 1062 1530 tibus
1124 1475 1312 1549 atque
1374 1466 1720 1529 virtutibus
1783 1465 2237 1535 commendari,
2302 1461 2388 1524 ita

889 1585 1110 1629 eorum
1151 1565 1462 1647 exemplis
1502 1573 1564 1627 et
1603 1565 1788 1627 laude
1828 1562 2110 1638 accendi,
2147 1571 2215 1624 ut
2248 1579 2389 1644 pro-

890 1666 1060 1727 tinus
1109 1665 1370 1746 cupiant-
1415 1664 1593 1746 sequi
1641 1663 2037 1726 vocationem
2081 1680 2154 1723 ac
2199 1661 2386 1722 disci—

888 1763 1129 1845 plinam
1175 1780 1414 1826 eorum.
1462 1765 1529 1824 ln
1574 1780 1702 1842 quo
1750 1762 2027 1823 humana
2075 1759 2385 1841 fragilitas

1566 512 1982 559 COLLATIONUM
2025 513 2109 557 SS.
2145 511 2388 556 PATRUM
2428 509 2603 555 umen
2646 511 2707 554 ll.
2754 529 2835 538 —
2874 508 3160 556 COLLATm
3200 509 3304 555 xlv

2410 679 2461 743 A
2491 680 2823 743 obsessum
2867 680 3201 754 daemonio,
3243 680 3413 762 quod
3454 679 3880 761 adjurationes
3918 687 3981 742 et

2490 779 2808 859 jussiones
2854 779 3109 842 Joannis
3156 779 3465 861 despexit,
3517 787 3867 861 protestans
3914 799 3982 842 se

2494 898 2896 961 nequaquam
2928 879 3249 940 exiturum
3280 899 3317 940 a
3347 896 3611 961 corpore
3639 879 3803 961 quod
3840 897 3983 961 pos—

2494 979 2678 1053 sedit,
2720 978 2797 1040 ad
2840 978 3099 1040 Joannis
3142 977 3521 1059 imperium3
3560 978 3669 1040 sed
3710 978 3982 1040 adventu

2495 1077 2615 1140 viri
2669 1077 2841 1139 illius
2899 1063 3219 1140 saecularis
3278 1077 3365 1139 ita
3412 1077 3817 1159 perterritum
3864 1086 3980 1148 est,

2494 1176 2662 1258 quod
2740 1193 2886 1237 cum
2966 1174 3481 1236 reverentissima
3557 1174 3984 1238 nominatione

2498 1273 2697 1356 ipsius
2746 1291 2889 1336 mox
2933 1271 3115 1354 fugit.
3158 1273 3353 1355 Cujus
3396 1273 3518 1335 viri
3564 1281 3687 1336 tam
3729 1273 3983 1335 eviden-

2496 1381 2624 1434 tem
2652 1372 2954 1435 virtutem
2984 1379 3048 1434 et
3072 1372 3337 1453 gratiam
3369 1372 3566 1435 abbas
3588 1373 3853 1435 Joannes
3882 1392 3983 1434 ve-

2496 1471 2827 1533 hementer
2854 1470 3195 1544 admirans,
3230 1471 3580 1552 praesertim
3617 1490 3816 1552 quum
3855 1489 3983 1533 cer-

2496 1578 2673 1632 neret
2704 1589 2851 1632 eum
2884 1570 3105 1632 habitu
3138 1570 3421 1632 saeculari
3450 1571 3772 1643 vestitum,
3792 1571 3981 1651 coepit

2494 1669 2575 1730 ab
2600 1687 2676 1731 eo
2703 1668 3039 1750 diligenter
3066 1669 3388 1750 inquirere
3414 1668 3782 1750 qualitatem
3806 1676 3869 1731 et
3890 1687 3983 1732 or-

2497 1768 2711 1830 dinem
2745 1787 2874 1830 suae
2905 1766 3068 1828 vitae.
3104 1767 3217 1840 Qui
3252 1786 3451 1848 quum
3484 1767 3889 1849 responderet
3918 1789 3981 1832 se

889 1863 1201 1944 impendit
1251 1880 1460 1924 cassos
1511 1869 1794 1934 conatus,
1840 1879 2036 1942 quum
2093 1858 2385 1940 impossi-
2420 1864 2468 1928 Β
2496 1885 2635 1928 esse
2666 1866 3032 1929 saecularem
3062 1873 3127 1927 et
3156 1867 3791 1940 uxoratum,Joannes
3822 1887 3987 1930 men-

887 1961 1016 2024 bile
1066 1961 1148 2023 sit
1195 1980 1396 2022 unum
1445 1959 1870 2040 eumdemque
1919 1958 2247 2021 hominem
2306 1957 2386 2018 si-

890 2059 1025 2122 mul
1055 2059 1298 2140 fulgere
1331 2058 1646 2122 universis
1677 2058 1860 2120 donis
1891 2065 1952 2120 et
1975 2056 2225 2118 actibus
2252 2056 2382 2136 jam

891 2157 1186 2240 praefatis.
1223 2158 1387 2231 Quos
1429 2157 1482 2219 si
1521 2157 1667 2239 quis
1707 2154 1977 2218 voluerit
2019 2154 2257 2237 pariter
2294 2153 2383 2214 af-

891 2256 1147 2330 fectare,
1200 2274 1458 2318 necesse
1508 2263 1602 2318 est
1649 2256 1726 2317 ad
1776 2255 1895 2316 hoc
1943 2254 2265 2329 devenire,
2318 2263 2387 2316 ut

891 2356 1042 2417 dum
1077 2373 1297 2417 omnes
1332 2355 1642 2435 sequitur,
1677 2353 1924 2415 nullum
1967 2352 2209 2434 integre
2240 2371 2389 2415 con-

891 2461 1212 2536 sequatur,
1256 2460 1445 2535 atque
1489 2471 1565 2514 ex
1613 2453 1729 2514 hac
1780 2451 2131 2514 mutatione
2178 2452 2387 2534 capiat

891 2551 1345 2615 detrimentum
1377 2551 1587 2632 potius
1617 2569 1808 2632 quam
1842 2549 2388 2632 profectum.Mul-

890 2650 970 2712 tis
1021 2649 1258 2712 etenim
1309 2648 1430 2710 viis
1479 2649 1558 2711 ad
1609 2649 1807 2711 Deum
1859 2647 2140 2710 tenditur
2186 2666 2199 2710 :
2245 2649 2387 2711 ideo

893 2749 1334 2832 unusquisque
1394 2747 1893 2811 irrevocabiliter
1941 2747 2255 2828 compleat
2312 2747 2385 2808 il-

891 2849 1016 2911 lam
1063 2867 1287 2910 cursus
1330 2847 1429 2909 sui
1479 2846 1898 2909 intentionem
1947 2866 2137 2927 quarn
2189 2846 2385 2908 semel

889 2947 1182 3029 arripuit,
1203 2955 1273 3008 ut
1302 2947 1384 3009 sit
1415 2947 1480 3008 in
1512 2945 1798 3028 qualibet
1828 2945 2222 3028 professione
2256 2964 2390 3028 per-

887 3046 1111 3112 fectus.

1279 3291 1782 3355 CAPITULUM
1845 3289 1994 3353 VII.

893 3452 1252 3524 Exemplum
1278 3451 1585 3506 castitatis
1613 3465 1730 3523 quo
1759 3449 2006 3505 docetur
2033 3464 2152 3504 non
2184 3450 2387 3504 omnia

1179 3556 1302 3596 esse
1331 3539 1408 3596 ab
1439 3539 1714 3596 omnibus
1743 3538 2105 3595 oemttlanda.

1036 3740 1280 3814 BSQUE
1337 3739 1448 3801 illo
1493 3738 1730 3801 etenim
1790 3739 2170 3804 detrimento
2219 3742 2387 3822 quod

1049 3839 1182 3920 jam
1215 3837 1494 3900 diximus
1525 3837 1805 3900 incidere
1837 3840 2243 3913 monachum,
2277 3841 2388 3922 qui

896 3938 1128 4001 mentis
1168 3936 1520 4000 mobilitate
1561 3936 1738 4018 cupit
1771 3936 1847 3998 ad
1887 3955 2081 4019 opera
2119 3939 2391 4000 diversa-

895 4056 1037 4099 rum
1080 4036 1484 4100 vocationum
1525 4035 1816 4108 transire,
1849 4035 2042 4097 etiam
2086 4037 2239 4098 hinc
2283 4056 2389 4118 pe-

894 4135 1170 4198 riculum
1217 4135 1440 4198 mortis
1485 4134 1853 4208 incurritur,
1888 4135 2056 4216 quod
2101 4135 2315 4217 aliqua
2355 4156 2391 4198 a

2499 1973 2557 2027 te
2592 1972 2979 2046 pertractans
3009 1962 3451 2026 excellentiam
3478 1965 3733 2028 virtutis
3762 1985 3833 2028 ac
3860 1985 3987 2048 gra-

2494 2064 2599 2126 tiae
2640 2063 2802 2144 ejuS,
2831 2063 3132 2126 attentius
3174 2063 3578 2145 investigavit
3619 2067 3988 2128 conversati-

2494 2180 2680 2225 onem
2734 2162 2956 2244 ipsius.
3004 2162 3120 2235 Qui
3173 2161 3519 2224 testabatur
3566 2183 3633 2225 se
3680 2165 3983 2227 rusticum

2494 2280 2655 2335 esse,
2706 2259 3277 2342 quotidianumque
3324 2261 3565 2322 victum
3627 2279 3814 2344 opere
3862 2282 3983 2326 ma-

2497 2379 2695 2422 nuum
2742 2379 3045 2440 quir-rere,
3080 2377 3198 2421 nec
3241 2345 3516 2440 alicujus
3558 2360 3707 2422 boni
3748 2361 3813 2423 in
3851 2382 3983 2425 sese

2494 2478 2633 2521 esse
2682 2457 3033 2532 conscium,
3075 2459 3198 2520 nisi
3250 2459 3419 2540 quod
3470 2460 3548 2523 de
3602 2478 3785 2523 mane
3831 2482 3984 2524 nun·

2496 2577 2687 2639 quam
2732 2557 3102 2638 procederet
3147 2558 3223 2618 ad
3266 2559 3619 2621 exercenda
3658 2577 3845 2642 opera
3886 2580 3982 2622 ru-

2496 2656 2758 2731 sticana,
2793 2674 3000 2738 neque
3030 2657 3108 2719 de
3137 2675 3403 2738 vespere
3433 2657 3695 2720 domum
3736 2659 3981 2728 rediret,

2497 2755 2620 2817 nisi
2668 2755 2845 2837 prius
2887 2754 2953 2816 in
2993 2755 3265 2817 ecclesia
3303 2754 3568 2818 referret
3596 2757 3827 2837 gratias
3862 2758 3985 2820 Deo

2498 2872 2614 2936 pro
2652 2853 2826 2916 victu
2870 2854 3281 2935 quotidiano:
3324 2873 3442 2916 nec
3488 2874 3771 2936 unquam
3814 2876 3984 2918 usur-

2498 2971 2647 3034 pare
2708 2971 2774 3014 se
2832 2951 3075 3034 aliquid
3134 2953 3213 3014 de
3272 2951 3589 3015 fruet-ibus
3655 2955 3809 3023 suis,
3868 2955 3983 3016 nisi

2423 3052 2467 3115 C
2498 3052 2676 3135 prius
2716 3050 2979 3115 offerret
3008 3051 3137 3114 Deo
3178 3051 3493 3133 primitias
3534 3069 3755 3114 eorum
3786 3073 3857 3116 ac
3887 3055 3984 3116 de-

2498 3152 2727 3229 cimas3
2761 3170 2878 3214 nec
2910 3169 3193 3232 unquam
3225 3150 3483 3213 duxisse
3514 3171 3582 3214 se
3614 3151 3808 3215 boves
3846 3172 3985 3216 suos

2498 3270 2613 3332 per
2652 3267 2833 3331 agros
2874 3268 3240 3330 messesque
3279 3249 3571 3324 aliorum,
3606 3251 3729 3313 nisi
3760 3269 3868 3314 ora
3893 3270 3986 3314 eo-

2498 3369 2641 3410 rum
2673 3347 2851 3430 prius
2893 3347 3136 3428 ligaret,
3172 3367 3251 3410 ne
3292 3348 3567 3430 proximi
3608 3349 3707 3412 sui
3737 3350 3838 3412 vel
3869 3369 3986 3412 mo-

2498 3447 2713 3509 dicum
2758 3447 3062 3509 damnum
3114 3446 3513 3510 incurrerent
3556 3467 3633 3509 ex
3678 3448 3985 3530 negligen-

2499 3546 2585 3608 tia
2614 3565 2745 3607 sua.
2782 3545 3067 3627 Denique
3098 3565 3296 3627 quum
3330 3564 3447 3607 nec
3479 3545 3598 3607 ista
3630 3546 3986 3609 viderentur

2499 3644 2710 3706 abbati
2741 3644 2962 3706 Joanni
3006 3643 3230 3706 idonea
3274 3651 3567 3726 respectu
3611 3645 3827 3725 gratiae
3863 3652 3986 3707 tan·

2500 3753 2578 3806 tae
2609 3763 2734 3824 qua
2764 3742 2923 3805 vidit
2956 3742 3138 3804 illum
3171 3761 3239 3804 se
3268 3761 3407 3804 esse
3439 3742 3903 3824 perfectiorem,
3929 3751 3985 3805 ct

2500 3842 2831 3904 sciscitans
2882 3849 3271 3903 scrutaretur
3315 3841 3620 3922 quidnam
3670 3850 3836 3905 esset
3882 3861 3987 3924 per

2501 3941 2668 4024 quod
2709 3940 2866 4002 tanti
2900 3948 3064 4001 esset
3106 3940 3339 4012 meriti,
3376 3939 3484 4002 ille
3522 3940 3861 4003 adstrictus
3900 3960 3985 4002 re-

2500 4039 2784 4102 verentia
2832 4047 2961 4100 tam
3012 4037 3299 4102 sollicitae
3352 4037 3808 4120 inquisitioniS,
3854 4057 3987 4101 con-

2500 4138 2706 4200 fessus
2744 4144 2839 4199 est
2884 4156 2951 4198 se
2990 4136 3314 4218 accepisse
3354 4154 3615 4198 uxorem
3660 4145 3805 4199 ante
3847 4137 3986 4199 duo—

893 4234 1278 4316 quibusdam
1337 4242 1506 4296 recte
1555 4242 1882 4315 assumpta
1927 4253 2000 4296 ac
2049 4241 2245 4315 gesta,
2298 4235 2391 4296 in·
2422 4243 2471 4303 D
2502 4237 2709 4298 decim
2768 4253 2966 4298 annos
3016 4255 3095 4298 ex
3146 4234 3584 4317 compulsione
3637 4242 3981 4317 parentum,

896 4341 1076 4396 caute
1121 4341 1184 4395 et
1228 4350 1352 4395 non
1398 4340 1568 4395 recte
1610 4339 1997 4395 attentantur
2039 4352 2112 4394 ac
2155 4353 2391 4415 praesu-

900 4440 1161 4494 muntur
1206 4431 1288 4493 ab
1334 4431 1514 4509 aliis3
1565 4438 1626 4492 et
1670 4451 1811 4512 quae
1859 4430 2180 4513 aliquibus
2228 4431 2390 4494 bene

897 4537 1245 4603 cesserunt,
1279 4531 1643 4592 sentiuntur
1685 4538 1747 4591 et
1785 4529 1954 4592 fiunt
1995 4529 2138 4592 aliis
2184 4532 2393 4613 perni-

896 4632 1067 4692 ciosa
1115 4647 1128 4690 :
1181 4647 1412 4710 nempe
1459 4629 1558 4708 (ut
1605 4628 1882 4710 exempli
1929 4629 2129 4710 gratia
2175 4630 2391 4712 aliqua

896 4725 1342 4812 proferamus),
1366 4727 1542 4789 velut
1571 4728 1622 4789 si
1654 4727 1798 4807 quis
1830 4727 1985 4789 velit
2013 4729 2239 4790 sectari
2271 4728 2392 4790 vir·

891 4834 1093 4889 tutem
1133 4825 1255 4889 viri
1303 4825 1497 4898 illius,
1530 4845 1724 4908 quam
1769 4826 1928 4888 solet
1971 4825 2166 4889 abbas
2208 4828 2389 4889 Joan-

891 4945 1004 4988 nes
1053 4944 1330 4998 narrare‚
1381 4943 1508 4988 non
1558 4926 1636 4987 ad
1696 4924 2101 4995 imitandum,
2153 4926 2262 4988 sed
2310 4927 2388 4988 ad

892 5024 1354 5087 admirandum.
1409 5024 1674 5098 Quidam
1727 5042 2002 5106 namque
2052 5024 2116 5085 in
2166 5024 2388 5087 habitu

891 5123 1178 5186 saeculari
1219 5123 1482 5186 veniens
1519 5123 1598 5185 ad
1635 5121 1930 5184 abbatem
1967 5124 2293 5198 Joannem,
2326 5132 2390 5186 et

893 5229 1150 5303 portans
1195 5222 1253 5284 ei
1299 5222 1602 5303 quasdam
1655 5219 1910 5302 frugum
1961 5241 2220 5283 suarum
2266 5223 2391 5304 pri-

896 5319 1129 5395 mitiaS‚
1175 5321 1412 5403 reperit
1461 5319 1550 5381 ibi
1600 5319 1942 5401 quemdam
1989 5318 2389 5384 ferocissimo

2502 4355 2702 4417 quum
2743 4335 3092 4396 monachus
3133 4332 3276 4395 fieri
3306 4333 3519 4407 vellet,
3553 4353 3671 4396 nec
3710 4353 3777 4396 se
3818 4333 3982 4396 illam

2503 4453 2785 4516 unquam
2830 4432 3223 4513 cognovisse,
3266 4431 3375 4493 sed
3427 4430 3566 4494 loco
3608 4432 3840 4494 sororis
3886 4433 3982 4493 ba-

2502 4533 2652 4595 bere
2708 4551 2782 4594 ac
2840 4531 3152 4611 virginem
3216 4529 3558 4604 custodire,
3620 4531 3873 4593 nemine
3928 4530 3984 4591 id

2502 4631 2760 4694 sciente.
2805 4631 2939 4703 Quo
2988 4628 3225 4702 audito,
3270 4647 3462 4690 senex
3510 4636 3685 4691 tanta
3729 4629 3986 4691 admira-

2500 4731 2671 4792 tione
2711 4728 2992 4809 repletus
3032 4736 3149 4801 est,
3194 4734 3260 4789 ut
3303 4744 3515 4789 coram
3558 4727 3696 4790 viro
3736 4727 3847 4790 illo
3883 4748 3987 4810 pu-

2502 4828 2668 4890 blice
2717 4826 3021 4889 fateretur
3070 4826 3240 4907 quod
3290 4826 3559 4899 daemon,
3602 4844 3639 4886 a
3686 4844 3815 4907 quo
3865 4827 3989 4908 ipse

2500 4935 2634 4989 erat
2665 4927 3023 5007 despectus,
3060 4925 3286 4987 merito
3318 4924 3585 4986 tolerare
3627 4941 3755 4986 non
3797 4923 3987 5006 potuit

2502 5025 2674 5087 illius
2715 5024 3141 5107 praesentiam,
3175 5022 3360 5103 cujus
3403 5022 3703 5084 virtutem
3746 5031 3987 5104 appete-

2500 5143 2567 5185 re
2610 5124 2745 5205 ipse
2785 5141 2911 5184 non
2954 5123 3215 5184 auderet
3252 5121 3388 5183 sine
3428 5120 3735 5183 castitatis
3778 5119 3987 5183 discri-

2500 5222 2693 5294 mine,
2749 5239 2876 5283 non
2930 5220 3137 5282 solum
3192 5219 3258 5281 in
3310 5219 3667 5299 juventutis
3724 5219 3983 5291 fervore,

2500 5319 2631 5382 imo
2662 5338 2780 5383 nec
2816 5318 3002 5382 modo
3043 5318 3111 5381 in
3146 5317 3324 5383 senio
3367 5334 3501 5379 suo.
3538 5317 3717 5392 Quod
3750 5317 3981 5380 factum
