<?xml version="1.0" encoding="UTF-8"?>
<!DOCTYPE html PUBLIC "-//W3C//DTD XHTML 1.0 Transitional//EN"
    "http://www.w3.org/TR/xhtml1/DTD/xhtml1-transitional.dtd">
<html xmlns="http://www.w3.org/1999/xhtml" xml:lang="en" lang="en">
 <head>
  <title>
</title>
<meta http-equiv="Content-Type" content="text/html;charset=utf-8" />
  <meta name='ocr-system' content='tesseract 3.04.00' />
  <meta name='ocr-capabilities' content='ocr_page ocr_carea ocr_par ocr_line ocrx_word'/>
</head>
<body>
  <div class='ocr_page' id='page_1' title='image "./doctorisecstati03denigoog_0243.png"; bbox 0 0 4359 6267; ppageno 0'>
   <div class='ocr_carea' id='block_1_1' title="bbox 161 853 204 890">
    <p class='ocr_par' dir='ltr' id='par_1_1' title="bbox 161 853 204 890">
     <span class='ocr_line' id='line_1_1' title="bbox 161 853 204 890; baseline -0.047 0"><span class='ocrx_word' id='word_1_1' title='bbox 161 853 204 890; x_wconf 63' lang='lat' dir='ltr'>ll.</span> 
     </span>
    </p>
   </div>
   <div class='ocr_carea' id='block_1_2' title="bbox 158 2659 330 2768">
    <p class='ocr_par' dir='ltr' id='par_1_2' title="bbox 158 2659 330 2768">
     <span class='ocr_line' id='line_1_2' title="bbox 194 2659 330 2704; baseline 0.015 -2"><span class='ocrx_word' id='word_1_2' title='bbox 194 2659 330 2704; x_wconf 62' lang='lat' dir='ltr'>Halm.</span> 
     </span>
     <span class='ocr_line' id='line_1_3' title="bbox 158 2727 313 2768; baseline 0.032 -8"><span class='ocrx_word' id='word_1_3' title='bbox 158 2734 240 2768; x_wconf 76' lang='lat' dir='ltr'>mn.</span> <span class='ocrx_word' id='word_1_4' title='bbox 261 2727 313 2765; x_wconf 77' lang='lat' dir='ltr'>to.</span> 
     </span>
    </p>
   </div>
   <div class='ocr_carea' id='block_1_3' title="bbox 161 3255 358 3307">
    <p class='ocr_par' dir='ltr' id='par_1_3' title="bbox 161 3255 358 3307">
     <span class='ocr_line' id='line_1_4' title="bbox 161 3255 358 3307; baseline 0.025 -11"><span class='ocrx_word' id='word_1_5' title='bbox 161 3255 232 3297; x_wconf 72' lang='lat' dir='ltr'>Aet.</span> <span class='ocrx_word' id='word_1_6' title='bbox 239 3269 293 3307; x_wconf 75' lang='grc' dir='ltr'>ιιι,</span> <span class='ocrx_word' id='word_1_7' title='bbox 305 3261 318 3300; x_wconf 88' lang='lat' dir='ltr'>l</span> <span class='ocrx_word' id='word_1_8' title='bbox 325 3261 358 3301; x_wconf 84' lang='lat'>5.</span> 
     </span>
    </p>
   </div>
   <div class='ocr_carea' id='block_1_4' title="bbox 158 3647 360 3702">
    <p class='ocr_par' dir='ltr' id='par_1_4' title="bbox 158 3647 360 3702">
     <span class='ocr_line' id='line_1_5' title="bbox 158 3647 360 3702; baseline 0.02 -11"><span class='ocrx_word' id='word_1_9' title='bbox 158 3647 215 3691; x_wconf 73' lang='grc' dir='ltr'>Ιώ</span> <span class='ocrx_word' id='word_1_10' title='bbox 229 3664 262 3701; x_wconf 83' lang='lat' dir='ltr'>n,</span> <span class='ocrx_word' id='word_1_11' title='bbox 279 3657 310 3702; x_wconf 75' lang='lat'>3,</span> <span class='ocrx_word' id='word_1_12' title='bbox 325 3655 360 3696; x_wconf 76' lang='grc' dir='ltr'>δ.</span> 
     </span>
    </p>
   </div>
   <div class='ocr_carea' id='block_1_5' title="bbox 1054 507 2781 556">
    <p class='ocr_par' dir='ltr' id='par_1_5' title="bbox 1054 507 2781 556">
     <span class='ocr_line' id='line_1_6' title="bbox 1054 507 2781 556; baseline 0.001 -2"><span class='ocrx_word' id='word_1_13' title='bbox 1054 507 1472 556; x_wconf 65' lang='lat' dir='ltr'>COLLATIONUH</span> <span class='ocrx_word' id='word_1_14' title='bbox 1515 508 1600 554; x_wconf 86' lang='lat' dir='ltr'>SS.</span> <span class='ocrx_word' id='word_1_15' title='bbox 1636 508 1880 555; x_wconf 77' lang='lat' dir='ltr'>PATRtm</span> <span class='ocrx_word' id='word_1_16' title='bbox 1923 509 2097 555; x_wconf 72' lang='lat' dir='ltr'><strong>LIBER</strong></span> <span class='ocrx_word' id='word_1_17' title='bbox 2138 510 2178 555; x_wconf 91' lang='lat'>1.</span> <span class='ocrx_word' id='word_1_18' title='bbox 2226 527 2306 536; x_wconf 91' lang='grc'>·-</span> <span class='ocrx_word' id='word_1_19' title='bbox 2345 508 2632 556; x_wconf 77' lang='lat' dir='ltr'>coLLATlo</span> <span class='ocrx_word' id='word_1_20' title='bbox 2670 511 2781 556; x_wconf 86' lang='lat' dir='ltr'>vm</span> 
     </span>
    </p>
   </div>
   <div class='ocr_carea' id='block_1_6' title="bbox 3348 487 3469 557">
    <p class='ocr_par' dir='ltr' id='par_1_6' title="bbox 3348 487 3469 557">
     <span class='ocr_line' id='line_1_7' title="bbox 3348 487 3469 557; baseline 0.017 -2"><span class='ocrx_word' id='word_1_21' title='bbox 3348 487 3469 557; x_wconf 74' lang='lat'>235</span> 
     </span>
    </p>
   </div>
   <div class='ocr_carea' id='block_1_7' title="bbox 385 678 3468 763">
    <p class='ocr_par' dir='ltr' id='par_1_7' title="bbox 385 678 3468 763">
     <span class='ocr_line' id='line_1_8' title="bbox 385 678 3468 763; baseline 0.001 -25"><span class='ocrx_word' id='word_1_22' title='bbox 385 678 716 760; x_wconf 80' lang='lat' dir='ltr'><strong>imponere,</strong></span> <span class='ocrx_word' id='word_1_23' title='bbox 767 680 1148 761; x_wconf 59' lang='lat' dir='ltr'>evangelicae</span> <span class='ocrx_word' id='word_1_24' title='bbox 1207 697 1454 742; x_wconf 88' lang='lat' dir='ltr'>memor</span> <span class='ocrx_word' id='word_1_25' title='bbox 1509 679 1860 752; x_wconf 80' lang='lat' dir='ltr'>sententiae‚</span> <span class='ocrx_word' id='word_1_26' title='bbox 1892 678 1943 742; x_wconf 91' lang='lat' dir='ltr'>A</span> <span class='ocrx_word' id='word_1_27' title='bbox 1973 680 2220 761; x_wconf 83' lang='lat' dir='ltr'>experti</span> <span class='ocrx_word' id='word_1_28' title='bbox 2279 700 2393 763; x_wconf 93' lang='lat' dir='ltr'>per</span> <span class='ocrx_word' id='word_1_29' title='bbox 2453 681 2728 762; x_wconf 85' lang='lat' dir='ltr'>magicas</span> <span class='ocrx_word' id='word_1_30' title='bbox 2793 687 2960 744; x_wconf 86' lang='lat' dir='ltr'>artes</span> <span class='ocrx_word' id='word_1_31' title='bbox 3027 681 3343 754; x_wconf 88' lang='lat' dir='ltr'>inertiam,</span> <span class='ocrx_word' id='word_1_32' title='bbox 3405 686 3468 742; x_wconf 87' lang='lat' dir='ltr'>et</span> 
     </span>
    </p>
   </div>
   <div class='ocr_carea' id='block_1_8' title="bbox 227 777 1864 856">
    <p class='ocr_par' dir='ltr' id='par_1_8' title="bbox 227 777 1864 856">
     <span class='ocr_line' id='line_1_9' title="bbox 227 777 1864 856; baseline 0.002 -21"><span class='ocrx_word' id='word_1_33' title='bbox 227 797 360 833; x_wconf 66' lang='lat' dir='ltr'>ans-11.</span> <span class='ocrx_word' id='word_1_34' title='bbox 385 777 538 856; x_wconf 94' lang='lat' dir='ltr'>quod</span> <span class='ocrx_word' id='word_1_35' title='bbox 581 777 871 840; x_wconf 88' lang='lat' dir='ltr'>diabolus</span> <span class='ocrx_word' id='word_1_36' title='bbox 913 779 980 840; x_wconf 91' lang='lat' dir='ltr'>in</span> <span class='ocrx_word' id='word_1_37' title='bbox 1022 778 1287 841; x_wconf 90' lang='lat' dir='ltr'>veritate</span> <span class='ocrx_word' id='word_1_38' title='bbox 1331 797 1458 841; x_wconf 90' lang='lat' dir='ltr'>non</span> <span class='ocrx_word' id='word_1_39' title='bbox 1502 778 1698 851; x_wconf 89' lang='lat' dir='ltr'>stetit,</span> <span class='ocrx_word' id='word_1_40' title='bbox 1745 795 1864 839; x_wconf 91' lang='lat' dir='ltr'>nec</span> 
     </span>
    </p>
   </div>
   <div class='ocr_carea' id='block_1_9' title="bbox 379 876 1869 1845">
    <p class='ocr_par' dir='ltr' id='par_1_9' title="bbox 379 876 1869 1845">
     <span class='ocr_line' id='line_1_10' title="bbox 383 876 1862 959; baseline 0.001 -22"><span class='ocrx_word' id='word_1_41' title='bbox 383 883 470 937; x_wconf 86' lang='lat' dir='ltr'>est</span> <span class='ocrx_word' id='word_1_42' title='bbox 498 876 721 938; x_wconf 88' lang='lat' dir='ltr'>veritas</span> <span class='ocrx_word' id='word_1_43' title='bbox 753 877 820 938; x_wconf 91' lang='lat' dir='ltr'>in</span> <span class='ocrx_word' id='word_1_44' title='bbox 850 895 946 952; x_wconf 94' lang='lat' dir='ltr'>eo,</span> <span class='ocrx_word' id='word_1_45' title='bbox 978 884 1040 939; x_wconf 92' lang='lat' dir='ltr'>et</span> <span class='ocrx_word' id='word_1_46' title='bbox 1071 878 1241 959; x_wconf 90' lang='lat' dir='ltr'>quod</span> <span class='ocrx_word' id='word_1_47' title='bbox 1272 877 1425 939; x_wconf 90' lang='lat' dir='ltr'>dum</span> <span class='ocrx_word' id='word_1_48' title='bbox 1460 877 1862 940; x_wconf 83' lang='lat' dir='ltr'>mendacium</span> 
     </span>
     <span class='ocr_line' id='line_1_11' title="bbox 385 973 1860 1058; baseline 0.002 -24"><span class='ocrx_word' id='word_1_49' title='bbox 385 973 670 1055; x_wconf 90' lang='lat' dir='ltr'>loquitur,</span> <span class='ocrx_word' id='word_1_50' title='bbox 731 975 811 1036; x_wconf 91' lang='lat' dir='ltr'>de</span> <span class='ocrx_word' id='word_1_51' title='bbox 871 976 1131 1058; x_wconf 88' lang='lat' dir='ltr'>proprio</span> <span class='ocrx_word' id='word_1_52' title='bbox 1192 976 1496 1058; x_wconf 90' lang='lat' dir='ltr'>loquitur,</span> <span class='ocrx_word' id='word_1_53' title='bbox 1558 976 1860 1058; x_wconf 88' lang='lat' dir='ltr'>quoniam</span> 
     </span>
     <span class='ocr_line' id='line_1_12' title="bbox 385 1072 1865 1156; baseline 0.001 -23"><span class='ocrx_word' id='word_1_54' title='bbox 385 1072 636 1134; x_wconf 85' lang='lat' dir='ltr'>mendax</span> <span class='ocrx_word' id='word_1_55' title='bbox 674 1080 772 1135; x_wconf 84' lang='lat' dir='ltr'>est</span> <span class='ocrx_word' id='word_1_56' title='bbox 807 1081 872 1134; x_wconf 85' lang='lat' dir='ltr'>et.</span> <span class='ocrx_word' id='word_1_57' title='bbox 910 1081 1089 1155; x_wconf 89' lang='lat' dir='ltr'>pater</span> <span class='ocrx_word' id='word_1_58' title='bbox 1125 1075 1268 1156; x_wconf 87' lang='lat' dir='ltr'>ejus</span> <span class='ocrx_word' id='word_1_59' title='bbox 1310 1091 1325 1136; x_wconf 92' lang='lat'>:</span> <span class='ocrx_word' id='word_1_60' title='bbox 1371 1073 1651 1156; x_wconf 84' lang='lat' dir='ltr'>perrexit</span> <span class='ocrx_word' id='word_1_61' title='bbox 1689 1072 1865 1135; x_wconf 90' lang='lat' dir='ltr'>Pelu-</span> 
     </span>
     <span class='ocr_line' id='line_1_13' title="bbox 381 1171 1862 1256; baseline 0.002 -25"><span class='ocrx_word' id='word_1_62' title='bbox 381 1171 558 1245; x_wconf 88' lang='lat' dir='ltr'>sium,</span> <span class='ocrx_word' id='word_1_63' title='bbox 609 1172 716 1235; x_wconf 89' lang='lat' dir='ltr'>ubi</span> <span class='ocrx_word' id='word_1_64' title='bbox 769 1181 1030 1236; x_wconf 87' lang='lat' dir='ltr'>noverat</span> <span class='ocrx_word' id='word_1_65' title='bbox 1079 1173 1366 1236; x_wconf 89' lang='lat' dir='ltr'>habitare</span> <span class='ocrx_word' id='word_1_66' title='bbox 1427 1173 1610 1235; x_wconf 89' lang='lat' dir='ltr'>illum</span> <span class='ocrx_word' id='word_1_67' title='bbox 1669 1191 1862 1256; x_wconf 90' lang='lat' dir='ltr'>quem</span> 
     </span>
     <span class='ocr_line' id='line_1_14' title="bbox 381 1269 1864 1346; baseline 0.001 -16"><span class='ocrx_word' id='word_1_68' title='bbox 381 1269 656 1332; x_wconf 87' lang='lat' dir='ltr'>diabolus</span> <span class='ocrx_word' id='word_1_69' title='bbox 701 1272 862 1333; x_wconf 84' lang='lat' dir='ltr'>dixit</span> <span class='ocrx_word' id='word_1_70' title='bbox 905 1291 1044 1334; x_wconf 87' lang='lat' dir='ltr'>esse</span> <span class='ocrx_word' id='word_1_71' title='bbox 1089 1272 1435 1346; x_wconf 88' lang='lat' dir='ltr'>devictum,</span> <span class='ocrx_word' id='word_1_72' title='bbox 1471 1273 1576 1334; x_wconf 93' lang='lat' dir='ltr'>cui</span> <span class='ocrx_word' id='word_1_73' title='bbox 1619 1281 1685 1334; x_wconf 89' lang='lat' dir='ltr'>et</span> <span class='ocrx_word' id='word_1_74' title='bbox 1725 1273 1864 1333; x_wconf 86' lang='lat' dir='ltr'>Fra-</span> 
     </span>
     <span class='ocr_line' id='line_1_15' title="bbox 379 1369 1862 1453; baseline 0.002 -25"><span class='ocrx_word' id='word_1_75' title='bbox 379 1377 468 1429; x_wconf 88' lang='lat' dir='ltr'>ter</span> <span class='ocrx_word' id='word_1_76' title='bbox 503 1369 616 1431; x_wconf 88' lang='lat' dir='ltr'>iste</span> <span class='ocrx_word' id='word_1_77' title='bbox 656 1377 790 1431; x_wconf 90' lang='lat' dir='ltr'>erat</span> <span class='ocrx_word' id='word_1_78' title='bbox 833 1369 1225 1432; x_wconf 81' lang='lat' dir='ltr'>notissimus,</span> <span class='ocrx_word' id='word_1_79' title='bbox 1274 1371 1474 1444; x_wconf 84' lang='lat' dir='ltr'><strong>Quem</strong></span> <span class='ocrx_word' id='word_1_80' title='bbox 1520 1389 1721 1453; x_wconf 92' lang='lat' dir='ltr'>quum</span> <span class='ocrx_word' id='word_1_81' title='bbox 1768 1389 1862 1432; x_wconf 85' lang='lat' dir='ltr'>re-</span> 
     </span>
     <span class='ocr_line' id='line_1_16' title="bbox 379 1465 1865 1550; baseline 0.001 -24"><span class='ocrx_word' id='word_1_82' title='bbox 379 1465 684 1546; x_wconf 89' lang='lat' dir='ltr'>quisisset,</span> <span class='ocrx_word' id='word_1_83' title='bbox 734 1466 982 1530; x_wconf 92' lang='lat' dir='ltr'>invenit</span> <span class='ocrx_word' id='word_1_84' title='bbox 1022 1468 1194 1549; x_wconf 94' lang='lat' dir='ltr'>quod</span> <span class='ocrx_word' id='word_1_85' title='bbox 1239 1470 1461 1530; x_wconf 88' lang='lat' dir='ltr'>eadem</span> <span class='ocrx_word' id='word_1_86' title='bbox 1508 1477 1695 1531; x_wconf 90' lang='lat' dir='ltr'>nocte</span> <span class='ocrx_word' id='word_1_87' title='bbox 1740 1487 1865 1550; x_wconf 91' lang='lat' dir='ltr'>qua</span> 
     </span>
     <span class='ocr_line' id='line_1_17' title="bbox 379 1563 1866 1647; baseline 0.001 -21"><span class='ocrx_word' id='word_1_88' title='bbox 379 1563 607 1626; x_wconf 82' lang='lat' dir='ltr'>dixerat</span> <span class='ocrx_word' id='word_1_89' title='bbox 637 1565 906 1640; x_wconf 59' lang='lat' dir='ltr'>daemon,</span> <span class='ocrx_word' id='word_1_90' title='bbox 941 1567 1384 1647; x_wconf 85' lang='lat' dir='ltr'>supplantatus</span> <span class='ocrx_word' id='word_1_91' title='bbox 1415 1565 1684 1644; x_wconf 85' lang='lat' dir='ltr'>fuisset3</span> <span class='ocrx_word' id='word_1_92' title='bbox 1717 1585 1866 1628; x_wconf 91' lang='lat' dir='ltr'>nam</span> 
     </span>
     <span class='ocr_line' id='line_1_18' title="bbox 381 1663 1869 1744; baseline 0.001 -20"><span class='ocrx_word' id='word_1_93' title='bbox 381 1663 637 1744; x_wconf 90' lang='lat' dir='ltr'>pristino</span> <span class='ocrx_word' id='word_1_94' title='bbox 683 1665 1069 1727; x_wconf 89' lang='lat' dir='ltr'>monasterio</span> <span class='ocrx_word' id='word_1_95' title='bbox 1118 1665 1440 1738; x_wconf 86' lang='lat' dir='ltr'>derelicto,</span> <span class='ocrx_word' id='word_1_96' title='bbox 1490 1665 1869 1727; x_wconf 90' lang='lat' dir='ltr'>miserabili-</span> 
     </span>
     <span class='ocr_line' id='line_1_19' title="bbox 384 1763 1554 1845; baseline 0.002 -23"><span class='ocrx_word' id='word_1_97' title='bbox 384 1767 472 1822; x_wconf 86' lang='lat' dir='ltr'>ter</span> <span class='ocrx_word' id='word_1_98' title='bbox 510 1763 744 1826; x_wconf 91' lang='lat' dir='ltr'>corruit</span> <span class='ocrx_word' id='word_1_99' title='bbox 789 1781 938 1825; x_wconf 89' lang='lat' dir='ltr'>cum</span> <span class='ocrx_word' id='word_1_100' title='bbox 982 1770 1281 1845; x_wconf 84' lang='lat' dir='ltr'>praetacta</span> <span class='ocrx_word' id='word_1_101' title='bbox 1323 1763 1554 1845; x_wconf 90' lang='lat' dir='ltr'>puella.</span> 
     </span>
    </p>
   </div>
   <div class='ocr_carea' id='block_1_10' title="bbox 717 1991 1512 2056">
    <p class='ocr_par' dir='ltr' id='par_1_10' title="bbox 717 1991 1512 2056">
     <span class='ocr_line' id='line_1_20' title="bbox 717 1991 1512 2056; baseline 0.001 -1"><span class='ocrx_word' id='word_1_102' title='bbox 717 1991 1228 2056; x_wconf 82' lang='lat' dir='ltr'>CAPITULUM</span> <span class='ocrx_word' id='word_1_103' title='bbox 1294 1993 1512 2056; x_wconf 91' lang='lat' dir='ltr'>XVII.</span> 
     </span>
    </p>
   </div>
   <div class='ocr_carea' id='block_1_11' title="bbox 511 2112 1732 2260">
    <p class='ocr_par' dir='ltr' id='par_1_11' title="bbox 511 2112 1732 2260">
     <span class='ocr_line' id='line_1_21' title="bbox 511 2112 1732 2185; baseline 0.002 -18"><span class='ocrx_word' id='word_1_104' title='bbox 511 2112 680 2180; x_wconf 78' lang='lat' dir='ltr'>Quod</span> <span class='ocrx_word' id='word_1_105' title='bbox 704 2112 972 2183; x_wconf 75' lang='lat' dir='ltr'>sinqulis</span> <span class='ocrx_word' id='word_1_106' title='bbox 999 2112 1346 2169; x_wconf 74' lang='lat' dir='ltr'>hominibus</span> <span class='ocrx_word' id='word_1_107' title='bbox 1374 2114 1584 2185; x_wconf 73' lang='lat' dir='ltr'>anqeli</span> <span class='ocrx_word' id='word_1_108' title='bbox 1613 2115 1732 2170; x_wconf 82' lang='lat' dir='ltr'>duo</span> 
     </span>
     <span class='ocr_line' id='line_1_22' title="bbox 934 2203 1294 2260; baseline 0 -2"><span class='ocrx_word' id='word_1_109' title='bbox 934 2203 1294 2260; x_wconf 65' lang='lat' dir='ltr'>cohaereant.</span> 
     </span>
    </p>
   </div>
   <div class='ocr_carea' id='block_1_12' title="bbox 383 2354 1868 2928">
    <p class='ocr_par' dir='ltr' id='par_1_12' title="bbox 383 2354 1868 2928">
     <span class='ocr_line' id='line_1_23' title="bbox 499 2354 1868 2438; baseline 0 -22"><span class='ocrx_word' id='word_1_110' title='bbox 499 2354 840 2417; x_wconf 84' lang='lat' dir='ltr'>ESTATUR</span> <span class='ocrx_word' id='word_1_111' title='bbox 881 2362 1096 2416; x_wconf 86' lang='lat' dir='ltr'>autem</span> <span class='ocrx_word' id='word_1_112' title='bbox 1139 2355 1486 2437; x_wconf 81' lang='lat' dir='ltr'>Scriptura,</span> <span class='ocrx_word' id='word_1_113' title='bbox 1519 2355 1686 2438; x_wconf 92' lang='lat' dir='ltr'>quod</span> <span class='ocrx_word' id='word_1_114' title='bbox 1731 2356 1868 2417; x_wconf 90' lang='lat' dir='ltr'>uni-</span> 
     </span>
     <span class='ocr_line' id='line_1_24' title="bbox 516 2453 1864 2535; baseline 0 -21"><span class='ocrx_word' id='word_1_115' title='bbox 516 2453 746 2534; x_wconf 92' lang='lat' dir='ltr'>cuique</span> <span class='ocrx_word' id='word_1_116' title='bbox 805 2453 1048 2515; x_wconf 90' lang='lat' dir='ltr'>homini</span> <span class='ocrx_word' id='word_1_117' title='bbox 1119 2453 1402 2534; x_wconf 91' lang='lat' dir='ltr'>deputati</span> <span class='ocrx_word' id='word_1_118' title='bbox 1471 2454 1599 2516; x_wconf 92' lang='lat' dir='ltr'>sint</span> <span class='ocrx_word' id='word_1_119' title='bbox 1655 2453 1864 2535; x_wconf 84' lang='lat' dir='ltr'>angeli</span> 
     </span>
     <span class='ocr_line' id='line_1_25' title="bbox 383 2549 1863 2625; baseline 0.001 -13"><span class='ocrx_word' id='word_1_120' title='bbox 383 2549 498 2612; x_wconf 93' lang='lat' dir='ltr'>duo</span> <span class='ocrx_word' id='word_1_121' title='bbox 536 2570 550 2615; x_wconf 92' lang='lat'>:</span> <span class='ocrx_word' id='word_1_122' title='bbox 592 2571 759 2614; x_wconf 90' lang='lat' dir='ltr'>unus</span> <span class='ocrx_word' id='word_1_123' title='bbox 809 2551 1036 2625; x_wconf 81' lang='lat' dir='ltr'>bonuS,</span> <span class='ocrx_word' id='word_1_124' title='bbox 1088 2551 1252 2614; x_wconf 89' lang='lat' dir='ltr'>alius</span> <span class='ocrx_word' id='word_1_125' title='bbox 1304 2551 1527 2614; x_wconf 88' lang='lat' dir='ltr'>malus.</span> <span class='ocrx_word' id='word_1_126' title='bbox 1575 2551 1733 2615; x_wconf 88' lang='lat' dir='ltr'>Nam</span> <span class='ocrx_word' id='word_1_127' title='bbox 1784 2552 1863 2614; x_wconf 91' lang='lat' dir='ltr'>de</span> 
     </span>
     <span class='ocr_line' id='line_1_26' title="bbox 385 2649 1865 2713; baseline 0.001 -2"><span class='ocrx_word' id='word_1_128' title='bbox 385 2649 554 2712; x_wconf 88' lang='lat' dir='ltr'>bonis</span> <span class='ocrx_word' id='word_1_129' title='bbox 589 2651 680 2712; x_wconf 90' lang='lat' dir='ltr'>ait</span> <span class='ocrx_word' id='word_1_130' title='bbox 717 2650 1002 2713; x_wconf 84' lang='lat' dir='ltr'>Salvator</span> <span class='ocrx_word' id='word_1_131' title='bbox 1035 2669 1049 2713; x_wconf 92' lang='lat'>:</span> <span class='ocrx_word' id='word_1_132' title='bbox 1083 2649 1172 2712; x_wconf 89' lang='lat' dir='ltr'>Ne</span> <span class='ocrx_word' id='word_1_133' title='bbox 1213 2651 1631 2712; x_wconf 90' lang='lat' dir='ltr'>contemnatis</span> <span class='ocrx_word' id='word_1_134' title='bbox 1663 2669 1865 2712; x_wconf 90' lang='lat' dir='ltr'>unum</span> 
     </span>
     <span class='ocr_line' id='line_1_27' title="bbox 384 2748 1868 2831; baseline 0.001 -21"><span class='ocrx_word' id='word_1_135' title='bbox 384 2767 454 2810; x_wconf 81' lang='lat' dir='ltr'>ex</span> <span class='ocrx_word' id='word_1_136' title='bbox 481 2749 730 2831; x_wconf 85' lang='lat' dir='ltr'>pusillis</span> <span class='ocrx_word' id='word_1_137' title='bbox 763 2748 939 2826; x_wconf 82' lang='lat' dir='ltr'>istis3</span> <span class='ocrx_word' id='word_1_138' title='bbox 971 2749 1114 2810; x_wconf 90' lang='lat' dir='ltr'>dico</span> <span class='ocrx_word' id='word_1_139' title='bbox 1143 2749 1317 2811; x_wconf 93' lang='lat' dir='ltr'>enim</span> <span class='ocrx_word' id='word_1_140' title='bbox 1349 2748 1530 2812; x_wconf 89' lang='lat' dir='ltr'>vobis</span> <span class='ocrx_word' id='word_1_141' title='bbox 1561 2750 1730 2830; x_wconf 93' lang='lat' dir='ltr'>quod</span> <span class='ocrx_word' id='word_1_142' title='bbox 1762 2767 1868 2811; x_wconf 92' lang='lat' dir='ltr'>an-</span> 
     </span>
     <span class='ocr_line' id='line_1_28' title="bbox 383 2846 1864 2928; baseline 0.001 -20"><span class='ocrx_word' id='word_1_143' title='bbox 383 2848 496 2927; x_wconf 82' lang='lat' dir='ltr'>geli</span> <span class='ocrx_word' id='word_1_144' title='bbox 525 2865 744 2910; x_wconf 89' lang='lat' dir='ltr'>eorum</span> <span class='ocrx_word' id='word_1_145' title='bbox 775 2847 840 2909; x_wconf 89' lang='lat' dir='ltr'>in</span> <span class='ocrx_word' id='word_1_146' title='bbox 873 2847 1050 2910; x_wconf 88' lang='lat' dir='ltr'>coelis</span> <span class='ocrx_word' id='word_1_147' title='bbox 1091 2865 1345 2928; x_wconf 88' lang='lat' dir='ltr'>semper</span> <span class='ocrx_word' id='word_1_148' title='bbox 1371 2848 1590 2909; x_wconf 89' lang='lat' dir='ltr'>vident</span> <span class='ocrx_word' id='word_1_149' title='bbox 1633 2846 1864 2910; x_wconf 83' lang='lat' dir='ltr'>faciem</span> 
     </span>
    </p>
   </div>
   <div class='ocr_carea' id='block_1_13' title="bbox 347 2944 1869 3014">
    <p class='ocr_par' dir='ltr' id='par_1_13' title="bbox 347 2944 1869 3014">
     <span class='ocr_line' id='line_1_29' title="bbox 347 2944 1869 3014; baseline 0 -7"><span class='ocrx_word' id='word_1_150' title='bbox 347 2945 566 3014; x_wconf 83' lang='lat' dir='ltr'>,Patris</span> <span class='ocrx_word' id='word_1_151' title='bbox 608 2947 753 3008; x_wconf 89' lang='lat' dir='ltr'>mei.</span> <span class='ocrx_word' id='word_1_152' title='bbox 791 2946 966 3008; x_wconf 90' lang='lat' dir='ltr'>Unde</span> <span class='ocrx_word' id='word_1_153' title='bbox 1007 2945 1073 3006; x_wconf 92' lang='lat' dir='ltr'>in</span> <span class='ocrx_word' id='word_1_154' title='bbox 1113 2945 1360 3008; x_wconf 88' lang='lat' dir='ltr'>Psalmo</span> <span class='ocrx_word' id='word_1_155' title='bbox 1397 2944 1668 3008; x_wconf 89' lang='lat' dir='ltr'>habetur</span> <span class='ocrx_word' id='word_1_156' title='bbox 1701 2967 1713 3008; x_wconf 91' lang='lat'>:</span> <span class='ocrx_word' id='word_1_157' title='bbox 1751 2947 1869 3007; x_wconf 91' lang='lat' dir='ltr'>Im-</span> 
     </span>
    </p>
   </div>
   <div class='ocr_carea' id='block_1_14' title="bbox 1973 778 3476 1844">
    <p class='ocr_par' dir='ltr' id='par_1_14' title="bbox 1973 778 3476 1844">
     <span class='ocr_line' id='line_1_30' title="bbox 1975 778 3467 862; baseline 0 -23"><span class='ocrx_word' id='word_1_158' title='bbox 1975 778 2127 841; x_wconf 88' lang='lat' dir='ltr'>item</span> <span class='ocrx_word' id='word_1_159' title='bbox 2173 778 2613 842; x_wconf 86' lang='lat' dir='ltr'>fortitudinem</span> <span class='ocrx_word' id='word_1_160' title='bbox 2658 779 3201 862; x_wconf 65' lang='lat' dir='ltr'>saevissimamque</span> <span class='ocrx_word' id='word_1_161' title='bbox 3246 778 3467 860; x_wconf 90' lang='lat' dir='ltr'>nequi-</span> 
     </span>
     <span class='ocr_line' id='line_1_31' title="bbox 1973 875 3467 960; baseline -0.001 -21"><span class='ocrx_word' id='word_1_162' title='bbox 1973 877 2130 939; x_wconf 87' lang='lat' dir='ltr'>tiam</span> <span class='ocrx_word' id='word_1_163' title='bbox 2191 878 2573 940; x_wconf 84' lang='lat' dir='ltr'>daemonum.</span> <span class='ocrx_word' id='word_1_164' title='bbox 2636 877 2709 939; x_wconf 86' lang='lat' dir='ltr'>Hi</span> <span class='ocrx_word' id='word_1_165' title='bbox 2771 895 3046 960; x_wconf 90' lang='lat' dir='ltr'>namque</span> <span class='ocrx_word' id='word_1_166' title='bbox 3103 875 3467 959; x_wconf 89' lang='lat' dir='ltr'>philosophi</span> 
     </span>
     <span class='ocr_line' id='line_1_32' title="bbox 1975 973 3470 1058; baseline 0.001 -22"><span class='ocrx_word' id='word_1_167' title='bbox 1975 975 2038 1036; x_wconf 91' lang='lat' dir='ltr'>B.</span> <span class='ocrx_word' id='word_1_168' title='bbox 2083 973 2432 1037; x_wconf 91' lang='lat' dir='ltr'>Antonium</span> <span class='ocrx_word' id='word_1_169' title='bbox 2473 975 2897 1058; x_wconf 80' lang='lat' dir='ltr'>despicientes</span> <span class='ocrx_word' id='word_1_170' title='bbox 2939 983 3241 1058; x_wconf 86' lang='lat' dir='ltr'>tanquam</span> <span class='ocrx_word' id='word_1_171' title='bbox 3274 976 3470 1058; x_wconf 91' lang='lat' dir='ltr'>impe-</span> 
     </span>
     <span class='ocr_line' id='line_1_33' title="bbox 1973 1072 3469 1156; baseline 0.001 -22"><span class='ocrx_word' id='word_1_172' title='bbox 1973 1073 2168 1134; x_wconf 89' lang='lat' dir='ltr'>ritum</span> <span class='ocrx_word' id='word_1_173' title='bbox 2212 1072 2738 1156; x_wconf 90' lang='lat' dir='ltr'>illitteratumque</span> <span class='ocrx_word' id='word_1_174' title='bbox 2766 1075 3002 1148; x_wconf 91' lang='lat' dir='ltr'>virum,</span> <span class='ocrx_word' id='word_1_175' title='bbox 3035 1082 3100 1136; x_wconf 90' lang='lat' dir='ltr'>et</span> <span class='ocrx_word' id='word_1_176' title='bbox 3139 1075 3469 1156; x_wconf 90' lang='lat' dir='ltr'>cupientes</span> 
     </span>
     <span class='ocr_line' id='line_1_34' title="bbox 1973 1172 3471 1255; baseline 0 -22"><span class='ocrx_word' id='word_1_177' title='bbox 1973 1189 2122 1233; x_wconf 89' lang='lat' dir='ltr'>eum</span> <span class='ocrx_word' id='word_1_178' title='bbox 2152 1172 2377 1234; x_wconf 90' lang='lat' dir='ltr'>saltem</span> <span class='ocrx_word' id='word_1_179' title='bbox 2406 1173 2484 1234; x_wconf 90' lang='lat' dir='ltr'>de</span> <span class='ocrx_word' id='word_1_180' title='bbox 2524 1172 2683 1234; x_wconf 89' lang='lat' dir='ltr'>cella</span> <span class='ocrx_word' id='word_1_181' title='bbox 2721 1191 2833 1235; x_wconf 89' lang='lat' dir='ltr'>sua</span> <span class='ocrx_word' id='word_1_182' title='bbox 2874 1173 3192 1254; x_wconf 84' lang='lat' dir='ltr'>expellere</span> <span class='ocrx_word' id='word_1_183' title='bbox 3233 1172 3471 1255; x_wconf 82' lang='lat' dir='ltr'>praesti-</span> 
     </span>
     <span class='ocr_line' id='line_1_35' title="bbox 1974 1268 3469 1351; baseline 0.001 -21"><span class='ocrx_word' id='word_1_184' title='bbox 1974 1268 2095 1350; x_wconf 88' lang='lat' dir='ltr'>giis</span> <span class='ocrx_word' id='word_1_185' title='bbox 2141 1270 2406 1351; x_wconf 87' lang='lat' dir='ltr'>magicis</span> <span class='ocrx_word' id='word_1_186' title='bbox 2448 1289 2521 1332; x_wconf 93' lang='lat' dir='ltr'>ac</span> <span class='ocrx_word' id='word_1_187' title='bbox 2570 1271 2931 1334; x_wconf 74' lang='lat' dir='ltr'>daemonum</span> <span class='ocrx_word' id='word_1_188' title='bbox 2981 1270 3166 1344; x_wconf 89' lang='lat' dir='ltr'>dolis,</span> <span class='ocrx_word' id='word_1_189' title='bbox 3219 1271 3272 1332; x_wconf 91' lang='lat' dir='ltr'>si</span> <span class='ocrx_word' id='word_1_190' title='bbox 3320 1288 3469 1332; x_wconf 91' lang='lat' dir='ltr'>eum</span> 
     </span>
     <span class='ocr_line' id='line_1_36' title="bbox 1975 1367 3469 1449; baseline 0 -20"><span class='ocrx_word' id='word_1_191' title='bbox 1975 1368 2122 1449; x_wconf 91' lang='lat' dir='ltr'>plus</span> <span class='ocrx_word' id='word_1_192' title='bbox 2184 1367 2409 1431; x_wconf 81' lang='lat' dir='ltr'>laedere</span> <span class='ocrx_word' id='word_1_193' title='bbox 2467 1387 2595 1432; x_wconf 91' lang='lat' dir='ltr'>non</span> <span class='ocrx_word' id='word_1_194' title='bbox 2652 1369 2958 1444; x_wconf 91' lang='lat' dir='ltr'>valerent,</span> <span class='ocrx_word' id='word_1_195' title='bbox 3020 1369 3335 1432; x_wconf 86' lang='lat' dir='ltr'>miserunt</span> <span class='ocrx_word' id='word_1_196' title='bbox 3391 1368 3469 1430; x_wconf 93' lang='lat' dir='ltr'>ad</span> 
     </span>
     <span class='ocr_line' id='line_1_37' title="bbox 1975 1466 3471 1549; baseline 0.001 -22"><span class='ocrx_word' id='word_1_197' title='bbox 1975 1484 2124 1528; x_wconf 91' lang='lat' dir='ltr'>eum</span> <span class='ocrx_word' id='word_1_198' title='bbox 2165 1466 2593 1549; x_wconf 88' lang='lat' dir='ltr'>nequissimos</span> <span class='ocrx_word' id='word_1_199' title='bbox 2625 1467 2889 1548; x_wconf 91' lang='lat' dir='ltr'>spiritus</span> <span class='ocrx_word' id='word_1_200' title='bbox 2924 1484 2939 1528; x_wconf 75' lang='grc' dir='ltr'>ε</span> <span class='ocrx_word' id='word_1_201' title='bbox 2973 1468 3050 1529; x_wconf 90' lang='lat' dir='ltr'>ad</span> <span class='ocrx_word' id='word_1_202' title='bbox 3082 1468 3203 1530; x_wconf 91' lang='lat' dir='ltr'>hoc</span> <span class='ocrx_word' id='word_1_203' title='bbox 3234 1466 3471 1529; x_wconf 88' lang='lat' dir='ltr'>facien-</span> 
     </span>
     <span class='ocr_line' id='line_1_38' title="bbox 1976 1565 3474 1648; baseline 0.001 -21"><span class='ocrx_word' id='word_1_204' title='bbox 1976 1567 2130 1627; x_wconf 98' lang='lat' dir='ltr'>dum</span> <span class='ocrx_word' id='word_1_205' title='bbox 2161 1565 2360 1628; x_wconf 93' lang='lat' dir='ltr'>livore</span> <span class='ocrx_word' id='word_1_206' title='bbox 2396 1567 2691 1647; x_wconf 90' lang='lat' dir='ltr'>permoti,</span> <span class='ocrx_word' id='word_1_207' title='bbox 2724 1584 2799 1629; x_wconf 93' lang='lat' dir='ltr'>eo</span> <span class='ocrx_word' id='word_1_208' title='bbox 2839 1567 3008 1648; x_wconf 92' lang='lat' dir='ltr'>quod</span> <span class='ocrx_word' id='word_1_209' title='bbox 3050 1566 3327 1628; x_wconf 87' lang='lat' dir='ltr'>maxime</span> <span class='ocrx_word' id='word_1_210' title='bbox 3365 1565 3474 1628; x_wconf 91' lang='lat' dir='ltr'>ho-</span> 
     </span>
     <span class='ocr_line' id='line_1_39' title="bbox 1980 1663 3471 1746; baseline 0.001 -21"><span class='ocrx_word' id='word_1_211' title='bbox 1980 1664 2229 1726; x_wconf 87' lang='lat' dir='ltr'>miuum</span> <span class='ocrx_word' id='word_1_212' title='bbox 2260 1663 2461 1728; x_wconf 83' lang='lat' dir='ltr'>turbae</span> <span class='ocrx_word' id='word_1_213' title='bbox 2490 1665 2569 1726; x_wconf 90' lang='lat' dir='ltr'>ad</span> <span class='ocrx_word' id='word_1_214' title='bbox 2600 1664 2657 1726; x_wconf 93' lang='lat' dir='ltr'>S.</span> <span class='ocrx_word' id='word_1_215' title='bbox 2683 1663 3031 1727; x_wconf 84' lang='lat' dir='ltr'>Antonium</span> <span class='ocrx_word' id='word_1_216' title='bbox 3063 1672 3363 1746; x_wconf 91' lang='lat' dir='ltr'>tanquam</span> <span class='ocrx_word' id='word_1_217' title='bbox 3393 1663 3471 1727; x_wconf 91' lang='lat' dir='ltr'>ad</span> 
     </span>
     <span class='ocr_line' id='line_1_40' title="bbox 1980 1761 3476 1844; baseline 0.001 -21"><span class='ocrx_word' id='word_1_218' title='bbox 1980 1761 2092 1824; x_wconf 91' lang='lat' dir='ltr'>Dei</span> <span class='ocrx_word' id='word_1_219' title='bbox 2121 1761 2439 1824; x_wconf 86' lang='lat' dir='ltr'>famulum</span> <span class='ocrx_word' id='word_1_220' title='bbox 2469 1762 2881 1824; x_wconf 82' lang='lat' dir='ltr'>convenirent</span> <span class='ocrx_word' id='word_1_221' title='bbox 2909 1762 3211 1844; x_wconf 89' lang='lat' dir='ltr'>quotidie.</span> <span class='ocrx_word' id='word_1_222' title='bbox 3247 1763 3476 1836; x_wconf 86' lang='lat' dir='ltr'>Quum-</span> 
     </span>
    </p>
   </div>
   <div class='ocr_carea' id='block_1_15' title="bbox 1905 1860 3474 1942">
    <p class='ocr_par' dir='ltr' id='par_1_15' title="bbox 1905 1860 3474 1942">
     <span class='ocr_line' id='line_1_41' title="bbox 1905 1860 3474 1942; baseline 0 -19"><span class='ocrx_word' id='word_1_223' title='bbox 1905 1860 1952 1923; x_wconf 87' lang='grc' dir='ltr'><strong>Β</strong></span> <span class='ocrx_word' id='word_1_224' title='bbox 1981 1879 2105 1942; x_wconf 90' lang='lat' dir='ltr'>que</span> <span class='ocrx_word' id='word_1_225' title='bbox 2136 1860 2447 1923; x_wconf 86' lang='lat' dir='ltr'>Antonius</span> <span class='ocrx_word' id='word_1_226' title='bbox 2477 1880 2648 1923; x_wconf 89' lang='lat' dir='ltr'>nunc</span> <span class='ocrx_word' id='word_1_227' title='bbox 2689 1860 2897 1922; x_wconf 92' lang='lat' dir='ltr'>crucis</span> <span class='ocrx_word' id='word_1_228' title='bbox 2928 1860 3328 1942; x_wconf 83' lang='lat' dir='ltr'>signaculum</span> <span class='ocrx_word' id='word_1_229' title='bbox 3362 1861 3474 1923; x_wconf 92' lang='lat' dir='ltr'>im-</span> 
     </span>
    </p>
   </div>
   <div class='ocr_carea' id='block_1_16' title="bbox 1977 1958 3477 3022">
    <p class='ocr_par' dir='ltr' id='par_1_16' title="bbox 1977 1958 3477 3022">
     <span class='ocr_line' id='line_1_42' title="bbox 1978 1958 3472 2041; baseline 0.002 -22"><span class='ocrx_word' id='word_1_230' title='bbox 1978 1958 2285 2040; x_wconf 90' lang='lat' dir='ltr'>primeret</span> <span class='ocrx_word' id='word_1_231' title='bbox 2312 1958 2505 2021; x_wconf 86' lang='lat' dir='ltr'>fronti</span> <span class='ocrx_word' id='word_1_232' title='bbox 2538 1977 2654 2022; x_wconf 92' lang='lat' dir='ltr'>suo</span> <span class='ocrx_word' id='word_1_233' title='bbox 2680 1978 2754 2020; x_wconf 85' lang='lat' dir='ltr'>ac</span> <span class='ocrx_word' id='word_1_234' title='bbox 2785 1960 3047 2041; x_wconf 88' lang='lat' dir='ltr'>pectori,</span> <span class='ocrx_word' id='word_1_235' title='bbox 3072 1979 3241 2022; x_wconf 91' lang='lat' dir='ltr'>nunc</span> <span class='ocrx_word' id='word_1_236' title='bbox 3271 1960 3472 2022; x_wconf 91' lang='lat' dir='ltr'>Deum</span> 
     </span>
     <span class='ocr_line' id='line_1_43' title="bbox 1978 2057 3473 2139; baseline 0.001 -21"><span class='ocrx_word' id='word_1_237' title='bbox 1978 2057 2357 2139; x_wconf 87' lang='lat' dir='ltr'>suppliciter</span> <span class='ocrx_word' id='word_1_238' title='bbox 2412 2064 2718 2131; x_wconf 85' lang='lat' dir='ltr'>exoraret,</span> <span class='ocrx_word' id='word_1_239' title='bbox 2770 2057 3093 2120; x_wconf 90' lang='lat' dir='ltr'>durissimi</span> <span class='ocrx_word' id='word_1_240' title='bbox 3154 2059 3473 2122; x_wconf 84' lang='lat' dir='ltr'>daemones</span> 
     </span>
     <span class='ocr_line' id='line_1_44' title="bbox 1978 2154 3477 2239; baseline 0.003 -24"><span class='ocrx_word' id='word_1_241' title='bbox 1978 2172 2381 2236; x_wconf 86' lang='lat' dir='ltr'>nequaquam</span> <span class='ocrx_word' id='word_1_242' title='bbox 2441 2154 2761 2217; x_wconf 84' lang='lat' dir='ltr'>audebant</span> <span class='ocrx_word' id='word_1_243' title='bbox 2817 2157 3332 2239; x_wconf 90' lang='lat' dir='ltr'>appropinquare</span> <span class='ocrx_word' id='word_1_244' title='bbox 3391 2157 3477 2218; x_wconf 92' lang='lat' dir='ltr'>ei-</span> 
     </span>
     <span class='ocr_line' id='line_1_45' title="bbox 1977 2252 3472 2326; baseline 0.002 -12"><span class='ocrx_word' id='word_1_245' title='bbox 1977 2253 2148 2326; x_wconf 88' lang='lat' dir='ltr'>dem,</span> <span class='ocrx_word' id='word_1_246' title='bbox 2201 2253 2311 2315; x_wconf 88' lang='lat' dir='ltr'>sed</span> <span class='ocrx_word' id='word_1_247' title='bbox 2363 2253 2502 2315; x_wconf 89' lang='lat' dir='ltr'>sine</span> <span class='ocrx_word' id='word_1_248' title='bbox 2548 2252 2787 2316; x_wconf 86' lang='lat' dir='ltr'>effectu</span> <span class='ocrx_word' id='word_1_249' title='bbox 2837 2254 3165 2317; x_wconf 91' lang='lat' dir='ltr'>redierunt</span> <span class='ocrx_word' id='word_1_250' title='bbox 3209 2255 3288 2317; x_wconf 90' lang='lat' dir='ltr'>ad</span> <span class='ocrx_word' id='word_1_251' title='bbox 3340 2273 3472 2316; x_wconf 89' lang='lat' dir='ltr'>ma·</span> 
     </span>
     <span class='ocr_line' id='line_1_46' title="bbox 1978 2351 3475 2433; baseline 0.003 -21"><span class='ocrx_word' id='word_1_252' title='bbox 1978 2368 2112 2431; x_wconf 80' lang='lat' dir='ltr'>gOS,</span> <span class='ocrx_word' id='word_1_253' title='bbox 2159 2351 2271 2432; x_wconf 90' lang='lat' dir='ltr'>qui</span> <span class='ocrx_word' id='word_1_254' title='bbox 2314 2352 2605 2433; x_wconf 89' lang='lat' dir='ltr'>protinus</span> <span class='ocrx_word' id='word_1_255' title='bbox 2648 2351 3013 2415; x_wconf 85' lang='lat' dir='ltr'>direxerunt</span> <span class='ocrx_word' id='word_1_256' title='bbox 3058 2352 3135 2415; x_wconf 92' lang='lat' dir='ltr'>ad</span> <span class='ocrx_word' id='word_1_257' title='bbox 3179 2353 3238 2416; x_wconf 92' lang='lat' dir='ltr'>S.</span> <span class='ocrx_word' id='word_1_258' title='bbox 3286 2355 3475 2417; x_wconf 86' lang='lat' dir='ltr'>Anto-</span> 
     </span>
     <span class='ocr_line' id='line_1_47' title="bbox 1978 2449 3473 2535; baseline 0.004 -26"><span class='ocrx_word' id='word_1_259' title='bbox 1978 2449 2159 2510; x_wconf 91' lang='lat' dir='ltr'>nium</span> <span class='ocrx_word' id='word_1_260' title='bbox 2202 2449 2465 2531; x_wconf 89' lang='lat' dir='ltr'>spiritus</span> <span class='ocrx_word' id='word_1_261' title='bbox 2497 2450 2957 2513; x_wconf 78' lang='lat' dir='ltr'>malitiosiores,</span> <span class='ocrx_word' id='word_1_262' title='bbox 2994 2451 3235 2525; x_wconf 86' lang='lat' dir='ltr'>Quibus</span> <span class='ocrx_word' id='word_1_263' title='bbox 3273 2470 3473 2535; x_wconf 88' lang='lat' dir='ltr'>quum</span> 
     </span>
     <span class='ocr_line' id='line_1_48' title="bbox 1978 2544 3472 2629; baseline 0.002 -21"><span class='ocrx_word' id='word_1_264' title='bbox 1978 2544 2176 2608; x_wconf 90' lang='lat' dir='ltr'>abbas</span> <span class='ocrx_word' id='word_1_265' title='bbox 2205 2547 2518 2609; x_wconf 88' lang='lat' dir='ltr'>Antonius</span> <span class='ocrx_word' id='word_1_266' title='bbox 2559 2547 2746 2610; x_wconf 90' lang='lat' dir='ltr'>modo</span> <span class='ocrx_word' id='word_1_267' title='bbox 2788 2555 3088 2629; x_wconf 82' lang='lat' dir='ltr'>praetacto</span> <span class='ocrx_word' id='word_1_268' title='bbox 3129 2549 3472 2624; x_wconf 87' lang='lat' dir='ltr'>resisteret,</span> 
     </span>
     <span class='ocr_line' id='line_1_49' title="bbox 1980 2645 3473 2729; baseline 0.003 -23"><span class='ocrx_word' id='word_1_269' title='bbox 1980 2652 2043 2707; x_wconf 93' lang='lat' dir='ltr'>et</span> <span class='ocrx_word' id='word_1_270' title='bbox 2077 2645 2170 2707; x_wconf 89' lang='lat' dir='ltr'>illi</span> <span class='ocrx_word' id='word_1_271' title='bbox 2211 2645 2485 2708; x_wconf 87' lang='lat' dir='ltr'>inaniter</span> <span class='ocrx_word' id='word_1_272' title='bbox 2520 2645 2877 2709; x_wconf 87' lang='lat' dir='ltr'>laborarent</span> <span class='ocrx_word' id='word_1_273' title='bbox 2914 2655 3103 2729; x_wconf 91' lang='lat' dir='ltr'>atque</span> <span class='ocrx_word' id='word_1_274' title='bbox 3140 2649 3218 2710; x_wconf 92' lang='lat' dir='ltr'>ad</span> <span class='ocrx_word' id='word_1_275' title='bbox 3259 2666 3473 2729; x_wconf 87' lang='lat' dir='ltr'>magos</span> 
     </span>
     <span class='ocr_line' id='line_1_50' title="bbox 1979 2743 3476 2828; baseline 0.003 -24"><span class='ocrx_word' id='word_1_276' title='bbox 1979 2743 2132 2805; x_wconf 91' lang='lat' dir='ltr'>victi</span> <span class='ocrx_word' id='word_1_277' title='bbox 2174 2744 2474 2819; x_wconf 85' lang='lat' dir='ltr'>redirent,</span> <span class='ocrx_word' id='word_1_278' title='bbox 2510 2745 2822 2807; x_wconf 90' lang='lat' dir='ltr'>miserunt</span> <span class='ocrx_word' id='word_1_279' title='bbox 2861 2746 3027 2826; x_wconf 86' lang='lat' dir='ltr'>magi</span> <span class='ocrx_word' id='word_1_280' title='bbox 3067 2747 3255 2809; x_wconf 88' lang='lat' dir='ltr'>tertio</span> <span class='ocrx_word' id='word_1_281' title='bbox 3293 2746 3476 2828; x_wconf 90' lang='lat' dir='ltr'>spiri—</span> 
     </span>
     <span class='ocr_line' id='line_1_51' title="bbox 1979 2843 3474 2927; baseline 0.001 -23"><span class='ocrx_word' id='word_1_282' title='bbox 1979 2850 2081 2904; x_wconf 92' lang='lat' dir='ltr'>tus</span> <span class='ocrx_word' id='word_1_283' title='bbox 2115 2843 2502 2924; x_wconf 87' lang='lat' dir='ltr'>potentiores</span> <span class='ocrx_word' id='word_1_284' title='bbox 2540 2862 2613 2906; x_wconf 90' lang='lat' dir='ltr'>ac</span> <span class='ocrx_word' id='word_1_285' title='bbox 2649 2844 3004 2927; x_wconf 81' lang='lat' dir='ltr'>nequiores,</span> <span class='ocrx_word' id='word_1_286' title='bbox 3041 2844 3282 2918; x_wconf 87' lang='lat' dir='ltr'>Quibus</span> <span class='ocrx_word' id='word_1_287' title='bbox 3311 2844 3474 2907; x_wconf 88' lang='lat' dir='ltr'>nihil</span> 
     </span>
     <span class='ocr_line' id='line_1_52' title="bbox 1979 2940 3477 3022; baseline 0.003 -20"><span class='ocrx_word' id='word_1_288' title='bbox 1979 2940 2470 3022; x_wconf 83' lang='lat' dir='ltr'>proficientibus</span> <span class='ocrx_word' id='word_1_289' title='bbox 2520 2950 2738 3005; x_wconf 91' lang='lat' dir='ltr'>contra</span> <span class='ocrx_word' id='word_1_290' title='bbox 2786 2943 2843 3006; x_wconf 92' lang='lat' dir='ltr'>S.</span> <span class='ocrx_word' id='word_1_291' title='bbox 2898 2944 3266 3018; x_wconf 86' lang='lat' dir='ltr'>Antonium,</span> <span class='ocrx_word' id='word_1_292' title='bbox 3318 2943 3477 3006; x_wconf 92' lang='lat' dir='ltr'>didi-</span> 
     </span>
    </p>
   </div>
   <div class='ocr_carea' id='block_1_17' title="bbox 385 3040 3472 3125">
    <p class='ocr_par' dir='ltr' id='par_1_17' title="bbox 385 3040 3472 3125">
     <span class='ocr_line' id='line_1_53' title="bbox 385 3040 3472 3125; baseline 0 -20"><span class='ocrx_word' id='word_1_293' title='bbox 385 3043 580 3106; x_wconf 89' lang='lat' dir='ltr'>mittet</span> <span class='ocrx_word' id='word_1_294' title='bbox 614 3043 878 3125; x_wconf 88' lang='lat' dir='ltr'>angelus</span> <span class='ocrx_word' id='word_1_295' title='bbox 917 3043 1169 3106; x_wconf 90' lang='lat' dir='ltr'>Domini</span> <span class='ocrx_word' id='word_1_296' title='bbox 1215 3044 1281 3106; x_wconf 92' lang='lat' dir='ltr'>in</span> <span class='ocrx_word' id='word_1_297' title='bbox 1323 3044 1596 3106; x_wconf 89' lang='lat' dir='ltr'>circuitu</span> <span class='ocrx_word' id='word_1_298' title='bbox 1641 3045 1868 3107; x_wconf 88' lang='lat' dir='ltr'>timen-</span> <span class='ocrx_word' id='word_1_299' title='bbox 1904 3043 1947 3106; x_wconf 89' lang='lat' dir='ltr'>C</span> <span class='ocrx_word' id='word_1_300' title='bbox 1979 3048 2205 3101; x_wconf 87' lang='lat' dir='ltr'>cerunt</span> <span class='ocrx_word' id='word_1_301' title='bbox 2249 3041 2416 3122; x_wconf 84' lang='lat' dir='ltr'>magi</span> <span class='ocrx_word' id='word_1_302' title='bbox 2462 3040 2557 3102; x_wconf 92' lang='lat' dir='ltr'>illi</span> <span class='ocrx_word' id='word_1_303' title='bbox 2606 3060 2683 3103; x_wconf 83' lang='lat' dir='ltr'>ex</span> <span class='ocrx_word' id='word_1_304' title='bbox 2728 3043 2983 3124; x_wconf 91' lang='lat' dir='ltr'>propria</span> <span class='ocrx_word' id='word_1_305' title='bbox 3029 3043 3273 3124; x_wconf 87' lang='lat' dir='ltr'>magica</span> <span class='ocrx_word' id='word_1_306' title='bbox 3316 3051 3472 3117; x_wconf 88' lang='lat' dir='ltr'>arte,</span> 
     </span>
    </p>
   </div>
   <div class='ocr_carea' id='block_1_18' title="bbox 380 3141 1871 4206">
    <p class='ocr_par' dir='ltr' id='par_1_18' title="bbox 380 3141 1871 4206">
     <span class='ocr_line' id='line_1_54' title="bbox 384 3141 1869 3224; baseline 0.003 -23"><span class='ocrx_word' id='word_1_307' title='bbox 384 3142 534 3204; x_wconf 89' lang='lat' dir='ltr'>tium</span> <span class='ocrx_word' id='word_1_308' title='bbox 571 3161 742 3214; x_wconf 90' lang='lat' dir='ltr'>eum,</span> <span class='ocrx_word' id='word_1_309' title='bbox 783 3149 848 3204; x_wconf 92' lang='lat' dir='ltr'>et</span> <span class='ocrx_word' id='word_1_310' title='bbox 887 3141 1115 3223; x_wconf 90' lang='lat' dir='ltr'>eripiet</span> <span class='ocrx_word' id='word_1_311' title='bbox 1153 3159 1279 3204; x_wconf 90' lang='lat' dir='ltr'>eos.</span> <span class='ocrx_word' id='word_1_312' title='bbox 1314 3143 1382 3203; x_wconf 89' lang='lat' dir='ltr'>In</span> <span class='ocrx_word' id='word_1_313' title='bbox 1413 3141 1676 3204; x_wconf 79' lang='lat' dir='ltr'>Act-ibus</span> <span class='ocrx_word' id='word_1_314' title='bbox 1717 3161 1869 3224; x_wconf 90' lang='lat' dir='ltr'>quo-</span> 
     </span>
     <span class='ocr_line' id='line_1_55' title="bbox 384 3239 1870 3323; baseline 0.001 -21"><span class='ocrx_word' id='word_1_315' title='bbox 384 3259 498 3322; x_wconf 90' lang='lat' dir='ltr'>que</span> <span class='ocrx_word' id='word_1_316' title='bbox 550 3239 1018 3322; x_wconf 85' lang='lat' dir='ltr'>Apostolorum,</span> <span class='ocrx_word' id='word_1_317' title='bbox 1075 3239 1152 3302; x_wconf 92' lang='lat' dir='ltr'>de</span> <span class='ocrx_word' id='word_1_318' title='bbox 1209 3240 1389 3303; x_wconf 92' lang='lat' dir='ltr'>Petro</span> <span class='ocrx_word' id='word_1_319' title='bbox 1438 3239 1661 3314; x_wconf 85' lang='lat' dir='ltr'>fertur,</span> <span class='ocrx_word' id='word_1_320' title='bbox 1718 3241 1870 3323; x_wconf 90' lang='lat' dir='ltr'>quia</span> 
     </span>
     <span class='ocr_line' id='line_1_56' title="bbox 385 3338 1867 3421; baseline 0 -20"><span class='ocrx_word' id='word_1_321' title='bbox 385 3339 648 3421; x_wconf 83' lang='lat' dir='ltr'>Angelus</span> <span class='ocrx_word' id='word_1_322' title='bbox 689 3338 832 3420; x_wconf 87' lang='lat' dir='ltr'>ejus</span> <span class='ocrx_word' id='word_1_323' title='bbox 873 3345 987 3399; x_wconf 89' lang='lat' dir='ltr'>est.</span> <span class='ocrx_word' id='word_1_324' title='bbox 1033 3339 1120 3399; x_wconf 91' lang='lat' dir='ltr'>De</span> <span class='ocrx_word' id='word_1_325' title='bbox 1165 3338 1452 3419; x_wconf 91' lang='lat' dir='ltr'>utrisque</span> <span class='ocrx_word' id='word_1_326' title='bbox 1496 3356 1750 3421; x_wconf 91' lang='lat' dir='ltr'>quoque</span> <span class='ocrx_word' id='word_1_327' title='bbox 1795 3339 1867 3401; x_wconf 92' lang='lat' dir='ltr'>li-</span> 
     </span>
     <span class='ocr_line' id='line_1_57' title="bbox 385 3435 1867 3517; baseline 0 -19"><span class='ocrx_word' id='word_1_328' title='bbox 385 3436 491 3498; x_wconf 90' lang='lat' dir='ltr'>ber</span> <span class='ocrx_word' id='word_1_329' title='bbox 535 3437 804 3500; x_wconf 85' lang='lat' dir='ltr'>Pastoris</span> <span class='ocrx_word' id='word_1_330' title='bbox 855 3435 1226 3517; x_wconf 89' lang='lat' dir='ltr'>plenissime</span> <span class='ocrx_word' id='word_1_331' title='bbox 1275 3436 1476 3498; x_wconf 90' lang='lat' dir='ltr'>docet.</span> <span class='ocrx_word' id='word_1_332' title='bbox 1531 3435 1596 3498; x_wconf 93' lang='lat' dir='ltr'>Si</span> <span class='ocrx_word' id='word_1_333' title='bbox 1653 3445 1867 3498; x_wconf 90' lang='lat' dir='ltr'>autem</span> 
     </span>
     <span class='ocr_line' id='line_1_58' title="bbox 387 3533 1868 3616; baseline 0.001 -20"><span class='ocrx_word' id='word_1_334' title='bbox 387 3536 848 3597; x_wconf 88' lang='lat' dir='ltr'>consideremus</span> <span class='ocrx_word' id='word_1_335' title='bbox 905 3542 969 3595; x_wconf 92' lang='lat' dir='ltr'>et</span> <span class='ocrx_word' id='word_1_336' title='bbox 1025 3535 1377 3597; x_wconf 83' lang='lat' dir='ltr'>daemonem</span> <span class='ocrx_word' id='word_1_337' title='bbox 1439 3533 1551 3616; x_wconf 93' lang='lat' dir='ltr'>qui</span> <span class='ocrx_word' id='word_1_338' title='bbox 1611 3535 1868 3598; x_wconf 84' lang='lat' dir='ltr'>beatum</span> 
     </span>
     <span class='ocr_line' id='line_1_59' title="bbox 383 3632 1871 3714; baseline 0.001 -20"><span class='ocrx_word' id='word_1_339' title='bbox 383 3633 488 3696; x_wconf 88' lang='lat' dir='ltr'>Job</span> <span class='ocrx_word' id='word_1_340' title='bbox 527 3632 945 3714; x_wconf 87' lang='lat' dir='ltr'>impugnavit,</span> <span class='ocrx_word' id='word_1_341' title='bbox 977 3639 1192 3714; x_wconf 84' lang='lat' dir='ltr'>aperte</span> <span class='ocrx_word' id='word_1_342' title='bbox 1231 3632 1536 3694; x_wconf 91' lang='lat' dir='ltr'>docemur</span> <span class='ocrx_word' id='word_1_343' title='bbox 1565 3633 1734 3714; x_wconf 92' lang='lat' dir='ltr'>quod</span> <span class='ocrx_word' id='word_1_344' title='bbox 1775 3633 1871 3695; x_wconf 88' lang='lat' dir='ltr'>fu-</span> 
     </span>
     <span class='ocr_line' id='line_1_60' title="bbox 383 3730 1869 3812; baseline 0 -19"><span class='ocrx_word' id='word_1_345' title='bbox 383 3739 507 3794; x_wconf 87' lang='lat' dir='ltr'>erat</span> <span class='ocrx_word' id='word_1_346' title='bbox 544 3731 652 3793; x_wconf 94' lang='lat' dir='ltr'>ille</span> <span class='ocrx_word' id='word_1_347' title='bbox 690 3731 801 3812; x_wconf 91' lang='lat' dir='ltr'>qui</span> <span class='ocrx_word' id='word_1_348' title='bbox 843 3748 1097 3812; x_wconf 87' lang='lat' dir='ltr'>semper</span> <span class='ocrx_word' id='word_1_349' title='bbox 1135 3730 1469 3792; x_wconf 89' lang='lat' dir='ltr'>insidiatus</span> <span class='ocrx_word' id='word_1_350' title='bbox 1509 3739 1643 3792; x_wconf 90' lang='lat' dir='ltr'>erat</span> <span class='ocrx_word' id='word_1_351' title='bbox 1685 3731 1869 3794; x_wconf 90' lang='lat' dir='ltr'>beato</span> 
     </span>
     <span class='ocr_line' id='line_1_61' title="bbox 380 3830 1867 3911; baseline 0.001 -20"><span class='ocrx_word' id='word_1_352' title='bbox 380 3830 506 3905; x_wconf 87' lang='lat' dir='ltr'>Job,</span> <span class='ocrx_word' id='word_1_353' title='bbox 555 3839 620 3893; x_wconf 89' lang='lat' dir='ltr'>et</span> <span class='ocrx_word' id='word_1_354' title='bbox 665 3837 877 3891; x_wconf 90' lang='lat' dir='ltr'>tamen</span> <span class='ocrx_word' id='word_1_355' title='bbox 924 3848 1254 3911; x_wconf 89' lang='lat' dir='ltr'>nunquam</span> <span class='ocrx_word' id='word_1_356' title='bbox 1303 3837 1547 3910; x_wconf 86' lang='lat' dir='ltr'>poterat</span> <span class='ocrx_word' id='word_1_357' title='bbox 1596 3848 1743 3892; x_wconf 91' lang='lat' dir='ltr'>eum</span> <span class='ocrx_word' id='word_1_358' title='bbox 1790 3831 1867 3892; x_wconf 93' lang='lat' dir='ltr'>ad</span> 
     </span>
     <span class='ocr_line' id='line_1_62' title="bbox 382 3927 1870 4010; baseline 0 -19"><span class='ocrx_word' id='word_1_359' title='bbox 382 3930 766 4010; x_wconf 89' lang='lat' dir='ltr'>peccandum</span> <span class='ocrx_word' id='word_1_360' title='bbox 812 3927 1160 4009; x_wconf 89' lang='lat' dir='ltr'>impellere.</span> <span class='ocrx_word' id='word_1_361' title='bbox 1208 3927 1452 3990; x_wconf 86' lang='lat' dir='ltr'>Idcirco</span> <span class='ocrx_word' id='word_1_362' title='bbox 1504 3929 1790 4010; x_wconf 89' lang='lat' dir='ltr'>poposcit</span> <span class='ocrx_word' id='word_1_363' title='bbox 1833 3948 1870 3991; x_wconf 92' lang='lat' dir='ltr'>a</span> 
     </span>
     <span class='ocr_line' id='line_1_63' title="bbox 381 4026 1871 4110; baseline 0.001 -21"><span class='ocrx_word' id='word_1_364' title='bbox 381 4027 500 4091; x_wconf 86' lang='lat' dir='ltr'>Deo</span> <span class='ocrx_word' id='word_1_365' title='bbox 547 4035 923 4110; x_wconf 86' lang='lat' dir='ltr'>potestatem</span> <span class='ocrx_word' id='word_1_366' title='bbox 974 4027 1041 4088; x_wconf 91' lang='lat' dir='ltr'>in</span> <span class='ocrx_word' id='word_1_367' title='bbox 1087 4026 1226 4101; x_wconf 88' lang='lat' dir='ltr'>Job,</span> <span class='ocrx_word' id='word_1_368' title='bbox 1271 4026 1448 4089; x_wconf 91' lang='lat' dir='ltr'>velut</span> <span class='ocrx_word' id='word_1_369' title='bbox 1495 4027 1606 4108; x_wconf 93' lang='lat' dir='ltr'>qui</span> <span class='ocrx_word' id='word_1_370' title='bbox 1659 4027 1871 4090; x_wconf 91' lang='lat' dir='ltr'>vince-</span> 
     </span>
     <span class='ocr_line' id='line_1_64' title="bbox 381 4123 1868 4206; baseline 0.001 -20"><span class='ocrx_word' id='word_1_371' title='bbox 381 4133 549 4187; x_wconf 88' lang='lat' dir='ltr'>retur</span> <span class='ocrx_word' id='word_1_372' title='bbox 592 4143 721 4188; x_wconf 90' lang='lat' dir='ltr'>non</span> <span class='ocrx_word' id='word_1_373' title='bbox 768 4125 1006 4187; x_wconf 88' lang='lat' dir='ltr'>virtute</span> <span class='ocrx_word' id='word_1_374' title='bbox 1054 4124 1255 4206; x_wconf 90' lang='lat' dir='ltr'>ipsius</span> <span class='ocrx_word' id='word_1_375' title='bbox 1304 4124 1440 4198; x_wconf 79' lang='lat' dir='ltr'>Iob,</span> <span class='ocrx_word' id='word_1_376' title='bbox 1493 4125 1604 4187; x_wconf 88' lang='lat' dir='ltr'>sed</span> <span class='ocrx_word' id='word_1_377' title='bbox 1653 4123 1868 4188; x_wconf 90' lang='lat' dir='ltr'>defen-</span> 
     </span>
    </p>
   </div>
   <div class='ocr_carea' id='block_1_19' title="bbox 349 4221 1950 4384">
    <p class='ocr_par' dir='ltr' id='par_1_19' title="bbox 349 4221 1950 4384">
     <span class='ocr_line' id='line_1_65' title="bbox 381 4221 1950 4304; baseline 0.003 -20"><span class='ocrx_word' id='word_1_378' title='bbox 381 4223 549 4286; x_wconf 88' lang='lat' dir='ltr'>sione</span> <span class='ocrx_word' id='word_1_379' title='bbox 580 4223 690 4285; x_wconf 89' lang='lat' dir='ltr'>Dei</span> <span class='ocrx_word' id='word_1_380' title='bbox 723 4231 1015 4285; x_wconf 85' lang='lat' dir='ltr'>sanctum</span> <span class='ocrx_word' id='word_1_381' title='bbox 1048 4221 1163 4284; x_wconf 87' lang='lat' dir='ltr'>Job</span> <span class='ocrx_word' id='word_1_382' title='bbox 1191 4221 1430 4304; x_wconf 81' lang='lat' dir='ltr'>jugiter</span> <span class='ocrx_word' id='word_1_383' title='bbox 1459 4224 1864 4304; x_wconf 86' lang='lat' dir='ltr'>protegentis.</span> <span class='ocrx_word' id='word_1_384' title='bbox 1900 4228 1950 4290; x_wconf 91' lang='lat' dir='ltr'>D</span> 
     </span>
     <span class='ocr_line' id='line_1_66' title="bbox 349 4320 1871 4384; baseline 0 0"><span class='ocrx_word' id='word_1_385' title='bbox 349 4321 463 4384; x_wconf 80' lang='lat' dir='ltr'>,De</span> <span class='ocrx_word' id='word_1_386' title='bbox 489 4322 646 4384; x_wconf 88' lang='lat' dir='ltr'>Juda</span> <span class='ocrx_word' id='word_1_387' title='bbox 679 4322 872 4383; x_wconf 91' lang='lat' dir='ltr'>etiam</span> <span class='ocrx_word' id='word_1_388' title='bbox 909 4320 1145 4382; x_wconf 86' lang='lat' dir='ltr'>dicitur</span> <span class='ocrx_word' id='word_1_389' title='bbox 1178 4338 1192 4382; x_wconf 75' lang='grc' dir='ltr'>ι</span> <span class='ocrx_word' id='word_1_390' title='bbox 1227 4321 1303 4383; x_wconf 89' lang='lat' dir='ltr'>Et</span> <span class='ocrx_word' id='word_1_391' title='bbox 1343 4320 1633 4383; x_wconf 92' lang='lat' dir='ltr'>diabolus</span> <span class='ocrx_word' id='word_1_392' title='bbox 1673 4329 1797 4384; x_wconf 89' lang='lat' dir='ltr'>stet</span> <span class='ocrx_word' id='word_1_393' title='bbox 1834 4341 1871 4384; x_wconf 91' lang='lat' dir='ltr'>a</span> 
     </span>
    </p>
   </div>
   <div class='ocr_carea' id='block_1_20' title="bbox 385 4418 818 4500">
    <p class='ocr_par' dir='ltr' id='par_1_20' title="bbox 385 4418 818 4500">
     <span class='ocr_line' id='line_1_67' title="bbox 385 4418 818 4500; baseline -0.002 -20"><span class='ocrx_word' id='word_1_394' title='bbox 385 4418 613 4482; x_wconf 87' lang='lat' dir='ltr'>dextris</span> <span class='ocrx_word' id='word_1_395' title='bbox 653 4418 818 4500; x_wconf 77' lang='lat' dir='ltr'>ejus,</span> 
     </span>
    </p>
   </div>
   <div class='ocr_carea' id='block_1_21' title="bbox 709 4644 1531 4710">
    <p class='ocr_par' dir='ltr' id='par_1_21' title="bbox 709 4644 1531 4710">
     <span class='ocr_line' id='line_1_68' title="bbox 709 4644 1531 4710; baseline -0.004 0"><span class='ocrx_word' id='word_1_396' title='bbox 709 4644 1214 4710; x_wconf 86' lang='lat' dir='ltr'>CAPITULUM</span> <span class='ocrx_word' id='word_1_397' title='bbox 1279 4645 1531 4709; x_wconf 85' lang='lat' dir='ltr'>XVIII.</span> 
     </span>
    </p>
   </div>
   <div class='ocr_carea' id='block_1_22' title="bbox 383 4776 1874 5012">
    <p class='ocr_par' dir='ltr' id='par_1_22' title="bbox 383 4776 1874 5012">
     <span class='ocr_line' id='line_1_69' title="bbox 383 4776 1874 4850; baseline 0.001 -19"><span class='ocrx_word' id='word_1_398' title='bbox 383 4776 462 4832; x_wconf 86' lang='lat' dir='ltr'>De</span> <span class='ocrx_word' id='word_1_399' title='bbox 485 4777 843 4850; x_wconf 76' lang='lat' dir='ltr'>differentia</span> <span class='ocrx_word' id='word_1_400' title='bbox 872 4776 1168 4848; x_wconf 81' lang='lat' dir='ltr'>nequitioe</span> <span class='ocrx_word' id='word_1_401' title='bbox 1194 4791 1330 4849; x_wconf 83' lang='lat' dir='ltr'>quae</span> <span class='ocrx_word' id='word_1_402' title='bbox 1359 4776 1686 4832; x_wconf 71' lang='lat' dir='ltr'>immundis</span> <span class='ocrx_word' id='word_1_403' title='bbox 1715 4776 1874 4833; x_wconf 82' lang='lat' dir='ltr'>inest</span> 
     </span>
     <span class='ocr_line' id='line_1_70' title="bbox 447 4863 1874 4938; baseline 0.001 -18"><span class='ocrx_word' id='word_1_404' title='bbox 447 4866 798 4938; x_wconf 76' lang='lat' dir='ltr'>spiritibus,</span> <span class='ocrx_word' id='word_1_405' title='bbox 831 4881 948 4938; x_wconf 82' lang='lat' dir='ltr'>per</span> <span class='ocrx_word' id='word_1_406' title='bbox 987 4865 1138 4921; x_wconf 81' lang='lat' dir='ltr'>duos</span> <span class='ocrx_word' id='word_1_407' title='bbox 1177 4863 1569 4937; x_wconf 75' lang='lat' dir='ltr'>philosophos</span> <span class='ocrx_word' id='word_1_408' title='bbox 1606 4881 1874 4938; x_wconf 83' lang='lat' dir='ltr'>compro-</span> 
     </span>
     <span class='ocr_line' id='line_1_71' title="bbox 452 4954 606 5012; baseline 0.006 -3"><span class='ocrx_word' id='word_1_409' title='bbox 452 4954 606 5012; x_wconf 83' lang='lat' dir='ltr'>bata.</span> 
     </span>
    </p>
   </div>
   <div class='ocr_carea' id='block_1_23' title="bbox 387 5105 1876 5386">
    <p class='ocr_par' dir='ltr' id='par_1_23' title="bbox 387 5105 1876 5386">
     <span class='ocr_line' id='line_1_72' title="bbox 533 5105 1872 5187; baseline -0.001 -17"><span class='ocrx_word' id='word_1_410' title='bbox 533 5107 796 5170; x_wconf 85' lang='lat' dir='ltr'>ULTAM</span> <span class='ocrx_word' id='word_1_411' title='bbox 839 5125 990 5168; x_wconf 88' lang='lat' dir='ltr'>sane</span> <span class='ocrx_word' id='word_1_412' title='bbox 1035 5105 1463 5186; x_wconf 87' lang='lat' dir='ltr'>cognitionem</span> <span class='ocrx_word' id='word_1_413' title='bbox 1506 5105 1872 5187; x_wconf 89' lang='lat' dir='ltr'>accepimus</span> 
     </span>
     <span class='ocr_line' id='line_1_73' title="bbox 562 5203 1873 5286; baseline -0.001 -18"><span class='ocrx_word' id='word_1_414' title='bbox 562 5205 638 5268; x_wconf 92' lang='lat' dir='ltr'>de</span> <span class='ocrx_word' id='word_1_415' title='bbox 689 5203 1058 5266; x_wconf 81' lang='lat' dir='ltr'>differentia</span> <span class='ocrx_word' id='word_1_416' title='bbox 1112 5204 1497 5277; x_wconf 70' lang='lat' dir='ltr'>daemonum,</span> <span class='ocrx_word' id='word_1_417' title='bbox 1553 5223 1668 5286; x_wconf 90' lang='lat' dir='ltr'>per</span> <span class='ocrx_word' id='word_1_418' title='bbox 1716 5204 1873 5267; x_wconf 90' lang='lat' dir='ltr'>duos</span> 
     </span>
     <span class='ocr_line' id='line_1_74' title="bbox 387 5299 1876 5386; baseline 0.001 -25"><span class='ocrx_word' id='word_1_419' title='bbox 387 5299 524 5365; x_wconf 91' lang='lat' dir='ltr'>illos</span> <span class='ocrx_word' id='word_1_420' title='bbox 571 5302 987 5386; x_wconf 90' lang='lat' dir='ltr'>philosophos</span> <span class='ocrx_word' id='word_1_421' title='bbox 1034 5300 1146 5383; x_wconf 92' lang='lat' dir='ltr'>qui</span> <span class='ocrx_word' id='word_1_422' title='bbox 1196 5301 1565 5384; x_wconf 87' lang='lat' dir='ltr'>frequenter</span> <span class='ocrx_word' id='word_1_423' title='bbox 1613 5299 1876 5364; x_wconf 88' lang='lat' dir='ltr'>fuerunt</span> 
     </span>
    </p>
   </div>
   <div class='ocr_carea' id='block_1_24' title="bbox 1977 3139 3481 4184">
    <p class='ocr_par' dir='ltr' id='par_1_24' title="bbox 1977 3139 3481 4184">
     <span class='ocr_line' id='line_1_75' title="bbox 1980 3139 3475 3220; baseline 0.003 -21"><span class='ocrx_word' id='word_1_424' title='bbox 1980 3139 2289 3220; x_wconf 87' lang='lat' dir='ltr'>pravitate</span> <span class='ocrx_word' id='word_1_425' title='bbox 2326 3147 2386 3200; x_wconf 92' lang='lat' dir='ltr'>et</span> <span class='ocrx_word' id='word_1_426' title='bbox 2430 3139 2854 3214; x_wconf 89' lang='lat' dir='ltr'>insidiatione,</span> <span class='ocrx_word' id='word_1_427' title='bbox 2897 3148 2958 3202; x_wconf 85' lang='lat' dir='ltr'>et</span> <span class='ocrx_word' id='word_1_428' title='bbox 2998 3140 3475 3204; x_wconf 87' lang='lat' dir='ltr'>evidentissime</span> 
     </span>
     <span class='ocr_line' id='line_1_76' title="bbox 1979 3238 3481 3318; baseline 0.004 -22"><span class='ocrx_word' id='word_1_429' title='bbox 1979 3253 2374 3318; x_wconf 88' lang='lat' dir='ltr'>cognoverun</span> <span class='ocrx_word' id='word_1_430' title='bbox 2386 3244 2423 3311; x_wconf 85' lang='lat' dir='ltr'>t,</span> <span class='ocrx_word' id='word_1_431' title='bbox 2442 3256 2733 3317; x_wconf 89' lang='lat' dir='ltr'>magnam</span> <span class='ocrx_word' id='word_1_432' title='bbox 2759 3238 2965 3300; x_wconf 87' lang='lat' dir='ltr'>inesse</span> <span class='ocrx_word' id='word_1_433' title='bbox 2991 3239 3291 3302; x_wconf 90' lang='lat' dir='ltr'>virtutem</span> <span class='ocrx_word' id='word_1_434' title='bbox 3319 3239 3481 3302; x_wconf 89' lang='lat' dir='ltr'>chri-</span> 
     </span>
     <span class='ocr_line' id='line_1_77' title="bbox 1979 3333 3477 3417; baseline 0.003 -20"><span class='ocrx_word' id='word_1_435' title='bbox 1979 3335 2199 3398; x_wconf 81' lang='lat' dir='ltr'>stianae</span> <span class='ocrx_word' id='word_1_436' title='bbox 2230 3333 2634 3416; x_wconf 80' lang='lat' dir='ltr'>professioni,</span> <span class='ocrx_word' id='word_1_437' title='bbox 2667 3354 2794 3417; x_wconf 88' lang='lat' dir='ltr'>qua</span> <span class='ocrx_word' id='word_1_438' title='bbox 2834 3336 2917 3398; x_wconf 90' lang='lat' dir='ltr'>ita</span> <span class='ocrx_word' id='word_1_439' title='bbox 2958 3336 3289 3402; x_wconf 80' lang='lat' dir='ltr'>refrenatae</span> <span class='ocrx_word' id='word_1_440' title='bbox 3326 3348 3477 3401; x_wconf 89' lang='lat' dir='ltr'>sunt</span> 
     </span>
     <span class='ocr_line' id='line_1_78' title="bbox 1977 3433 3475 3519; baseline 0.003 -23"><span class='ocrx_word' id='word_1_441' title='bbox 1977 3434 2248 3497; x_wconf 90' lang='lat' dir='ltr'>virtutes</span> <span class='ocrx_word' id='word_1_442' title='bbox 2288 3433 2412 3497; x_wconf 79' lang='lat' dir='ltr'>illae</span> <span class='ocrx_word' id='word_1_443' title='bbox 2457 3435 2785 3498; x_wconf 79' lang='lat' dir='ltr'>contrariae</span> <span class='ocrx_word' id='word_1_444' title='bbox 2828 3441 2958 3496; x_wconf 85' lang='lat' dir='ltr'>tarn</span> <span class='ocrx_word' id='word_1_445' title='bbox 3002 3434 3244 3499; x_wconf 83' lang='lat' dir='ltr'>feroces</span> <span class='ocrx_word' id='word_1_446' title='bbox 3285 3444 3475 3519; x_wconf 89' lang='lat' dir='ltr'>atque</span> 
     </span>
     <span class='ocr_line' id='line_1_79' title="bbox 1979 3532 3478 3614; baseline 0.002 -20"><span class='ocrx_word' id='word_1_447' title='bbox 1979 3539 2290 3614; x_wconf 81' lang='lat' dir='ltr'>potenteS,</span> <span class='ocrx_word' id='word_1_448' title='bbox 2333 3539 2403 3594; x_wconf 90' lang='lat' dir='ltr'>ut</span> <span class='ocrx_word' id='word_1_449' title='bbox 2444 3550 2572 3595; x_wconf 92' lang='lat' dir='ltr'>non</span> <span class='ocrx_word' id='word_1_450' title='bbox 2614 3532 2820 3595; x_wconf 91' lang='lat' dir='ltr'>solum</span> <span class='ocrx_word' id='word_1_451' title='bbox 2865 3533 3091 3597; x_wconf 83' lang='lat' dir='ltr'>laedere</span> <span class='ocrx_word' id='word_1_452' title='bbox 3134 3553 3261 3598; x_wconf 93' lang='lat' dir='ltr'>non</span> <span class='ocrx_word' id='word_1_453' title='bbox 3304 3535 3478 3597; x_wconf 93' lang='lat' dir='ltr'>valu-</span> 
     </span>
     <span class='ocr_line' id='line_1_80' title="bbox 1979 3630 3475 3716; baseline 0.004 -25"><span class='ocrx_word' id='word_1_454' title='bbox 1979 3630 2144 3692; x_wconf 91' lang='lat' dir='ltr'>erint</span> <span class='ocrx_word' id='word_1_455' title='bbox 2181 3630 2550 3704; x_wconf 86' lang='lat' dir='ltr'>Antonium,</span> <span class='ocrx_word' id='word_1_456' title='bbox 2593 3631 2703 3693; x_wconf 93' lang='lat' dir='ltr'>sed</span> <span class='ocrx_word' id='word_1_457' title='bbox 2743 3648 2861 3693; x_wconf 91' lang='lat' dir='ltr'>nec</span> <span class='ocrx_word' id='word_1_458' title='bbox 2898 3632 2976 3694; x_wconf 92' lang='lat' dir='ltr'>ad</span> <span class='ocrx_word' id='word_1_459' title='bbox 3018 3641 3328 3714; x_wconf 89' lang='lat' dir='ltr'>punctum</span> <span class='ocrx_word' id='word_1_460' title='bbox 3368 3652 3475 3716; x_wconf 92' lang='lat' dir='ltr'>po-</span> 
     </span>
     <span class='ocr_line' id='line_1_81' title="bbox 1980 3728 3474 3814; baseline 0.003 -24"><span class='ocrx_word' id='word_1_461' title='bbox 1980 3729 2218 3790; x_wconf 90' lang='lat' dir='ltr'>tuerint</span> <span class='ocrx_word' id='word_1_462' title='bbox 2264 3747 2415 3791; x_wconf 92' lang='lat' dir='ltr'>eum</span> <span class='ocrx_word' id='word_1_463' title='bbox 2463 3729 2539 3790; x_wconf 92' lang='lat' dir='ltr'>de</span> <span class='ocrx_word' id='word_1_464' title='bbox 2590 3728 2749 3790; x_wconf 86' lang='lat' dir='ltr'>cella</span> <span class='ocrx_word' id='word_1_465' title='bbox 2795 3748 2911 3791; x_wconf 92' lang='lat' dir='ltr'>sua</span> <span class='ocrx_word' id='word_1_466' title='bbox 2957 3730 3229 3812; x_wconf 86' lang='lat' dir='ltr'>ejicere3</span> <span class='ocrx_word' id='word_1_467' title='bbox 3272 3752 3474 3814; x_wconf 90' lang='lat' dir='ltr'>quum</span> 
     </span>
     <span class='ocr_line' id='line_1_82' title="bbox 1980 3827 3471 3910; baseline 0.003 -22"><span class='ocrx_word' id='word_1_468' title='bbox 1980 3834 2193 3889; x_wconf 86' lang='lat' dir='ltr'>tamen</span> <span class='ocrx_word' id='word_1_469' title='bbox 2244 3827 2409 3908; x_wconf 84' lang='lat' dir='ltr'>magi</span> <span class='ocrx_word' id='word_1_470' title='bbox 2458 3835 2755 3909; x_wconf 86' lang='lat' dir='ltr'>putarent</span> <span class='ocrx_word' id='word_1_471' title='bbox 2797 3827 2967 3910; x_wconf 92' lang='lat' dir='ltr'>quod</span> <span class='ocrx_word' id='word_1_472' title='bbox 3017 3830 3335 3892; x_wconf 82' lang='lat' dir='ltr'>daemones</span> <span class='ocrx_word' id='word_1_473' title='bbox 3377 3831 3471 3893; x_wconf 88' lang='lat' dir='ltr'>illi</span> 
     </span>
     <span class='ocr_line' id='line_1_83' title="bbox 1981 3925 3474 4010; baseline 0.003 -23"><span class='ocrx_word' id='word_1_474' title='bbox 1981 3925 2210 3988; x_wconf 92' lang='lat' dir='ltr'>ultimo</span> <span class='ocrx_word' id='word_1_475' title='bbox 2240 3925 2441 3999; x_wconf 90' lang='lat' dir='ltr'>missi,</span> <span class='ocrx_word' id='word_1_476' title='bbox 2472 3927 2825 4007; x_wconf 88' lang='lat' dir='ltr'>potuissent</span> <span class='ocrx_word' id='word_1_477' title='bbox 2855 3926 3172 3990; x_wconf 89' lang='lat' dir='ltr'>obducere</span> <span class='ocrx_word' id='word_1_478' title='bbox 3200 3928 3474 4010; x_wconf 89' lang='lat' dir='ltr'>quadam</span> 
     </span>
     <span class='ocr_line' id='line_1_84' title="bbox 1981 4023 3473 4105; baseline 0.003 -20"><span class='ocrx_word' id='word_1_479' title='bbox 1981 4023 2256 4105; x_wconf 89' lang='lat' dir='ltr'>caligine</span> <span class='ocrx_word' id='word_1_480' title='bbox 2284 4024 2483 4087; x_wconf 91' lang='lat' dir='ltr'>solem</span> <span class='ocrx_word' id='word_1_481' title='bbox 2514 4031 2579 4086; x_wconf 91' lang='lat' dir='ltr'>et</span> <span class='ocrx_word' id='word_1_482' title='bbox 2608 4024 2846 4100; x_wconf 87' lang='lat' dir='ltr'>lunam,</span> <span class='ocrx_word' id='word_1_483' title='bbox 2872 4025 2925 4088; x_wconf 92' lang='lat' dir='ltr'>si</span> <span class='ocrx_word' id='word_1_484' title='bbox 2954 4027 3034 4089; x_wconf 88' lang='lat' dir='ltr'>ad</span> <span class='ocrx_word' id='word_1_485' title='bbox 3064 4043 3171 4088; x_wconf 91' lang='lat' dir='ltr'>eos</span> <span class='ocrx_word' id='word_1_486' title='bbox 3201 4025 3473 4089; x_wconf 91' lang='lat' dir='ltr'>fuissent</span> 
     </span>
     <span class='ocr_line' id='line_1_85' title="bbox 1980 4122 2227 4184; baseline -0.004 0"><span class='ocrx_word' id='word_1_487' title='bbox 1980 4122 2227 4184; x_wconf 89' lang='lat' dir='ltr'>directi.</span> 
     </span>
    </p>
   </div>
   <div class='ocr_carea' id='block_1_25' title="bbox 2350 4339 3101 4407">
    <p class='ocr_par' dir='ltr' id='par_1_25' title="bbox 2350 4339 3101 4407">
     <span class='ocr_line' id='line_1_86' title="bbox 2350 4339 3101 4407; baseline 0.004 -3"><span class='ocrx_word' id='word_1_488' title='bbox 2350 4339 2852 4405; x_wconf 85' lang='lat' dir='ltr'>CAPITULUM</span> <span class='ocrx_word' id='word_1_489' title='bbox 2914 4342 3101 4407; x_wconf 89' lang='lat' dir='ltr'>XIX.</span> 
     </span>
    </p>
   </div>
   <div class='ocr_carea' id='block_1_26' title="bbox 1980 4469 3473 4633">
    <p class='ocr_par' dir='ltr' id='par_1_26' title="bbox 1980 4469 3473 4633">
     <span class='ocr_line' id='line_1_87' title="bbox 1980 4469 3473 4540; baseline 0.003 -15"><span class='ocrx_word' id='word_1_490' title='bbox 1980 4469 2151 4538; x_wconf 84' lang='lat' dir='ltr'>Quod</span> <span class='ocrx_word' id='word_1_491' title='bbox 2171 4469 2468 4526; x_wconf 80' lang='lat' dir='ltr'>doemones</span> <span class='ocrx_word' id='word_1_492' title='bbox 2494 4470 2657 4527; x_wconf 78' lang='lat' dir='ltr'>nihil</span> <span class='ocrx_word' id='word_1_493' title='bbox 2681 4471 2925 4528; x_wconf 82' lang='lat' dir='ltr'>valeant</span> <span class='ocrx_word' id='word_1_494' title='bbox 2946 4479 3161 4529; x_wconf 83' lang='lat' dir='ltr'>contra</span> <span class='ocrx_word' id='word_1_495' title='bbox 3184 4474 3473 4540; x_wconf 75' lang='lat' dir='ltr'>homines,</span> 
     </span>
     <span class='ocr_line' id='line_1_88' title="bbox 2121 4560 3327 4633; baseline 0.005 -19"><span class='ocrx_word' id='word_1_496' title='bbox 2121 4560 2251 4614; x_wconf 78' lang='lat' dir='ltr'>nisi</span> <span class='ocrx_word' id='word_1_497' title='bbox 2277 4575 2483 4616; x_wconf 81' lang='lat' dir='ltr'>eorum</span> <span class='ocrx_word' id='word_1_498' title='bbox 2509 4566 2729 4616; x_wconf 79' lang='lat' dir='ltr'>mentes</span> <span class='ocrx_word' id='word_1_499' title='bbox 2749 4562 2935 4633; x_wconf 75' lang='lat' dir='ltr'>priua</span> <span class='ocrx_word' id='word_1_500' title='bbox 2964 4562 3327 4620; x_wconf 70' lang='lat' dir='ltr'>obsederint.</span> 
     </span>
    </p>
   </div>
   <div class='ocr_carea' id='block_1_27' title="bbox 1981 4708 3477 5384">
    <p class='ocr_par' dir='ltr' id='par_1_27' title="bbox 1981 4708 3477 5384">
     <span class='ocr_line' id='line_1_89' title="bbox 2125 4711 3477 4801; baseline 0.003 -26"><span class='ocrx_word' id='word_1_501' title='bbox 2125 4711 2438 4785; x_wconf 85' lang='lat' dir='ltr'>UUMQUE</span> <span class='ocrx_word' id='word_1_502' title='bbox 2466 4730 2545 4775; x_wconf 87' lang='lat' dir='ltr'>ex</span> <span class='ocrx_word' id='word_1_503' title='bbox 2576 4721 2873 4794; x_wconf 79' lang='lat' dir='ltr'>praetacta</span> <span class='ocrx_word' id='word_1_504' title='bbox 2900 4716 3317 4780; x_wconf 89' lang='lat' dir='ltr'>admiratione</span> <span class='ocrx_word' id='word_1_505' title='bbox 3342 4718 3477 4801; x_wconf 90' lang='lat' dir='ltr'>phi·</span> 
     </span>
     <span class='ocr_line' id='line_1_90' title="bbox 1986 4708 3472 4912; baseline 0.006 -42"><span class='ocrx_word' id='word_1_506' title='bbox 1986 4708 2116 4912; x_wconf 76' lang='lat' dir='ltr'><strong>Q</strong></span> <span class='ocrx_word' id='word_1_507' title='bbox 2153 4809 2402 4892; x_wconf 91' lang='lat' dir='ltr'>losophi</span> <span class='ocrx_word' id='word_1_508' title='bbox 2462 4809 2557 4872; x_wconf 93' lang='lat' dir='ltr'>illi</span> <span class='ocrx_word' id='word_1_509' title='bbox 2616 4811 2941 4875; x_wconf 89' lang='lat' dir='ltr'>venissent</span> <span class='ocrx_word' id='word_1_510' title='bbox 2998 4814 3336 4878; x_wconf 80' lang='lat' dir='ltr'>confestim</span> <span class='ocrx_word' id='word_1_511' title='bbox 3394 4816 3472 4879; x_wconf 92' lang='lat' dir='ltr'>ad</span> 
     </span>
     <span class='ocr_line' id='line_1_91' title="bbox 1981 4907 3474 4993; baseline 0.005 -23"><span class='ocrx_word' id='word_1_512' title='bbox 1981 4907 2040 4970; x_wconf 91' lang='lat' dir='ltr'>S.</span> <span class='ocrx_word' id='word_1_513' title='bbox 2077 4908 2447 4982; x_wconf 86' lang='lat' dir='ltr'>Antonium,</span> <span class='ocrx_word' id='word_1_514' title='bbox 2484 4909 2840 4972; x_wconf 91' lang='lat' dir='ltr'>retulerunt</span> <span class='ocrx_word' id='word_1_515' title='bbox 2878 4910 2937 4972; x_wconf 90' lang='lat' dir='ltr'>ei</span> <span class='ocrx_word' id='word_1_516' title='bbox 2977 4912 3251 4993; x_wconf 91' lang='lat' dir='ltr'>qualiter</span> <span class='ocrx_word' id='word_1_517' title='bbox 3289 4913 3474 4977; x_wconf 90' lang='lat' dir='ltr'>fecis-</span> 
     </span>
     <span class='ocr_line' id='line_1_92' title="bbox 1981 5006 3473 5084; baseline 0.005 -17"><span class='ocrx_word' id='word_1_518' title='bbox 1981 5013 2122 5068; x_wconf 89' lang='lat' dir='ltr'>sent</span> <span class='ocrx_word' id='word_1_519' title='bbox 2170 5024 2319 5068; x_wconf 90' lang='lat' dir='ltr'>eum</span> <span class='ocrx_word' id='word_1_520' title='bbox 2374 5006 2601 5068; x_wconf 87' lang='lat' dir='ltr'>tentari</span> <span class='ocrx_word' id='word_1_521' title='bbox 2648 5007 2979 5084; x_wconf 89' lang='lat' dir='ltr'>acerrime,</span> <span class='ocrx_word' id='word_1_522' title='bbox 3020 5017 3083 5071; x_wconf 93' lang='lat' dir='ltr'>et</span> <span class='ocrx_word' id='word_1_523' title='bbox 3130 5029 3351 5074; x_wconf 87' lang='lat' dir='ltr'>causas</span> <span class='ocrx_word' id='word_1_524' title='bbox 3398 5031 3473 5074; x_wconf 88' lang='lat' dir='ltr'>ac</span> 
     </span>
     <span class='ocr_line' id='line_1_93' title="bbox 1983 5105 3467 5184; baseline 0.005 -18"><span class='ocrx_word' id='word_1_525' title='bbox 1983 5105 2247 5167; x_wconf 90' lang='lat' dir='ltr'>insidias</span> <span class='ocrx_word' id='word_1_526' title='bbox 2276 5105 2377 5167; x_wconf 86' lang='lat' dir='ltr'>sui</span> <span class='ocrx_word' id='word_1_527' title='bbox 2406 5105 2638 5178; x_wconf 75' lang='lat' dir='ltr'>occulti</span> <span class='ocrx_word' id='word_1_528' title='bbox 2666 5107 2948 5170; x_wconf 88' lang='lat' dir='ltr'>rancoris</span> <span class='ocrx_word' id='word_1_529' title='bbox 2976 5109 3277 5172; x_wconf 89' lang='lat' dir='ltr'>adversus</span> <span class='ocrx_word' id='word_1_530' title='bbox 3306 5130 3467 5184; x_wconf 89' lang='lat' dir='ltr'>eum,</span> 
     </span>
     <span class='ocr_line' id='line_1_94' title="bbox 1983 5203 3471 5284; baseline 0.005 -19"><span class='ocrx_word' id='word_1_531' title='bbox 1983 5210 2046 5265; x_wconf 87' lang='lat' dir='ltr'>et</span> <span class='ocrx_word' id='word_1_532' title='bbox 2088 5203 2410 5284; x_wconf 91' lang='lat' dir='ltr'>petierunt</span> <span class='ocrx_word' id='word_1_533' title='bbox 2460 5221 2607 5266; x_wconf 84' lang='lat' dir='ltr'>mox</span> <span class='ocrx_word' id='word_1_534' title='bbox 2654 5203 2800 5266; x_wconf 87' lang='lat' dir='ltr'>fieri</span> <span class='ocrx_word' id='word_1_535' title='bbox 2844 5205 3191 5270; x_wconf 88' lang='lat' dir='ltr'>christiani.</span> <span class='ocrx_word' id='word_1_536' title='bbox 3237 5209 3471 5282; x_wconf 88' lang='lat' dir='ltr'>Quum-</span> 
     </span>
     <span class='ocr_line' id='line_1_95' title="bbox 1985 5300 3470 5384; baseline 0.005 -21"><span class='ocrx_word' id='word_1_537' title='bbox 1985 5319 2110 5382; x_wconf 91' lang='lat' dir='ltr'>que</span> <span class='ocrx_word' id='word_1_538' title='bbox 2159 5300 2470 5364; x_wconf 86' lang='lat' dir='ltr'>Antonius</span> <span class='ocrx_word' id='word_1_539' title='bbox 2522 5301 2897 5384; x_wconf 88' lang='lat' dir='ltr'>inquisisset</span> <span class='ocrx_word' id='word_1_540' title='bbox 2949 5311 3011 5366; x_wconf 92' lang='lat' dir='ltr'>et</span> <span class='ocrx_word' id='word_1_541' title='bbox 3062 5307 3343 5370; x_wconf 88' lang='lat' dir='ltr'>audisset</span> <span class='ocrx_word' id='word_1_542' title='bbox 3388 5308 3470 5370; x_wconf 89' lang='lat' dir='ltr'>ab</span> 
     </span>
    </p>
   </div>
  </div>
 </body>
</html>
