4359 6267
147 1784 336 1826 Habue-
353 1798 402 1833 11.

119 1851 154 1889 t.
197 1849 338 1901 juxta

117 1909 238 1952 Lxx.

1099 513 1514 560 COLLATIONUM
1557 513 1642 560 SS.
1678 512 1920 558 PATRUM
1961 510 2136 556 LIBER
2179 510 2240 553 11.
2289 528 2369 537 -
2408 510 2694 556 COLLA‘rto
2733 509 2881 554 XXIV

3420 483 3540 549 417

431 688 540 760 da,
585 685 791 767 sagaci
843 684 1225 747 discret-ione
1276 684 1586 765 dijudicet
1633 699 1793 765 quos
1843 680 2020 743 co-A
2050 686 2112 741 et
2174 679 2282 761 qui
2351 677 2777 759 infatigabiles
2846 683 3023 739 erant
3084 676 3149 738 in
3211 675 3542 738 laboriosis

433 786 675 865 gitatus
707 784 930 846 debeat
960 784 1039 846 ad
1072 803 1140 845 se
1170 783 1417 844 trahere
1451 783 1641 844 hamo
1675 779 1937 852 salubri,

431 890 500 945 et
537 901 697 965 quos
727 882 1006 963 abjicere
1038 881 1262 945 debeat
1292 889 1594 963 tanquam
1637 880 1836 942 malos
1865 897 1939 940 ac

430 981 662 1045 noxios
704 981 930 1063 pisces.

849 1235 1354 1299 CAPITULUM
1418 1234 1532 1298 IV.

579 1377 724 1443 Qua·
754 1390 941 1447 opera
965 1391 1004 1430 a
1033 1374 1339 1429 solitariis
1367 1372 1520 1445 eliqt'
1547 1374 1819 1429 debeant.

587 1568 1060 1642 NI'SQUISQUE
1091 1587 1240 1649 ergo
1271 1568 1334 1629 in
1375 1568 1492 1629 hac
1525 1567 1812 1629 custodia
1845 1566 1942 1645 ju-

603 1669 763 1749 giter
793 1686 1228 1749 perseverans,
1258 1665 1611 1728 efficaciter
1638 1665 1942 1746 adimple-

439 1768 538 1829 bit
580 1769 744 1849 quod
789 1766 1081 1829 Habacuc
1125 1766 1290 1828 clare
1333 1766 1642 1847 expressit
1681 1784 1694 1826 :
1739 1766 1942 1845 Super

2049 778 2353 860 operibus
2392 778 2582 853 ruriS,
2616 784 2997 859 superantur
3026 794 3197 837 nunc
3227 775 3377 849 otio,
3411 774 3546 835 diu-

2050 876 2354 938 turnitate
2396 894 2651 957 quoque
2694 894 2823 937 suae
2866 874 3101 957 quietis
3151 874 3482 936 lassantur.

2482 1131 2985 1195 CAPITULUM
3030 1131 3110 1193 V.

2105 1283 2276 1349 Quod
2300 1284 2658 1353 evagatione
2685 1286 2963 1355 eorporis
2990 1288 3279 1354 yrcwetur
3307 1282 3502 1352 maqis

2258 1388 2440 1445 quam
2470 1372 2772 1428 relevetur
2800 1373 3005 1429 cordis
3031 1372 3339 1427 anxietas.

2190 1571 2285 1633 EC
2340 1573 2573 1634 mirum
2622 1573 2675 1635 si
2721 1573 2865 1654 quis
2914 1572 2979 1633 in
3030 1572 3189 1634 cella
3237 1570 3541 1643 residenS,

2211 1671 2699 1751 cogitationibus
2750 1672 2882 1733 suis
2933 1671 3113 1753 quasi
3165 1672 3330 1733 intra
3381 1670 3547 1731 clau-

2051 1786 2265 1829 suram
2303 1770 2723 1833 arctissimam
2755 1770 3171 1851 congregatiS,
3196 1768 3547 1831 suffocetur

441 1867 796 1930 custodiam
831 1885 1038 1929 meam
1071 1866 1350 1940 stab0,et
1380 1865 1714 1928 ascendam
1749 1884 1941 1946 super
1977 1868 2026 1931 B
2055 1866 2463 1929 multitudine
2493 1869 2881 1930 anxietatum
2914 1887 3195 1941 suarum,
3227 1887 3369 1949 quae
3399 1885 3546 1928 cum

442 1975 713 2049 petram,
747 1974 810 2027 et
849 1964 1226 2047 speculabor
1266 1974 1336 2026 ut
1363 1966 1610 2027 videam
1657 1964 1808 2045 quid
1848 1963 1940 2024 di-

440 2074 621 2128 catur
679 2064 864 2137 mihi,
915 2072 978 2125 et
1028 2064 1181 2144 quid
1241 2063 1655 2145 respondeam
1712 2062 1786 2124 ad
1846 2080 1940 2123 ar·-

439 2171 742 2244 guentem
780 2181 901 2224 me.
939 2162 1114 2235 Quod
1147 2161 1366 2243 quanti
1402 2160 1634 2223 laBoris
1664 2178 1737 2222 ac
1769 2158 1940 2221 diffi-

441 2262 696 2325 cultatis
734 2261 1018 2335 exsistat,
1051 2260 1452 2342 apertissime
1491 2258 1943 2340 comprobatur

439 2360 899 2443 experimentis
933 2360 1187 2421 illorum
1224 2359 1332 2439 qui
1366 2364 1844 2421 commorantur
1874 2357 1939 2418 in

438 2477 655 2521 eremo
715 2457 1164 2539 Porphyrionis
1222 2475 1334 2519 seu
1388 2456 1644 2519 Calami.
1699 2456 1940 2536 Nempe

439 2577 639 2640 quum
683 2563 1058 2638 separentur
1093 2554 1174 2617 ab
1216 2555 1531 2618 universis
1570 2553 1839 2616 urbibus
1879 2561 1941 2615 et

437 2656 819 2718 habitaculis
849 2654 1184 2717 hominum
1220 2654 1486 2735 longiori
1519 2654 1718 2734 spatio
1745 2672 1936 2734 quam

437 2754 846 2837 Scythi(nam
881 2752 1272 2815 introeuntes
1304 2753 1550 2813 deserta
1579 2750 1938 2813 solitudinis

437 2853 839 2925 vastissimae,
878 2870 994 2933 per
1041 2856 1286 2932 septem
1332 2851 1431 2912 vel
1474 2858 1618 2913 octo
1663 2848 1936 2911 mansio-

435 2970 552 3013 nes
594 2950 699 3012 vix
746 2948 1128 3031 perveniunt
1169 2948 1248 3011 ad
1297 2947 1512 3010 abdita
1560 2947 1932 3009 cellularum

2052 1964 2312 2027 homine
2370 1974 2778 2048 erumpentes
2836 1968 2913 2028 de
2962 1965 3325 2029 solitudinis
3386 1966 3544 2039 loce,

2051 2062 2388 2126 confestim
2455 2064 2837 2147 pervolitant
2894 2074 3194 2147 tanquam
3255 2064 3547 2126 indomiti

2051 2162 2199 2243 equi
2246 2181 2359 2243 per
2402 2164 2669 2225 diversa.
2704 2165 2908 2237 Quum
2954 2182 3105 2225 vero
3144 2163 3222 2224 ad
3272 2182 3547 2245 praesens

2050 2261 2231 2340 quasi
2275 2260 2351 2322 de
2392 2262 2525 2323 suis
2573 2262 2839 2324 stabulis
2890 2268 3256 2343 evagantur,
3298 2260 3549 2342 capitur

2049 2358 2309 2439 aliquod
2370 2359 2560 2422 breve
2610 2379 2683 2421 ac
2735 2360 2914 2423 'triste
2972 2359 3305 2437 solatium;
3359 2376 3546 2440 porro

2051 2474 2315 2537 corpore
2345 2459 2423 2520 ad
2456 2458 2681 2520 cellam
2724 2458 3044 2541 propriam
3084 2464 3425 2530 remeante,
3458 2466 3547 2519 to·

2049 2559 2111 2615 ta
2150 2554 2605 2635 cogitationum
2645 2563 2897 2618 caterva
2939 2555 3207 2617 recurrit
3246 2554 3426 2637 quasi
3464 2555 3544 2616 ad

2050 2652 2372 2735 propriam
2432 2655 2669 2728 sedem,
2730 2662 2793 2717 et
2852 2654 3214 2717 inveteratae
3273 2654 3545 2716 licentiae

2050 2752 2443 2814 consuetudo
2486 2753 2717 2815 excitat
2760 2754 3051 2816 stimulos
3094 2752 3431 2833 graviores,
3468 2753 3543 2814 Hi

2047 2868 2199 2931 ergo
2229 2851 2338 2931 qui
2379 2852 2662 2913 nondum
2713 2859 2957 2933 queunt
2985 2860 3094 2913 aut
3125 2851 3349 2913 nolunt
3379 2850 3544 2913 relu-

2049 2948 2206 3010 ctari
2256 2948 2767 3029 instigationibus
2812 2950 3208 3013 voluntatum
3260 2968 3541 3022 suarum,

436 3050 750 3129 suarum),
796 3056 1072 3110 attamen
1125 3047 1321 3125 dediti
1371 3047 1772 3127 agriculturae
1823 3046 1939 3107 ibi-
1975 3049 2018 3113 C
2050 3064 2249 3126 quum
2294 3046 2535 3109 fuerint
2578 3048 2814 3119 anxiati
2859 3048 2925 3110 in
2968 3048 3148 3121 cella,
3194 3047 3411 3109 acedia
3454 3046 3546 3107 in-

435 3149 606 3221 dem,
640 3166 759 3210 nec
802 3148 869 3208 in
915 3146 1164 3209 cellulis
1207 3146 1341 3207 suis
1381 3146 1620 3225 jugiter
1664 3146 1939 3207 residen-

437 3256 556 3319 teS‚
590 3247 744 3308 dum
789 3245 1084 3307 venerint
1132 3245 1208 3306 ad
1263 3244 1398 3306 loca
1442 3244 1680 3325 Scythi,
1715 3243 1816 3305 vel
1860 3244 1935 3305 ad

435 3344 730 3427 squalida
768 3344 889 3406 ista
931 3343 996 3405 in
1037 3342 1273 3425 quibus
1314 3342 1605 3423 degimus
1647 3342 1804 3417 loca,
1837 3362 1939 3404 ve-

435 3450 666 3505 xantur
716 3441 908 3503 tantis
957 3440 1218 3503 aestibus
1267 3447 1329 3501 et
1373 3438 1799 3501 anxietatibus
1837 3459 1937 3502 co-

433 3541 815 3623 gitationum
877 3559 949 3601 ac
1008 3537 1230 3611 animi,
1282 3546 1352 3598 ut
1398 3538 1577 3618 quasi
1639 3537 1826 3600 rudes
1876 3546 1938 3599 et

435 3639 751 3721 inexperti
801 3637 1252 3699 exercitiorum
1311 3636 1606 3699 solitariae
1665 3638 1940 3699 mansio-

433 3738 895 3819 niS‚nequeant
925 3736 1190 3798 tolerare
1223 3736 1788 3797 commorationem
1817 3736 1938 3797 cel-

435 3836 516 3899 1ae
550 3843 610 3897 et
653 3834 889 3918 quietis
929 3834 1204 3907 silentia,
1237 3840 1426 3914 atque
1467 3852 1544 3895 ex
1584 3834 1676 3895 eis
1721 3835 1932 3897 statim

434 3934 712 4007 excussi,
757 3933 1096 3995 turbentur
1160 3941 1458 4013 tanquam
1523 3940 1812 4014 expertes
1874 3942 1936 3995 et

433 4033 611 4094 velut
659 4030 908 4093 novitii.
961 4030 1098 4092 Non
1157 4030 1329 4093 enim
1391 4029 1752 4092 didicerunt
1797 4031 1934 4111 jugi

435 4129 870 4192 sollicitudine
903 4136 965 4190 et
999 4128 1425 4209 perseveranti
1462 4128 1810 4191 intentione
1841 4149 1934 4191 se-

2047 3144 2319 3225 stigante
2366 3154 2587 3227 pectus
2636 3164 2857 3208 eorum
2900 3146 3339 3209 vehementius
3399 3144 3543 3207 soli-

2047 3249 2112 3304 to
2161 3261 2174 3306 :
2222 3243 2275 3303 si
2326 3244 2755 3306 concesserint
2804 3243 2926 3306 sibi
2978 3244 3133 3326 ipsis
3186 3243 3541 3305 libertatem

2048 3340 2416 3421 egrediendi
2470 3342 2888 3423 frequentius,
2942 3344 3077 3425 lege
3127 3342 3543 3405 districtionis

2049 3438 2335 3514 remissa,
2370 3440 2770 3503 suscitabunt
2806 3442 3113 3505 acriorem
3156 3449 3397 3523 pestem
3437 3441 3543 3502 ad-

2046 3555 2269 3599 versus
2316 3557 2384 3600 se
2431 3538 2555 3601 isto
2602 3558 2883 3620 egressu,
2933 3560 3124 3622 quem
3174 3547 3400 3622 putant
3448 3558 3542 3601 es-

2049 3652 2114 3696 se
2147 3636 2501 3698 remedium
2544 3657 2674 3701 suae
2710 3639 2963 3701 acediae.
2999 3639 3539 3712 Quemadmodum

2049 3734 2309 3814 quidam
2355 3743 2579 3816 putant
2618 3756 2686 3799 se
2727 3755 2909 3818 posse
2951 3738 3340 3819 restinguere
3379 3737 3544 3798 calo·

2048 3848 2185 3892 rem
2228 3831 2505 3894 febrium
2558 3834 2949 3896 internarum
2998 3835 3228 3896 haustu
3272 3834 3547 3915 frigidis-

2048 3930 2226 3993 simae
2282 3950 2484 4013 aquae,
2537 3952 2737 4014 quum
2798 3934 3017 4015 utique
3067 3940 3310 3995 constet
3360 3933 3540 3994 illum

2047 4028 2321 4091 calorem
2372 4030 2571 4111 magis
2613 4031 2876 4093 accendi
2920 4051 2997 4093 ex
3039 4032 3160 4093 hoc
3208 4050 3395 4113 quam
3448 4050 3541 4093 se-

2046 4126 2180 4188 dari
2218 4146 2232 4190 :
2270 4128 2398 4191 imo
2428 4127 2697 4191 afflictio
2729 4130 2930 4191 multo
2963 4130 3214 4211 gravior
3253 4130 3542 4210 sequitur

435 4232 586 4292 dare
630 4236 841 4291 motus
893 4227 1212 4290 interioris
1262 4227 1566 4301 hominiS,
1599 4236 1662 4289 et
1705 4229 1933 4309 cogita-
1965 4233 2013 4293 D
2047 4224 2209 4287 illud
2256 4235 2773 4289 momentaneum
2818 4229 3196 4291 relevamen.

437 4328 684 4391 tionum
744 4346 1004 4389 suarum
1063 4325 1551 4407 tempestatibus
1607 4325 1865 4390 obviare
1917 4345 1930 4390 ε

435 4427 547 4509 qui
591 4425 956 4488 insistentes
998 4424 1280 4505 quotidie
1321 4423 1762 4487 subdivalibus
1802 4426 1934 4489 suis

434 4524 762 4606 operibuS,
800 4530 929 4585 tota
965 4522 1068 4584 die
1109 4522 1490 4603 pervolitant
1528 4542 1640 4584 seu
1681 4542 1936 4586 moven—

435 4632 540 4685 tur
600 4621 720 4685 sub
784 4640 950 4693 aere,
1014 4639 1141 4684 non
1205 4621 1412 4683 solum
1477 4638 1760 4703 corpore,
1822 4623 1929 4685 scd

432 4722 626 4784 etiam
681 4726 932 4799 mente3
971 4726 1034 4781 et
1077 4720 1313 4801 passim
1368 4718 1432 4780 in
1481 4727 1771 4801 apertum
1817 4720 1935 4783 dis-

433 4819 714 4882 fundunt
746 4818 1156 4899 cogitationes
1199 4837 1343 4879 suas
1385 4837 1530 4879 cum
1572 4820 1672 4880 sui
1713 4836 1932 4901 corpo-

431 4916 520 4979 ris
553 4916 848 4979 motione.
866 4915 1108 4977 idcirco
1138 4933 1264 4976 non
1298 4916 1582 4977 sentiunt
1612 4917 1934 4980 multimo-

431 5016 578 5077 dam
621 5015 723 5076 sui
767 5012 966 5076 animi
1011 5013 1381 5087 vanitatem,
1423 5033 1541 5076 nec
1588 5016 1933 5097 praevalent

430 5132 724 5177 coercere
766 5112 1046 5174 lubricos
1085 5113 1226 5192 ejus
1267 5112 1614 5187 discursus,
1649 5132 1764 5175 nec
1795 5134 1931 5176 sus-

429 5212 709 5274 tinentes
771 5210 1215 5273 contritionem
1279 5212 1566 5292 spiritus,
1615 5212 1930 5275 aestimant

425 5309 768 5392 jugitatem
812 5307 1050 5370 silentii
1089 5308 1188 5370 sui
1235 5307 1699 5371 intolerabilem
1741 5329 1878 5373 esse
1912 5328 1926 5373 :

2447 4482 2954 4546 CAPITULUM
3015 4482 3133 4546 VI.

2200 4631 2481 4698 Qualiter
2507 4633 2830 4689 monachus
2858 4633 3069 4689 debeat
3096 4632 3398 4689 custodire

2432 4755 2437 4759 -
2496 4723 2897 4793 cogitationes
2925 4738 3086 4779 suas.

2169 4916 2569 4979 ROPTEREA
2592 4918 2803 4980 omnis
2834 4919 3102 4981 intentio
3133 4920 3423 4981 monachi
3458 4921 3545 4982 ita

2189 5023 2283 5077 est
2331 5034 2584 5096 semper
2636 5016 2891 5096 figenda
2946 5017 3011 5079 in
3061 5037 3281 5091 unum,
3334 5026 3397 5079 et
3443 5036 3541 5081 or-

2041 5121 2142 5175 tus
2182 5121 2371 5195 atque
2409 5114 2717 5177 circuitus
2757 5116 3044 5177 omnium
3086 5116 3537 5197 cogitationum

2043 5212 2245 5294 ipsius
2278 5212 2613 5274 revocandi
2647 5220 2795 5275 sunt
2825 5222 3079 5274 strenue
3111 5214 3177 5274 in
3206 5213 3265 5275 id
3300 5214 3531 5295 ipsum,

2042 5311 2107 5372 id
2156 5317 2251 5373 est
2299 5311 2378 5372 ad
2422 5310 2533 5373 Dei
2587 5312 2961 5375 memoriam
3005 5330 3019 5375 :
3062 5312 3235 5374 velut
3285 5313 3337 5375 si
3388 5314 3533 5395 quis
