4359 6267
599 1191 748 1234 Marc.

553 1255 620 1296 24.

759 1205 816 1241 ιιι,
843 1178 1156 1239 sententia
1213 1177 1442 1240 Christi
1504 1177 1773 1239 dicentis
1835 1196 1848 1241 :

608 4258 783 4304 Mami.

553 4335 669 4374 xvui,
699 4325 760 4365 ¹9.

579 4744 696 4788 Ibid.
718 4757 817 4796 xvu,

555 4810 620 4850 ¹9.

844 496 964 560 254

844 703 971 748 non
1000 685 1367 749 dubitemus
1407 686 1563 768 quin
1605 705 1825 768 preces
1865 694 2094 748 nostrae
2125 683 2341 746 effica-
2367 683 2419 746 A
2450 691 2510 744 ta
2550 683 2707 746 illud
2744 704 2757 748 :
2790 684 3015 758 Amen,
3046 703 3235 746 amen
3278 685 3421 747 dico
3457 685 3661 758 vobiS,
3694 685 3848 766 quia
3890 685 3950 748 si
3996 705 4229 753 bnans.

844 784 1004 846 citer
1043 785 1119 847 ad
1155 785 1355 846 Deum
1398 784 1821 867 pervenerint.
1858 785 2124 846 Tantum
2161 783 2336 844 enim

843 883 988 964 quis
1020 883 1370 944 merebitur
1399 883 1682 946 exaudiri
1715 891 1778 945 et
1807 881 2115 955 obtinere,
2140 899 2337 962 quan-

844 989 979 1042 tum
1021 982 1362 1044 crediderit
1399 982 1628 1064 inspici
1659 1000 1724 1043 se
1754 1000 1790 1042 a
1820 982 1969 1053 Dee,
2005 981 2104 1042 vel
2137 980 2337 1042 Deum

843 1097 1028 1161 posse
1069 1087 1383 1161 praestare.
1417 1078 1896 1140 Irretractabilis
1936 1096 2213 1159 namque
2244 1085 2339 1140 est

1912 1177 2337 1258 Quaecumque

843 1284 1093 1338 orantes
1139 1276 1376 1358 petitis,
1419 1276 1656 1338 credite
1700 1275 1851 1356 quia
1891 1274 2241 1356 accipietis,
2276 1282 2340 1336 et

842 1373 1102 1436 venient
1143 1372 1345 1436 vobis,

1144 1664 1576 1728 CAPITULU
1579 1665 1646 1728 M
1707 1663 2027 1728 XXXIII.

932 1849 1225 1920 Objectio,
1265 1851 1427 1922 quod
1463 1850 1772 1920 proedicta
1815 1848 2243 1905 exauditionis

1017 1939 1251 2010 fiducia
1275 1939 1520 1995 Sanctis
1552 1945 1786 1995 tantu-m
1813 1939 2152 1995 conveniat.

985 2161 1344 2225 ERMANUS
1399 2180 1412 2223 ε
1460 2161 1790 2224 Credimus
1845 2161 2027 2222 istam
2084 2159 2339 2222 exaudi-

1013 2260 1203 2323 tionis
1244 2260 1548 2322 fiduciam
1581 2278 1876 2322 emanare
1906 2260 1982 2321 de
2014 2257 2339 2321 conscien-

844 2359 946 2422 tiae
993 2358 1286 2442 puritate.
1343 2359 1462 2421 Sed
1512 2358 1786 2440 qualiter
1832 2375 1946 2420 nos
1997 2374 2337 2438 possumus

843 2477 984 2520 eam
1029 2457 1282 2532 habere,
1317 2475 1589 2539 quorum
1631 2458 1818 2520 corda
1864 2455 2086 2538 pungit
2130 2456 2337 2517 adhuc

842 2556 1088 2638 peccati
1137 2555 1340 2637 spina,
1384 2555 1495 2637 qui
1544 2574 1671 2619 non
1721 2555 2030 2618 habemus
2081 2554 2339 2636 propria

844 2655 1068 2718 merita
1118 2653 1302 2716 nobis
1348 2654 1830 2736 patrocinantia,
1881 2653 2117 2736 quibus
2171 2651 2337 2714 fidu-

842 2753 1086 2815 cialiter
1126 2770 1586 2835 praesumamus
1617 2752 1930 2815 orationes
1970 2759 2216 2814 nostras
2245 2770 2339 2814 es·

841 2870 909 2914 se
953 2851 1376 2914 exaudiendas
1408 2855 1432 2912 'e
2198 2847 2207 2858 “

1146 3141 1652 3207 CAPITULUM
1713 3141 2028 3206 XXXIV.

985 3327 1318 3401 Responsio
1347 3328 1420 3384 de
1446 3327 1709 3383 diversis
1736 3326 2207 3383 exauditionum

1481 3432 1702 3472 causta.

924 3643 1151 3706 SAAC:
1178 3641 1553 3724 Evangelica
1579 3649 1768 3722 atque
1800 3642 2170 3724 prophetica
2202 3660 2341 3704 con-

941 3749 1252 3805 testantur
1274 3740 1544 3823 eloquia,
1565 3741 1733 3822 quod
1759 3739 2024 3803 diversae
2053 3741 2181 3802 sint
2208 3759 2342 3802 cau-

845 3861 930 3905 sae
973 3841 1474 3914 exauditionum,
1510 3839 1692 3921 juxta
1739 3840 2096 3901 animarum
2140 3839 2345 3901 diver-

845 3960 990 4003 sum
1019 3959 1091 4002 ac
1117 3939 1360 4002 varium
1389 3945 1637 4001 statum.
1655 3939 1858 4001 Habes
1883 3939 2058 4001 enim
2088 3938 2340 4018 signum

845 4038 1268 4102 exauditionis
1317 4056 1393 4100 ex
1445 4037 1864 4100 consensione
1913 4037 2185 4098 duorum
2234 4045 2344 4097 aut

848 4139 1043 4201 trium
1114 4136 1404 4211 fratrum,
1471 4135 1844 4198 auctoritate
1913 4135 2166 4208 Christi,
2229 4135 2341 4217 qui

1557 516 1974 562 COLLATIONL'M
2015 516 2100 561 SS.
2137 515 2380 560 PATRUM
2422 515 2595 560 LIBER
2636 517 2675 560 1.
2722 533 2799 544 ·-·
2842 515 3129 562 COLLATlo
3170 517 3235 562 11

2448 800 2575 845 non
2608 791 2863 864 propter
2890 783 3486 858 amicitiam,saltem
3518 792 3777 866 propter
3804 785 3949 865 ejus

2448 880 2923 962 improbitatem
2964 891 3200 963 surget,
3232 890 3296 944 et
3326 882 3501 945 dabit
3538 883 3596 945 ei
3632 891 3947 964 quantum

2448 997 2608 1060 opus
2657 979 2865 1041 habet.
2908 980 3109 1042 Habes
3153 989 3215 1043 et
3261 981 3455 1043 aliam
3490 1001 3567 1043 ex
3612 982 3949 1063 largitione

2448 1078 2995 1160 eleemosynarum
3030 1097 3043 1141 :
3077 1079 3484 1153 Abscondite,
3519 1081 3749 1163 inquit,
3784 1082 3947 1146 elee-
3977 1101 4246 1148 Exitum,

2451 1193 2779 1258 mosynam
2819 1176 2885 1238 in
2925 1177 3071 1239 sinu
3112 1179 3433 1260 pauperiS,
3466 1187 3529 1242 et
3565 1179 3702 1261 ipsa
3740 1181 3951 1242 orabit
3981 1167 4049 1206 ¹⁵·

2450 1291 2563 1354 pro
2606 1281 2668 1336 te
2712 1275 2791 1336 ad
2840 1275 3183 1337 Dominum
3236 1276 3301 1338 in
3352 1285 3637 1360 tempore
3686 1278 3951 1341 tribula-

2449 1372 2659 1434 tionis.
2703 1373 2905 1435 Habes
2954 1372 3145 1435 aliam
3194 1375 3260 1436 in
3308 1375 3753 1439 emendatione
3800 1378 3949 1441 vitae

2448 1478 2511 1532 et
2549 1471 2854 1552 operibus
2898 1463 3371 1548 misericordias,
3406 1476 3949 1556 quemadmodum

2448 1569 2760 1650 scriptum
2811 1579 2907 1632 est
2950 1590 2963 1634 ε
3010 1571 3295 1634 Dissolve
3346 1572 3780 1654 colligationes
3829 1575 3946 1637 im·
3978 1597 4051 1638 ι..
4078 1599 4243 1639 muns.

2450 1667 2725 1749 pietatiS,
2769 1668 2941 1732 solve
2993 1669 3329 1733 fasciculos
3375 1672 3825 1754 deprimentes,
3870 1674 3949 1736 Et

2448 1774 2591 1847 post
2622 1786 2842 1848 pauca,
2862 1768 3097 1849 quibus
3128 1767 3595 1832 infructuosum
3621 1771 3945 1852 jejunium

2372 1869 2419 1930 B
2452 1864 2836 1948 increpatur,
2879 1867 3293 1949 subjungitur
3326 1887 3339 1930 :
3374 1870 3549 1931 Tunc
3592 1870 3941 1945 invocabiS,
4020 1893 4142 1936 lm.
4166 1895 4208 1933 s.

2448 1971 2512 2026 et
2555 1965 2861 2028 Dominus
2910 1967 3239 2046 exaudiet3
3280 1967 3607 2041 clamabiS,
3648 1974 3712 2030 et
3754 1969 3942 2044 dicet,

2449 2062 2609 2125 Ecce
2652 2063 2897 2126 adsum.
2942 2065 3226 2147 Denique
3276 2067 3645 2147 magnitudo
3687 2067 3948 2130 tribula-

2449 2163 2696 2224 tionum
2756 2163 2908 2226 facit
2964 2164 3305 2246 aliquando
3364 2165 3673 2239 exaudiri,
3724 2185 3947 2228 secuu-

2449 2261 2600 2322 dum
2651 2261 2810 2323 illud
2856 2280 2870 2324 ε
2913 2262 3005 2325 Ad
3051 2263 3390 2326 Dominum
3436 2284 3637 2346 quum
3688 2265 3947 2327 tribula·
3978 2288 4233 2333 hema.

2450 2378 2551 2421 rer
2592 2360 2884 2433 clamavi,
2926 2369 2987 2424 et
3030 2362 3353 2424 exaudivit
3397 2381 3535 2442 me3
3579 2371 3643 2425 et
3688 2364 3941 2440 iterum,
3976 2389 4245 2434 Emonam.

2448 2457 2537 2519 Ne
2573 2457 2885 2520 afflixeris
2925 2449 3257 2533 advenam,
3292 2461 3443 2542 quia
3482 2461 3536 2522 si
3578 2462 3943 2525 clamaverit
3980 2457 4052 2504 ²¹-
4082 2458 4149 2497 ²⁷·

2448 2557 2525 2618 ad
2582 2575 2704 2630 me,
2758 2557 3092 2619 exaudiam
3152 2577 3323 2634 eum,
3374 2559 3527 2640 quia
3584 2559 3944 2623 misericors

2449 2673 2611 2716 sum.

2528 2753 2769 2816 Videtis
2816 2772 2966 2835 ergo
3016 2772 3207 2835 quam
3257 2755 3477 2817 multis
3529 2756 3733 2818 modis
3788 2757 3947 2819 obti-

2448 2860 2673 2915 neatur
2708 2853 2908 2933 gratia
2950 2871 3062 2915 seu
3106 2852 3346 2915 fiducia
3388 2854 3835 2926 exauditioniS,
3878 2863 3949 2916 ut

2448 2969 2637 3012 nemo
2682 2951 3121 3033 desperatione
3166 2952 3571 3015 conscientiae
3613 2973 3743 3016 suae
3782 2953 3949 3015 fran-

2374 3055 2417 3117 C
2447 3056 2631 3130 gatur
2660 3069 2697 3111 a
2725 3068 2839 3130 spe
2874 3050 3255 3132 impetrandi
3288 3049 3571 3113 salubria
3597 3058 3661 3114 et
3690 3058 3941 3114 aeterna.

2449 3149 2525 3211 Ut
2555 3149 2728 3211 enim
2759 3167 2837 3210 ex
2868 3149 3373 3212 consideratione
3408 3147 3811 3212 miseriarum
3842 3168 3949 3213 no-

2450 3255 2721 3309 strarum
2755 3249 3097 3310 concedam
3130 3266 3244 3311 nos
3268 3267 3408 3311 esse
3438 3250 3774 3312 destitutos
3802 3254 3957 3312 cun-'

2450 3347 2569 3408 ctis
2628 3346 2973 3408 virtutibus
3032 3353 3095 3409 et
3150 3346 3401 3409 actibus
3459 3347 3761 3411 virtuosis
3816 3348 3945 3430 jam

2453 3445 2839 3519 memoratiS,
2892 3464 3010 3508 nec
3059 3445 3291 3507 habere
3339 3463 3455 3508 nos
3514 3446 3692 3508 illam
3740 3447 3950 3510 lauda-

2452 3544 2650 3606 bilem
2700 3544 2972 3606 duorum
3023 3544 3529 3619 consensionem,
3582 3565 3701 3608 nec
3751 3546 3945 3610 fidem

2452 3651 2691 3705 tantam
2722 3663 2863 3725 quae
2894 3661 3089 3724 grano
3119 3642 3359 3726 sinapis
3392 3653 3949 3727 comparatur,nec

2451 3761 2643 3824 opera
2682 3742 2935 3824 pietatis
2966 3763 3107 3824 quae
3137 3743 3443 3805 describit
3473 3744 3820 3826 Propheta3
3862 3753 3949 3808 ta-

2455 3860 2601 3903 men
2642 3841 2875 3902 habere
2907 3841 3192 3902 valemus
3234 3841 3783 3924 importunitatem
3818 3862 3951 3907 ora-

2454 3939 2665 4012 tioniS‚
2728 3959 2869 4020 quae
2936 3939 3220 4020 suppetit
3278 3940 3452 4002 omni
3512 3939 3775 4015 volenti,
3839 3962 3951 4024 per

2452 4057 2645 4120 quam
2709 4037 3015 4099 Dominus
3078 4038 3464 4120 repromittit
3520 4057 3587 4100 se
3650 4040 3947 4101 daturum

2452 4136 2763 4218 quidquid
2814 4135 3009 4197 fuerit
3053 4135 3460 4218 postulatum.
3504 4135 3664 4198 Hinc
3707 4138 3949 4220 absque

845 4237 934 4299 ait
975 4256 990 4300 ι
1035 4236 1098 4298 Si
1142 4236 1269 4298 duo
1317 4254 1394 4297 ex
1433 4235 1616 4297 vobis
1666 4234 2104 4297 consenserint
2151 4252 2344 4315 super
2372 4239 2422 4300 D
2454 4234 2845 4297 haesitatione
2906 4233 3305 4296 infidelitatis
3370 4234 3796 4297 insistendum
3852 4245 3951 4299 est

848 4344 1080 4397 terram
1128 4335 1205 4396 de
1259 4334 1434 4396 omni
1494 4352 1562 4395 re
1614 4351 2085 4415 quamcumque
2146 4333 2342 4414 petie-

849 4433 996 4506 rint,
1039 4431 1156 4494 fiet
1204 4432 1330 4494 illis
1378 4450 1415 4493 a
1462 4433 1639 4494 Patre
1690 4449 1849 4493 meo.
1899 4430 2101 4494 Habes
2149 4431 2340 4492 aliam

848 4530 1271 4592 exauditionis
1302 4529 1609 4592 fiduciam
1643 4530 1707 4590 in
1739 4529 2136 4610 plenitudine
2161 4530 2338 4605 fidei,

848 4649 990 4710 quae
1037 4646 1234 4709 grano
1282 4627 1523 4710 sinapis
1581 4627 1990 4701 assimilatur,
2044 4628 2211 4690 sicut
2256 4629 2343 4690 ait

848 4726 1133 4790 Salvator
1175 4743 1188 4787 :
1235 4726 1297 4788 Si
1349 4726 1699 4788 habueritis
1748 4724 1944 4788 fidem
1995 4726 2158 4788 sicut
2207 4746 2342 4807 gra-

847 4845 1004 4887 num
1054 4823 1316 4906 sinapiS,
1369 4824 1593 4886 dicetis
1646 4824 1845 4886 monti
1897 4824 2069 4898 huic,
2121 4826 2339 4888 Transi

845 4924 1020 4999 hinc,
1053 4930 1116 4986 et
1147 4922 1475 5002 transibit3
1507 4931 1571 4985 et
1601 4922 1762 4984 nihil
1794 4922 2191 5004 impossibile
2223 4924 2344 4986 erit

845 5021 1048 5084 vobiS.
1085 5021 1289 5083 Habes
1329 5029 1392 5083 et
1421 5020 1610 5082 aliam
1651 5020 2072 5083 exauditionis
2112 5020 2341 5084 fiduci-

842 5138 947 5182 am
978 5139 1055 5182 ex
1086 5119 1453 5182 assiduitate
1493 5119 1872 5194 orationum,
1906 5139 2099 5201 quam
2131 5139 2341 5184 sermo

841 5218 1098 5280 divinus
1141 5226 1322 5279 vocat
1359 5218 1904 5301 importunitatem
1947 5226 2205 5300 propter
2246 5219 2339 5280 in-

842 5315 1156 5379 defessam
1187 5316 1570 5397 petitionum
1603 5317 2161 5398 perseverantiam,
2191 5317 2336 5398 jux-

2453 4332 2772 4415 precibus,
2824 4351 2943 4394 nec
2990 4340 3085 4394 est
3132 4332 3553 4395 dubitandum
3603 4333 3685 4394 ab
3734 4334 3951 4417 aliquo

2452 4432 2605 4513 quin
2636 4431 3005 4493 assiduitate
3029 4449 3247 4493 earum
3278 4430 3566 4493 obtinere
3596 4432 3949 4512 poterimus

2451 4528 2763 4611 quidquid
2826 4529 3165 4590 salubriter
3226 4529 3545 4610 deprecati
3611 4529 3944 4592 fuerimus.

2452 4627 2758 4690 Dominus
2814 4645 3089 4708 namque
3140 4627 3358 4689 volens
3418 4633 3717 4709 praestare
3767 4629 3951 4692 coele-

2452 4727 2571 4787 stia
2600 4734 2662 4787 et
2692 4733 2945 4796 aeterna,
2980 4725 3267 4786 hortatur
3307 4741 3421 4786 nos
3454 4733 3523 4786 ut
3552 4734 3949 4789 coarctemus

2450 4844 2597 4887 eum
2648 4824 3113 4906 quodammodo
3172 4831 3387 4886 nostra
3444 4825 3945 4906 importunitate,

2451 4923 2560 5006 qui
2612 4923 3007 5005 importunos
3056 4941 3182 4985 non
3243 4921 3449 4984 solum
3499 4923 3951 5005 non·despicit

2450 5041 2567 5084 nec
2600 5020 2853 5095 refutat,
2888 5022 2997 5082 sed
3029 5021 3221 5083 etiam
3257 5020 3483 5083 invitat
3512 5028 3575 5082 et
3606 5020 3845 5096 laudat,
3878 5042 3947 5084 ac

2449 5120 2553 5202 pie
2618 5120 2933 5201 promittit
2993 5119 3289 5181 daturum
3353 5138 3421 5181 se
3480 5119 3571 5181 eis
3630 5120 3943 5204 quidquid

2449 5227 2926 5300 perseveranter
2963 5219 3283 5280 oraverint
3315 5234 3330 5279 t
3362 5217 3557 5280 Petite
3588 5219 3945 5301 (inquiens)
3988 5243 4227 5288 Lamus.
4301 5201 4302 5228 ³

2444 5324 2507 5378 et
2544 5315 2909 5397 accipietis;
2953 5315 3238 5397 quaerite,
3276 5323 3339 5378 et
3381 5314 3758 5396 invenietis3
3802 5318 3939 5400 pul-
