4359 6267
124 3038 323 3091 Roas-132.

114 4113 319 4175 Phifippw,

116 4182 162 4225 ¹³.
180 4187 229 4225 Η.

1075 504 1492 553 coLLATmNUM
1533 505 1619 550 SS.
1653 503 1899 550 Parnm!
1938 502 2115 549 LIBER
2157 506 2197 549 1.
2241 522 2323 532 —
2363 502 2649 550 COLLATIO
2692 504 2713 549 Ι

3322 483 3441 549 137

364 682 457 735 tur
488 674 697 756 jacula
735 694 851 737 seu
889 676 1143 757 sagittas
1175 674 1453 756 defigere
1493 675 1559 736 in
1598 673 1839 755 parvis·
1867 671 1917 733 A
1952 680 2016 735 et
2044 673 2355 755 quidquid
2394 674 2658 736 retrahit
2681 692 2754 736 ac
2786 673 3053 755 impedit
3081 673 3160 735 ab
3191 674 3434 747 eadem,

364 772 575 833 simam
638 772 957 835 scutulam
1014 773 1264 855 depicta
1328 774 1395 834 in
1452 791 1521 834 se
1580 771 1841 854 praemia

363 871 799 943 continentem,
864 871 1020 933 certi
1085 872 1252 952 quod
1318 869 1653 952 pervenire
1712 887 1839 931 non

360 968 591 1049 possint
636 969 717 1030 ad
764 968 965 1031 finem
1014 968 1259 1051 praemii
1314 967 1661 1050 concupiti,
1713 966 1839 1028 nisi

360 1084 465 1147 per
498 1086 627 1129 suae
664 1067 1103 1129 destinationis
1145 1066 1641 1147 intentionisque
1684 1064 1839 1126 line-

360 1182 452 1225 am
502 1181 517 1225 :
566 1164 737 1245 quod
796 1165 1017 1246 utique
1077 1164 1412 1246 praemium
1472 1163 1835 1235 sortientur,

360 1280 543 1342 quum
589 1262 878 1325 obtinere
928 1262 1245 1324 valuerint
1292 1280 1422 1323 suae
1469 1259 1840 1322 intentionis

358 1360 764 1441 propositum,
827 1360 1143 1441 'tangendo
1198 1358 1497 1421 videlicet
1561 1358 1834 1438 signum.

356 1456 517 1529 Quod
559 1458 613 1518 si
660 1458 893 1520 intueri
936 1458 1343 1531 cessaverint,
1388 1475 1516 1519 non
1564 1456 1841 1517 sentient

355 1572 417 1616 se
460 1554 766 1618 defecisse
816 1576 855 1618 a
904 1564 1073 1617 recta
1123 1573 1197 1617 ac
1246 1556 1443 1637 petita
1490 1553 1839 1616 directione

354 1653 605 1733 sagittae,
639 1663 1227 1735 quantumcumque
1268 1672 1446 1716 cassa
1482 1669 1704 1714 eorum
1745 1652 1839 1712 in-

354 1751 541 1813 tentio
584 1750 835 1813 aberret
876 1769 913 1812 a
955 1752 1208 1813 tramite
1260 1758 1433 1814 recto
1476 1768 1491 1811 :
1535 1751 1837 1832 quoniam

1946 772 2147 833 vitare
2196 772 2502 834 debemus
2549 780 2851 853 tanquam
2902 771 3330 853 perniciosum
3379 776 3442 832 et

1947 870 2230 932 noxium.
2265 870 2550 952 Denique
2593 887 2706 952 pro
2743 868 3153 951 adipiscenda
3191 887 3263 931 ac
3299 887 3439 949 per-

1946 966 2223 1030 ficienda
2251 968 2370 1030 hac
2400 968 2607 1031 cordis
2645 970 2920 1050 puritate
2950 966 3164 1029 omnia
3192 966 3440 1048 agimus

1946 1084 2021 1127 ac
2077 1066 2468 1129 sustinemus
2527 1084 2541 1127 τ
2598 1084 2714 1147 pro
2771 1065 2887 1127 hac
2948 1072 3443 1128 contemnuntur

1948 1172 2263 1245 parenteS,
2307 1164 2530 1246 patria,
2578 1164 2935 1245 dignitateS‚
2977 1162 3214 1225 divitiae
3251 1170 3442 1243 atque

1947 1262 2192 1325 deliciae
2252 1262 2444 1344 hujus
2509 1262 2732 1325 mundi
2790 1269 2854 1324 et
2911 1261 3208 1322 universa
3263 1259 3442 1323 volu-

1948 1367 2109 1442 ptaS,
2143 1370 2215 1423 ut
2258 1361 2502 1423 scilicet
2547 1361 2788 1443 puritas
2838 1360 3046 1422 cordis
3095 1358 3442 1420 retineatur

1948 1467 2274 1541 perpetua.
2309 1459 2434 1521 Hac
2466 1460 2678 1541 itaque
2711 1458 2984 1540 puritate
3025 1458 3350 1539 proposita
3378 1464 3442 1518 et

1948 1558 2210 1631 intenta,
2236 1557 2589 1619 rectissime
2618 1557 2972 1637 dirigentur
3000 1557 3078 1619 ad
3109 1575 3251 1618 eam
3281 1574 3442 1617 sem-

1947 1674 2062 1736 per
2118 1663 2297 1717 actus
2355 1656 2555 1717 nostri
2601 1664 2665 1717 et
2713 1654 3142 1736 cogitationes.
3192 1655 3340 1727 Quae
3386 1652 3441 1715 si

1948 1770 2075 1815 non
2121 1752 2310 1815 fuerit
2355 1753 2595 1834 jugiter
2642 1754 2984 1816 constituta
3030 1760 3176 1815 ante
3222 1752 3441 1815 oculos

355 1847 595 1910 nullum
642 1855 889 1911 certum
946 1848 1183 1911 habent
1230 1849 1484 1929 signum
1534 1866 1660 1928 quo
1709 1867 1839 1910 suae
1874 1852 1921 1913 B
1949 1860 2177 1915 nostrae
2211 1852 2464 1926 mentiS,
2498 1870 2625 1915 non
2665 1852 2872 1914 solum
2903 1851 3146 1914 efficiet
3176 1857 3440 1913 cunctos

356 1946 713 2011 directionis
773 1948 1045 2030 probent
1100 1947 1417 2030 peritiam,
1473 1947 1574 2010 vel
1634 1948 1841 2009 redar-

353 2053 537 2124 guant
584 2046 727 2126 ejus
774 2064 1073 2109 errorem.
1126 2047 1272 2108 Ideo
1320 2064 1519 2127 quum
1580 2044 1837 2106 inutiles

351 2142 547 2222 jactus
596 2144 663 2206 in
702 2163 915 2207 aerem
953 2163 1113 2206 vane
1152 2144 1479 2225 ejecerint,
1513 2151 1840 2224 nequeunt

349 2240 627 2320 judicare
679 2242 746 2303 in
795 2259 921 2323 quo
970 2248 1081 2302 aut
1126 2247 1435 2321 quantum
1490 2239 1840 2301 erraverint

354 2338 478 2400 sive
505 2339 758 2421 decepti
790 2340 936 2413 sint,
970 2338 1273 2420 quoniam
1303 2337 1553 2399 nullum
1584 2338 1838 2418 signum

352 2437 436 2498 eis
490 2438 771 2500 ostendit
828 2444 1135 2518 quantum
1182 2455 1221 2497 a
1270 2442 1440 2497 recta
1498 2436 1840 2498 emissione

353 2536 585 2615 sagittas
630 2534 1001 2609 defecerint,
1044 2552 1161 2596 nec
1210 2534 1381 2595 ullus
1432 2533 1700 2595 intuitus
1750 2534 1843 2596 in-

352 2635 531 2696 struit
574 2652 684 2697 eos
728 2634 1005 2716 qualiter
1042 2632 1317 2694 debeant
1358 2631 1660 2714 deinceps
1704 2649 1839 2693 cor-

354 2731 546 2812 rigere
584 2738 699 2793 aut
736 2748 1033 2794 revocare
1067 2730 1483 2792 directionem
1512 2738 1575 2791 et
1605 2730 1838 2791 lineam

353 2830 495 2891 artis
534 2849 686 2893 suae.
722 2830 813 2891 Ita
841 2846 990 2911 ergo
1019 2836 1081 2890 et
1112 2828 1311 2891 nostri
1350 2827 1658 2909 propositi
1689 2826 1840 2888 finis

352 2934 441 2988 est
473 2929 607 2989 vita
648 2936 903 3001 aeterna,
936 2926 1289 2989 secundum
1328 2925 1723 3007 Apostolum,
1757 2925 1844 2987 di-

352 3033 523 3087 cente
564 3026 795 3088 eodem
840 3043 855 3087 :
896 3026 1211 3089 Habentes
1254 3024 1515 3106 quidem
1556 3023 1839 3085 fructum
1877 3029 1921 3093 G

348 3132 629 3186 vestrum
680 3124 747 3186 in
795 3123 1391 3197 sanctificationem,
1438 3122 1640 3184 finem
1689 3140 1840 3185 vero

346 3221 535 3284 vitam
565 3230 891 3285 aeternam.
926 3223 1144 3303 ltaque
1174 3238 1400 3303 scopos
1441 3238 1553 3282 seu
1590 3218 1838 3280 fructus

347 3328 435 3381 est
481 3320 730 3402 puritas
788 3320 1018 3394 cordiS,
1070 3338 1263 3400 quam
1310 3317 1649 3399 Apostolus
1708 3332 1835 3378 non

344 3418 662 3481 immerito
695 3418 1091 3500 nuncupavit
1127 3415 1721 3488 sanctificationem,
1754 3414 1836 3475 si-

344 3534 419 3579 ne
447 3536 575 3599 qua
606 3516 947 3599 praedictus
977 3515 1154 3590 finis,
1171 3520 1389 3596 utpote
1419 3514 1551 3575 vita
1579 3520 1832 3586 aeterna,

346 3632 464 3677 non
519 3614 760 3698 poterit
815 3613 1109 3677 obtineri.
1162 3613 1252 3675 Ac
1310 3612 1364 3674 si
1422 3612 1565 3674 aliis
1622 3610 1836 3672 verbis

344 3712 603 3776 dixisset
665 3732 681 3776 ε
740 3713 1055 3775 Habentes
1113 3710 1373 3792 quidem
1432 3726 1670 3791 scopon
1726 3727 1837 3771 ve·

345 3818 541 3873 strum
574 3812 645 3873 in
672 3810 881 3874 cordis
912 3810 1208 3892 puritate,
1229 3809 1431 3871 finem
1459 3824 1611 3870 vero
1638 3807 1835 3868 vitam

344 3918 663 3972 aeternam.
707 3909 795 3971 De
842 3927 970 3990 qua
1016 3907 1433 3970 destinatione
1483 3924 1594 3967 seu
1644 3922 1837 3986 scopo

346 4024 455 4070 nos
485 4010 725 4071 docens
766 4008 934 4069 idem
965 4005 1327 4088 ApostoluS,
1360 4005 1574 4086 ipsum
1604 4021 1836 4066 nomen

345 4106 667 4187 signanter
707 4104 1041 4187 expressit,
1078 4103 1347 4166 dicendo
1391 4122 1405 4167 ε
1447 4103 1595 4175 Quae
1637 4109 1841 4184 poste-

1948 1959 2195 2013 nostros
2239 1951 2486 2012 labores
2530 1968 2720 2031 vagos
2761 1958 2950 2031 atque
2995 1948 3344 2022 instabileS,
3377 1956 3441 2010 et

1948 2048 2288 2130 compellet
2333 2066 2440 2111 eos
2497 2047 2744 2110 effundi
2804 2048 3124 2109 incassum
3184 2054 3246 2109 et
3304 2046 3442 2108 sine

1945 2146 2079 2208 ullo
2117 2145 2428 2227 profectu,
2463 2145 2572 2207 sed
2611 2145 2804 2207 etiam
2843 2144 3176 2207 suscitabit
3212 2143 3443 2225 cogita-

1949 2244 2149 2306 tiones
2209 2243 2490 2306 diversas
2546 2261 2620 2305 ac
2678 2242 2801 2305 sibi
2860 2244 3224 2306 contrarias.
3287 2242 3444 2315 Quia

1948 2360 2206 2405 necesse
2254 2350 2350 2404 est
2399 2348 2678 2403 mentem
2737 2359 2864 2404 non
2923 2342 3264 2404 habentem
3313 2356 3440 2421 quo

1948 2448 2230 2502 recurrat
2259 2447 2322 2501 et
2352 2440 2455 2501 cui
2486 2438 2926 2521 principaliter
2955 2439 3257 2503 inhaereat
3285 2456 3444 2500 sem-

1948 2557 2082 2620 per,
2116 2538 2350 2600 mutari
2380 2556 2494 2619 per
2523 2538 2708 2599 horas
2743 2538 3024 2618 singulas
3045 2556 3126 2599 ac
3159 2554 3440 2599 momen-

1948 2644 2011 2698 ta
2053 2637 2236 2718 juxta
2283 2635 2756 2698 occurrentium
2803 2636 3198 2709 varietatem,
3250 2642 3440 2715 atque

1948 2736 2015 2797 in
2076 2734 2262 2795 illum
2323 2741 2556 2797 statum
2621 2734 2924 2796 continuo
2979 2732 3437 2806 transformari,

1948 2833 2057 2915 qui
2119 2833 2365 2915 primus
2412 2832 2762 2895 occurrerit
2809 2851 2888 2895 ex
2947 2832 3046 2893 his
3095 2850 3238 2912 quae
3286 2829 3440 2893 foris

1948 2931 2264 2993 accidunt.

2354 3175 2856 3239 CAPITULUM
2919 3175 3037 3239 VI.

1948 3326 2032 3380 De
2060 3325 2143 3380 iis
2176 3323 2286 3397 qut·
2316 3323 2536 3379 mundo
2563 3324 2988 3379 renuntiantes
3025 3322 3278 3379 tendunt
3309 3324 3442 3379 sine

2273 3413 2535 3469 caritate
2561 3412 2646 3469 ad
2664 3411 3119 3485 perfectionem.

2096 3610 2224 3673 lNc
2268 3628 2540 3691 namque
2578 3617 2696 3683 est,
2729 3608 2900 3691 quod
2933 3608 3213 3672 vidimus
3253 3627 3443 3691 quos—

2110 3709 2256 3771 dam
2282 3714 2757 3770 contemnentes
2788 3707 3090 3769 maximas
3114 3707 3308 3789 hujus
3338 3726 3446 3771 sae-

1946 3807 2075 3869 culi
2118 3807 2472 3881 facultates,
2505 3824 2624 3869 nec
2663 3805 2872 3868 solum
2915 3806 3150 3869 talenta
3195 3806 3442 3887 argenti

1944 3921 2019 3966 ac
2045 3903 2335 3977 auri,sed
2365 3913 2427 3966 et
2457 3902 2999 3986 magnificentiam
3030 3903 3437 3984 praediorum,

1946 4002 2057 4084 qui
2096 4009 2312 4064 tamen
2355 4008 2496 4083 post
2533 4002 2669 4065 haec
2711 4000 3281 4064 commovebantur
3324 4017 3441 4081 pro

1944 4100 2233 4181 graphi0‚
2267 4099 2508 4162 calamo
2551 4106 2660 4161 aut
2705 4098 3024 4181 scalpello.
3061 4098 3178 4172 Qui
3225 4098 3278 4160 si
3321 4105 3443 4160 sta-

348 4206 507 4268 riora
565 4212 718 4267 sunt
774 4202 1184 4275 obliviscenS,
1235 4201 1311 4263 ad
1371 4220 1445 4262 ea
1488 4218 1639 4262 vero
1698 4218 1839 4281 quae
1865 4204 1914 4263 D
1947 4199 2161 4261 biliter
2192 4198 2589 4259 intuerentur
2617 4196 2825 4259 cordis
2857 4196 3258 4269 munditiam,
3284 4215 3445 4257 nun-

344 4312 484 4365 ante
514 4309 669 4365 sunt
696 4300 1043 4363 extendens
1084 4317 1207 4372 me,
1240 4299 1317 4360 ad
1351 4297 1838 4359 destinationem

345 4415 712 4481 persequor,
753 4397 835 4460 ad
884 4396 1179 4459 bravium
1227 4414 1518 4478 supernae
1565 4395 1840 4457 vocatio-

344 4499 439 4561 nis
471 4498 749 4562 Domini.
784 4497 959 4571 Quod
990 4497 1347 4559 evidentius
1388 4496 1455 4557 in
1486 4495 1700 4559 Graeco
1730 4512 1838 4576 po-

344 4596 515 4658 nitur
574 4595 699 4658 sub
752 4595 872 4657 hoc
926 4613 1117 4657 sensu
1170 4613 1184 4656 ι
1239 4593 1592 4655 secundum
1651 4592 1842 4654 desti-

344 4694 668 4756 nationem
716 4710 1081 4774 persequor.
1133 4690 1319 4764 Quasi
1370 4690 1634 4751 dixisset
1685 4708 1700 4752 :
1745 4688 1838 4751 Ad

344 4789 541 4854 finem
584 4790 863 4854 coelestis
903 4788 1105 4851 bravii
1146 4787 1483 4869 pervenire
1515 4786 1739 4849 studeo
1766 4805 1839 4849 ac

348 4888 609 4952 intendo
656 4889 776 4950 hac
825 4885 1268 4959 destinatione,
1320 4902 1446 4966 qua
1494 4884 1841 4966 posteriora

346 4985 708 5060 obliviscor,
742 4985 807 5047 id
836 4992 933 5048 est
959 4984 1115 5046 vitia
1142 4982 1477 5045 anterioris
1506 5000 1579 5043 ac
1609 4982 1841 5043 veteris

346 5084 641 5147 hominis.
662 5084 981 5165 Quidquid
1010 5101 1159 5164 ergo
1188 5098 1304 5144 nos
1335 5088 1543 5162 potest
1569 5080 1841 5160 dirigere

345 5200 415 5243 ac
440 5182 669 5263 juvare
699 5182 779 5244 ad
817 5182 989 5244 hunc
1028 5198 1289 5261 scopon,
1323 5186 1477 5260 puta
1514 5177 1595 5239 ad
1634 5176 1842 5240 cordis

348 5282 715 5361 puritatem,
760 5280 984 5342 sectari
1035 5278 1344 5341 debemus
1392 5284 1521 5340 tota
1569 5276 1840 5355 virtute3

594 5413 661 5464 T.
698 5412 777 5463 27.

1946 4316 2139 4380 quam
2190 4314 2306 4379 pro
2344 4294 2556 4378 parvis
2605 4294 2794 4356 rebus
2844 4293 3169 4375 passiones
3216 4293 3442 4355 admit-

1947 4401 2172 4467 terent,
2224 4411 2382 4474 quas
2439 4410 2519 4453 ne
2578 4391 2975 4453 incurrerent
3021 4409 3136 4473 pro
3195 4390 3440 4473 magnis

1945 4490 2552 4574 pretiosissimisque
2600 4488 2852 4570 opibus,
2904 4488 3266 4551 maluerunt
3306 4507 3442 4552 om-

1944 4592 2100 4653 nino
2143 4590 2424 4672 abjicere
2473 4607 2596 4651 eas.
2649 4588 2954 4651 Praeterea
2999 4587 3258 4669 quidam
3307 4588 3440 4670 ple-

1945 4706 2218 4769 rumque
2263 4694 2516 4750 servant
2555 4693 2726 4749 tanta
2766 4684 3110 4748 affectione
3151 4686 3437 4748 codicem

1945 4786 2249 4868 aliquem,
2291 4793 2362 4846 ut
2405 4802 2535 4847 non
2584 4783 2855 4846 faciliter
2907 4784 3116 4846 sinant
3165 4802 3313 4845 eum
3358 4783 3440 4845 ab

1946 4884 2161 4964 aliquo
2211 4882 2332 4963 legi
2384 4881 2483 4944 vel
2529 4881 2721 4961 tangi,
2773 4888 2835 4943 et.
2884 4880 3031 4942 inde
3077 4880 3440 4943 occasiones

1950 4980 2363 5062 impatientiae
2391 4997 2464 5040 ac
2497 4978 2718 5040 mortis
2749 4978 3102 5053 incurrunt,
3119 4976 3287 5039 unde
3319 4994 3448 5038 mo·

1951 5086 2182 5141 nentur
2211 5077 2537 5159 acquirere
2565 5076 2885 5157 patientiae
2914 5074 3189 5138 fructum
3217 5080 3282 5135 et
3311 5092 3449 5155 pro-

1950 5177 2192 5239 fectum
2233 5175 2530 5239 caritatis.
2565 5175 2770 5248 Quum
2814 5174 2987 5237 enim
3029 5172 3446 5254 disperserint

1955 5292 2071 5357 pro
2101 5273 2330 5337 Christi
2369 5289 2583 5334 amore
2622 5289 2842 5334 omnes
2872 5290 3016 5332 suas
3047 5269 3324 5345 divitias,
3359 5289 3450 5332 re-

3159 5402 3191 5455 9
