4359 6267
175 927 281 983 1329.
297 941 344 970 xv

151 1021 358 1098 Lamum.

163 1131 231 1174 Jer.
247 1146 292 1181 ιι,
309 1137 342 1176 1.

161 1619 218 1662 Pa.
233 1634 276 1670 ci,
289 1623 344 1664 to.

155 2796 356 2850 flatilis&

345 915 700 990 .ximorum,
754 935 884 999 quo
942 917 1197 980 Samuel
1257 917 1418 980 luxit
1466 918 1742 991 Saulem,
1793 924 1858 980 et

201 2124 227 2151 ς.
279 2113 339 2159 ‚z
379 2115 560 2177 quum
590 2095 823 2160 dicitur
856 2117 870 2161 ε
903 2097 1154 2161 Lavabo
1182 2116 1298 2180 per
1326 2097 1608 2179 singulas
1636 2105 1854 2160 noctes

1069 550 1486 598 conum-ioum!
1529 552 1614 597 ss,
1650 551 1892 598 runnu
1933 551 2109 597 mnan
2151 553 2191 597 ι.
2235 570 2317 580 -
2357 551 2642 598 contario
2684 551 2746 596 ix
3342 525 3461 590 253

385 718 626 801 insuper
651 737 853 800 genus
883 719 1056 783 aliud
1089 720 1514 796 lacrimarum,
1540 741 1682 803 quae
1712 720 1856 782 fun·
1886 719 1937 782 Α
1967 719 2142 782 illam
2185 721 2589 783 lacrimarum
2628 728 3041 803 spontaneam
3083 719 3454 781 ubertatem.

383 817 601 880 duntur
644 834 772 881 non
823 837 940 902 pro
991 820 1250 902 propria
1299 821 1508 902 culpa,
1554 820 1664 882 sed
1715 837 1858 902 pro-
1965 819 2122 881 Nam
2149 820 2435 882 animum
2467 820 2887 902 supplicantis
2918 818 3337 880 distrahentes
3368 833 3465 878 co-

1967 917 2223 980 natibus
2274 937 2386 980 seu
2434 917 2903 981 extorsionibus
2952 916 3106 990 suis,
3158 914 3460 995 dejicient

1965 1033 2040 1078 ac
2089 1017 2459 1098 demergent
2502 1035 2648 1078 eum
2696 1017 2761 1078 in
2807 1016 2955 1090 ima,
2994 1022 3184 1096 atque
3228 1013 3310 1075 ab
3352 1013 3461 1074 illa

1969 1115 2212 1178 coelesti
2244 1115 2636 1177 sublimitate
2665 1116 2985 1197 deponent
3019 1113 3085 1175 in
3119 1131 3245 1194 qua
3279 1129 3460 1173 mens

1968 1214 2207 1276 orantis
2237 1213 2502 1276 attonita
2540 1212 3030 1276 inavertibiliter
3056 1218 3153 1273 est
3180 1209 3456 1290 figenda,

1968 1312 2479 1394 compellentque
2518 1312 2804 1373 animum
2845 1310 3143 1391 languere
3182 1316 3245 1370 et
3274 1325 3459 1370 occu-

1968 1411 2106 1492 pari
2135 1411 2305 1472 circa
2343 1409 2621 1491 guttulas
2662 1408 3064 1471 lacrimarum
3105 1406 3352 1469 steriles
3385 1424 3459 1466 ac

1967 1517 2237 1584 coactas,
2279 1509 2553 1571 relaxata
2596 1527 2857 1590 precum
2901 1525 3159 1569 suarum
3203 1504 3458 1568 intenti-

1965 1625 2086 1672 one
2128 1615 2191 1670 et
2232 1607 2592 1670 affectione.

385 1012 645 1076 Christus
717 1015 1044 1079 civitatem
1114 1016 1486 1088 Jerusalem,
1553 1016 1858 1078 Jeremias

383 1129 613 1195 quoque
662 1114 1079 1198 Synagogam‚
1122 1115 1390 1178 dicendo
1435 1133 1449 1177 ε
1491 1116 1641 1189 Quis
1684 1115 1860 1178 dabit

383 1211 554 1293 capiti
597 1230 740 1276 meo
781 1231 1016 1295 aquam
1061 1221 1122 1276 et
1161 1213 1365 1278 oculis
1412 1213 1570 1276 meis
1613 1213 1858 1277 fontem

382 1308 786 1386 lacrimarum,
820 1319 884 1375 et
915 1311 1179 1394 plorabo
1208 1312 1312 1374 die
1341 1331 1413 1374 ac
1445 1320 1632 1375 nocte
1674 1313 1860 1374 inter·

383 1406 560 1471 fectos
599 1408 751 1473 filiae
790 1410 1014 1492 populi
1059 1410 1232 1472 mei?
1271 1410 1382 1472 Vel
1425 1418 1596 1472 certe
1638 1411 1856 1493 quales

382 1515 516 1569 sunt
561 1508 830 1572 lacrimae
880 1508 1006 1572 illae
1060 1510 1138 1572 de
1194 1509 1428 1592 quibus
1489 1509 1554 1570 in
1611 1510 1857 1572 Psalmo

383 1612 647 1667 cantatur
688 1625 704 1668 ε
745 1608 905 1680 Quia
947 1607 1230 1670 cinerem
1274 1615 1575 1691 tanquam
1624 1627 1855 1691 panem

381 1703 844 1780 manducabam,
875 1714 940 1768 et
971 1707 1278 1788 poculum
1319 1725 1533 1768 meum
1567 1725 1713 1768 cum
1746 1706 1773 1769 f
1777 1707 1858 1768 le-

381 1807 442 1862 tu
491 1802 846 1864 miscebam.
901 1803 1064 1877 Quas
1124 1812 1372 1866 certum
1421 1811 1517 1866 est
1565 1821 1694 1867 non
1745 1804 1855 1867 illo

380 1898 596 1962 affectu
623 1901 870 1965 effundi
903 1901 1014 1984 qui
1056 1903 1122 1965 in
1163 1911 1342 1965 sexto
1373 1901 1618 1986 psalmo
1653 1921 1853 1965 emer·
1889 1899 1935 1960 B

379 1999 462 2078 git
502 2017 608 2060 seu
664 2000 948 2082 aperitur
995 2020 1072 2063 ex
1131 2019 1403 2082 persona
1461 2001 1852 2083 poenitentiS,

2298 1898 2801 1966 CAPITULUM
2862 1897 3116 1961 XXXI.

2127 2087 2446 2144 Sententia
2473 2086 2719 2144 abbatia
2747 2085 3003 2142 Antonii
3030 2084 3103 2140 de
3132 2089 3298 2140 statu

381 2193 620 2270 lectum,
661 2203 817 2275 etc.;
859 2197 967 2259 sed
1016 2215 1093 2258 ex
1141 2196 1457 2259 anxietate
1505 2196 1653 2259 vitae
1702 2217 1856 2278 prae·
2554 2175 2876 2232 ⁰¹'a22'07213‘5-

379 2293 581 2368 sentiS‚
603 2302 665 2356 et
694 2313 824 2376 prae
852 2295 1162 2376 angustiis
1193 2303 1258 2357 et
1286 2294 1588 2358 aerumnis
1618 2295 1854 2376 quibus

377 2391 518 2470 justi
553 2393 616 2454 in
649 2391 768 2455 hoc
805 2393 1046 2455 mundo
1080 2400 1475 2475 premuntur.
1512 2394 1689 2466 Quod
1727 2393 1855 2454 evi-

379 2489 583 2552 denter
640 2492 913 2553 ostendit
976 2509 1104 2554 non
1171 2491 1380 2553 solum
1443 2498 1676 2564 textus,
1742 2491 1851 2553 sed

379 2587 552 2650 etiam
593 2588 810 2652 titulus
855 2589 1087 2672 psalmi
1131 2589 1326 2664 illius,
1361 2589 1469 2671 qui
1512 2589 1736 2651 titulus
1775 2608 1851 2651 ex

381 2703 628 2767 persona
661 2688 960 2770 pauperis
999 2688 1171 2750 illius
1202 2687 1586 2750 describitur
1616 2688 1694 2750 de
1725 2706 1852 2769 quo

2104 2395 2305 2470 TQUE
2356 2403 2427 2456 ut
2476 2414 2641 2457 verae
2688 2402 2751 2456 et
2802 2394 3099 2477 perfectae
3158 2393 3460 2457 orationis

2130 2493 2499 2578 percipiatis
2542 2491 2871 2567 affectum,
2916 2492 3233 2574 proferam
3278 2491 3460 2554 vobis

1964 2593 2344 2656 sententiam
2402 2592 2468 2654 B.
2522 2591 2801 2665 Antonii,
2863 2600 2927 2653 et
2983 2609 3111 2653 non
3171 2608 3377 2652 meam
3442 2606 3456 2651 :

1962 2711 2154 2774 quem
2195 2689 2491 2753 novimus
2533 2689 2910 2771 quandoque
2951 2689 3045 2751 sic
3080 2687 3460 2771 permansis-

381 2783 438 2844 in
475 2784 807 2867 Evangelio
847 2785 1076 2867 legitur
1108 2803 1123 2848 :
1155 2785 1328 2848 Beati
1369 2805 1682 2868 pauperes
1725 2785 1851 2867 spi·
1963 2811 2030 2853 se
2076 2789 2142 2852 in
2180 2789 2486 2862 oratione,
2529 2795 2599 2849 ut
2642 2788 2779 2870 ipso
2829 2787 3195 2869 frequenter
3242 2793 3459 2848 orante

379 2882 514 2956 ritu,
546 2884 843 2964 quoniam
887 2884 1171 2966 ipsorum
1215 2892 1312 2946 est
1355 2903 1621 2965 regnum
1665 2883 1852 2948 coelo-
1965 2889 2028 2950 in
2075 2888 2308 2949 mentis
2351 2905 2638 2960 excessu,
2670 2885 3061 2947 audierimus
3101 2903 3248 2946 eum
3294 2903 3461 2965 saepe

377 2998 526 3041 rum.
578 2981 822 3044 Etenim
883 2982 1106 3044 titulus
1165 2983 1337 3045 illius
1397 2982 1626 3065 psalmi
1685 2991 1783 3044 est
1833 3000 1846 3044 τ
1964 2987 2344 3049 clamantem
2402 2985 2467 3046 in
2519 2984 2751 3047 mentis
2810 2983 3057 3046 fervore
3106 3002 3306 3063 quum
3365 2981 3458 3044 sol

377 3077 571 3142 Oratio
611 3081 906 3163 pauperis
951 3100 1150 3163 quum
1195 3081 1485 3144 anxiatus
1532 3080 1745 3156 fuerit,
1789 3089 1851 3142 et
1891 3085 1934 3148 C
1964 3085 2263 3168 coepisset
2292 3085 2443 3148 oriri
2478 3101 2492 3145 :
2526 3083 2684 3157 Quid
2728 3101 2827 3144 me
2865 3081 3159 3176 impediS,
3192 3079 3308 3154 sol,
3343 3079 3455 3163 qui

375 3194 572 3240 coram
602 3178 726 3242 Deo
755 3178 1057 3242 effuderit
1087 3198 1341 3262 precem
1373 3179 1686 3242 suam.Ab
1712 3181 1852 3242 istis

377 3275 574 3359 itaque
626 3277 904 3341 lacrimis
960 3279 1234 3341 multum
1289 3279 1526 3341 distant
1576 3279 1853 3342 lacrimae

376 3394 506 3456 quae
550 3375 854 3440 obdurato
911 3377 1098 3440 corde
1147 3378 1596 3460 exprimuntur
1651 3379 1853 3441 oculis

377 3473 548 3536 siccis
577 3475 758 3556 (quas
793 3475 941 3538 licet
971 3477 1303 3539 credamus
1336 3495 1476 3539 esse
1509 3495 1635 3540 non
1677 3478 1854 3559 peni-

382 3577 470 3634 tus
492 3573 930 3648 infructuosaS,
965 3575 1116 3655 quia
1144 3593 1363 3636 earum
1395 3574 1629 3638 effusio
1658 3583 1856 3638 atten-

380 3676 534 3732 tatur
579 3671 744 3736 bono
795 3672 1167 3755 proposito),
1220 3673 1574 3756 praesertim
1625 3674 1704 3736 ab
1755 3675 1854 3736 his

380 3769 480 3850 qui
521 3772 790 3833 necdum
831 3771 1190 3854 pertingere
1233 3779 1576 3853 potuerunt
1606 3773 1681 3834 ad
1715 3792 1855 3854 per-

381 3865 594 3930 fectam
632 3877 697 3932 et
734 3869 1133 3952 spiritualem
1173 3870 1529 3945 scientiam,
1558 3879 1667 3933 aut
1705 3889 1857 3934 non-

382 3965 520 4028 dum
559 3967 900 4048 quiverunt
940 3987 1098 4050 pure
1141 3969 1432 4030 mundari
1461 3987 1498 4031 a
1531 3969 1669 4031 labe
1701 3989 1855 4052 prae-

383 4064 692 4128 teritorum
737 4066 872 4129 sive
909 4067 1326 4148 praesentium
1369 4067 1690 4130 vitiorum.

719 4357 1226 4423 CAPITULUM
1283 4358 1504 4422 XXX.

489 4541 656 4610 Quod
681 4541 954 4598 lacrimoe
980 4557 1103 4598 non
1131 4542 1258 4598 sint
1285 4544 1739 4616 eoetorquendoe,

572 4631 815 4704 quando
845 4647 965 4687 non
995 4633 1286 4688 oriuntur
1312 4638 1657 4704 spontanee.

505 4855 982 4919 ERUMTAMEN
1023 4855 1256 4919 effusio
1297 4855 1699 4918 lacrimarum
1735 4873 1863 4918 non

525 4954 710 5017 debet
741 4953 835 5016 sic
877 4953 1237 5036 extorqueri
1273 4954 1353 5016 ab
1384 4954 1485 5017 his
1525 4955 1636 5036 qui
1666 4962 1866 5034 trans-

391 5051 582 5116 ierunt
624 5053 693 5115 in
735 5052 1046 5115 affectum
1089 5052 1443 5131 virtutum3
1488 5072 1696 5135 neque
1743 5071 1870 5114 ma-

1965 3184 2152 3247 modo
2182 3183 2369 3246 oriris
2404 3183 2482 3244 ad
2517 3182 2637 3244 hoc
2677 3188 2745 3242 ut
2774 3178 3098 3242 abstrahas
3139 3197 3240 3241 me
3272 3198 3309 3241 a
3338 3179 3460 3241 cla-

1964 3283 2146 3344 ritate
2179 3281 2373 3363 hujus
2414 3279 2677 3343 luminis
2708 3279 2887 3340 veri?
2918 3277 3033 3351 Qui
3065 3279 3123 3340 S.
3149 3276 3461 3341 Antonius

1967 3379 2232 3462 protulit
2271 3379 2349 3441 de
2389 3377 2692 3460 qualitate
2736 3375 3037 3438 orationis
3082 3375 3460 3437 sententiam

1965 3479 2151 3541 istam
2199 3477 2519 3540 coelestem
2575 3475 2785 3558 potius
2830 3492 3021 3556 quam
3063 3474 3408 3537 humanam
3444 3491 3459 3535 z

1964 3577 2101 3640 Non
2142 3584 2239 3638 est
2276 3575 2558 3658 perfecta
2598 3573 2797 3636 oratio
2841 3573 2907 3634 in
2948 3591 3075 3654 qua
3114 3572 3461 3634 monachus

1969 3675 2269 3754 intelligit
2298 3692 2387 3746 se,
2422 3672 2522 3734 vel
2563 3672 2681 3734 hoc
2713 3671 2923 3754 ipsum
2958 3670 3126 3753 quod
3157 3677 3313 3744 orat,
3348 3688 3459 3732 seu
3540 3656 3549 3666 ’

1969 3772 2300 3855 proprium
2349 3777 2581 3832 actum.
2640 3770 2715 3831 Et
2765 3777 2835 3830 ut
2884 3786 2998 3831 nos
3046 3785 3299 3849 quoque
3354 3787 3462 3830 au-

1968 3872 2231 3932 deamus
2288 3868 2529 3951 aliquid
2589 3867 2867 3948 adjicere
2932 3867 3083 3928 huic
3144 3865 3457 3927 admiran-

1969 3971 2064 4032 dae
2099 3967 2449 4040 sententiae,
2485 3966 2839 4028 secundum
2870 3962 3195 4026 tenuitatis
3230 3970 3461 4026 nostrae

1971 4084 2359 4138 mensuram,
2394 4063 2669 4146 denique
2700 4082 2873 4126 nunc
2910 4081 3220 4145 ponemus
3259 4061 3459 4142 signa,

1971 4170 2281 4246 quantum
2335 4161 2579 4244 experti
2632 4181 2879 4236 sumuS,
2934 4178 3047 4242 per
3094 4153 3236 4241 quae
3285 4158 3466 4220 intel·

1890 4266 1938 4327 D
1972 4262 2203 4343 ligatur
2236 4260 2404 4342 quod
2446 4259 2647 4322 oratio
2687 4258 3059 4321 exaudiatur
3099 4277 3135 4320 a
3172 4257 3461 4321 Domino.

2234 4539 2809 4606 CAPITULUM
2881 4537 3205 4602 XXXII.

2309 4719 2393 4774 De
2423 4716 2847 4773 exauditionis
2879 4715 3133 4772 indicio.

2122 4953 2283 5016 UUM
2314 4951 2492 5013 nulla
2521 4949 2833 5013 haesitatio
2864 4948 3363 5030 interpellaverit
3393 4948 3475 5009 si-

1985 4949 2115 5151 Ο
2141 5071 2221 5114 ve
2252 5049 2601 5132 pulsaverit
2630 5065 2745 5110 nos
2776 5055 3176 5120 oranteS,nec
3206 5045 3479 5128 quadam

389 5168 648 5232 gnopere
715 5149 1059 5213 affectandi
1126 5158 1274 5215 sunt
1338 5150 1528 5213 fletus
1591 5150 1870 5213 hominis
1983 5149 2422 5232 desperatione
2453 5146 2756 5228 dejecerit
2788 5144 3112 5228 petitionis
3144 5152 3372 5206 nostrae
3404 5142 3480 5204 fi-

395 5248 706 5312 exterioris
741 5267 756 5313 ε
791 5248 901 5330 qui
933 5247 1052 5311 etsi
1086 5247 1326 5310 fuerint
1357 5257 1704 5331 utcumque
1736 5267 1875 5332 pro-
1984 5248 2261 5322 duciam,
2296 5247 2349 5309 si
2392 5245 2456 5308 in
2501 5245 2637 5326 ipsa
2669 5242 2970 5307 orationis
2999 5241 3314 5304 effusione
3345 5259 3483 5303 sen-

399 5346 581 5423 ducti,
636 5365 968 5430 nunquam
1027 5347 1386 5430 pertingere
1444 5355 1744 5431 poterunt
1797 5348 1873 5410 ad
1987 5347 2261 5411 serimus
2306 5363 2419 5408 nos
2460 5343 2813 5407 obtinuisse
2852 5341 3020 5424 quod
3061 5342 3479 5424 postulamuS,
