4359 6267
740 513 1156 562 com'rlonnu
1199 517 1284 562 ss,
1319 518 1562 565 mmm
1601 521 1776 568 tumn
1818 523 1880 567 ιι.
1928 540 2007 549 -
2047 521 2389 584 rnonoons;
2434 521 2719 568 commo
2760 520 2915 567 xvm
3257 502 3378 566 343

1384 834 2347 990 PROLOGUS.

567 1091 644 1140 IN
702 1089 1022 1142 SEPTEM
1082 1091 1432 1142 ULTIMAS
1488 1089 2030 1142 COLLATIONES
2089 1091 2422 1142 PATRUM
2482 1093 2559 1142 IN
2623 1094 3106 1147 ULTERIORIS

1129 1217 1526 1268 PARTIBUS
1580 1216 1888 1268 AEGYPTl
1948 1216 2544 1270 HABITANTIUM.

502 1560 904 1642 exigentibus
936 1559 1322 1623 beatissimis
1353 1560 1672 1643 episcopis
1704 1559 1988 1622 Helladio
2017 1568 2208 1642 atque
2238 1559 2521 1634 Leontio,
2547 1569 2790 1643 septem
2821 1563 2975 1626 alias
3006 1563 3384 1628 Collationes

505 1669 804 1750 deputavi
838 1669 1023 1731 heato
1051 1669 1366 1731 Honorato
1405 1667 1730 1750 episcopo,
1763 1675 1826 1729 et
1856 1675 2074 1730 sancto
2107 1667 2349 1730 famulo
2378 1667 2607 1730 Christi
2642 1669 2995 1751 Eucheri03
3029 1691 3199 1735 nunc
3231 1691 3384 1756 quo-

313 1795 416 1858 que
453 1777 686 1839 credidi
737 1777 1000 1839 totidem
1046 1776 1426 1839 dedicandas
1467 1776 1670 1850 vobis,
1701 1794 1740 1839 o
1785 1775 1984 1838 sancti
2031 1777 2298 1850 FratreS,
2340 1776 2691 1851 Joviniane,
2734 1779 3021 1854 Minervi,
3064 1779 3282 1843 Leonti
3324 1789 3386 1844 et

312 1883 623 1946 Theodore.
661 1883 912 1946 Etenim
957 1883 1269 1966 posterior
1307 1891 1538 1953 vester,
1580 1891 1734 1965 puta
1775 1882 2160 1956 TheodoruS,
2209 1882 2500 1945 fundavit
2544 1883 2608 1946 in
2654 1884 2992 1948 Gallicanis
3038 1887 3386 1969 provinciis

311 1989 460 2052 illam
501 1997 782 2053 sanctam
825 1997 1015 2073 atque
1059 1991 1377 2072 egregiam
1419 1989 1825 2072 disciplinam
1871 1989 2309 2053 coenobiorum
2353 2009 2499 2052 cum
2543 1991 2939 2055 districtione
2980 1994 3384 2076 antiquarum

311 2097 632 2178 virtutum3
676 2115 863 2180 porro
904 2117 1015 2161 vos
1059 2099 1276 2174 ceteri,
1320 2098 1547 2160 vestris
1590 2096 2099 2160 institutionibus
2144 2097 2531 2179 provocastis
2578 2100 2919 2162 monachos
2960 2101 3215 2182 aggredi
3258 2119 3386 2164 non

311 2205 491 2266 solum
521 2205 983 2288 professionem
1025 2205 1494 2278 coenobitalem,
1529 2224 1752 2268 verum
1789 2203 1984 2267 etiam
2025 2203 2201 2266 sitire
2238 2205 2745 2268 anachoreticam
2784 2206 3264 2269 sublimitatem.
3301 2207 3386 2271 Ea

311 2331 558 2394 namque
597 2313 1026 2394 disputatione
1064 2332 1138 2376 ac
1177 2313 1339 2376 serie
1378 2313 1712 2394 descriptae
1755 2321 1903 2375 sunt
1937 2312 2315 2375 collationes
2350 2313 2601 2374 Patrum
2643 2332 3065 2388 summorum,
3098 2323 3161 2378 et
3196 2316 3283 2378 ita
3320 2316 3385 2378 in

309 2421 581 2482 omnibus
630 2428 1018 2502 temperatae,
1066 2429 1134 2482 ut
1184 2420 1565 2483 conveniant
1611 2419 1864 2503 utrique
1915 2419 2291 2503 professioni
2345 2439 2471 2501 qua
2518 2420 2748 2484 florere
2799 2421 3041 2485 fecistis
3090 2423 3387 2486 maximis

308 2527 567 2590 Fratrum
609 2529 901 2603 θεῖοι-νίς,
938 2546 1064 2591 non
1105 2529 1312 2591 solum
1348 2527 1636 2609 regiones
1679 2528 2122 2601 occidentale&
2160 2528 2268 2589 sed
2304 2528 2495 2591 etiam
2538 2527 2776 2592 insulas
2810 2547 2823 2592 :
2859 2530 3125 2606 scilicet,
3160 2540 3230 2593 ut
3259 2549 3385 2594 non

308 2636 490 2698 solum
529 2636 594 2697 hi
629 2635 741 2718 qui
780 2636 987 2698 adhuc
1026 2636 1089 2698 in
1131 2635 1614 2716 congregatione
1657 2636 2004 2717 perdurant
2048 2654 2195 2696 cum
2240 2634 2637 2716 subjectione
2681 2636 3006 2713 laudabili,
3040 2639 3152 2700 sed
3194 2639 3386 2700 etiam

309 2742 401 2823 qui
445 2743 805 2806 recedentes
849 2761 976 2806 non
1023 2744 1208 2823 longe
1237 2762 1273 2804 a
1315 2742 1542 2804 vestris
1587 2741 1897 2804 coenohiis
1945 2742 2173 2804 sec-tari
2217 2741 2486 2824 cupiunt
2528 2741 2933 2824 disciplinam
2976 2744 3386 2808 anachoreta-

308 2869 453 2924 rum,
494 2851 743 2933 plenius
789 2851 1186 2914 instruantur
1223 2849 1406 2930 juxta
1454 2849 1884 2912 conditionem
1934 2858 1996 2912 et
2040 2868 2405 2912 mensuram
2456 2849 2554 2911 sui
2598 2857 2797 2913 status
2846 2858 3034 2934 atque
3082 2852 3383 2915 locorum.

305 2956 522 3030 Quibus
551 2959 916 3040 praecedens
946 2957 1140 3020 vestri
1171 2957 1406 3019 laboris
1437 2955 1748 3018 industria
1778 2957 1948 3020 istud
1980 2956 2379 3039 praecipuum
2411 2956 2701 3031 contulit,
2737 2964 2817 3019 ut,
2831 2957 2965 3039 jam
2993 2959 3196 3041 parati
3227 2967 3289 3020 et
3322 2958 3387 3021 in

305 3063 524 3127 eisdem
561 3065 882 3128 exercitiis
921 3065 1302 3149 deprehensi
1342 3083 1416 3127 ac
1451 3063 1664 3146 positi,
1696 3063 1951 3127 facilius
1990 3063 2345 3146 suscipiant
2373 3071 2689 3147 praecepta
2723 3064 3139 3148 institutaque
3182 3065 3387 3129 senio-

305 3191 433 3234 rum
467 3173 641 3237 :imo
680 3181 744 3236 et.
780 3172 1162 3256 recipientes
1203 3172 1375 3254 ipsos
1421 3171 1842 3236 Collationum
1887 3180 2177 3235 auctores
2229 3190 2375 3234 cum
2422 3172 2579 3254 ipsis
2624 3171 3044 3236 Collationum
3096 3172 3275 3236 libris
3322 3172 3387 3234 in

305 3279 547 3343 cellulas
595 3301 764 3356 suaS,
815 3289 879 3344 et
927 3280 1398 3363 quodammodo
1447 3280 1880 3362 colloquentes
1933 3300 2080 3342 cum
2131 3280 2258 3342 illis
2311 3279 2909 3361 interrogationibus
2958 3281 3391 3363 responsioni-

305 3385 534 3469 busque
570 3388 980 3473 quotidianiS‚
1016 3406 1416 3470 nequaquam
1459 3387 1761 3450 accedant
1791 3388 2070 3471 propriis
2105 3387 2667 3451 adinventionibus
2697 3385 2868 3450 viam
2899 3389 3063 3452 hanc
3100 3389 3385 3464 arduam,

305 3493 363 3556 in
391 3495 500 3558 hac
528 3514 783 3578 quoque
813 3496 1068 3576 regione
1106 3495 1240 3558 fere
1273 3494 1660 3576 incognitam
1685 3513 1703 3574 ;
1736 3495 1846 3557 sed
1886 3513 2112 3576 capere
2142 3502 2509 3557 assuescant
2537 3495 2995 3558 anachoreticae
3025 3495 3171 3559 vitae
3200 3495 3391 3558 disci-

306 3602 550 3682 plinam,
583 3603 1008 3686 periculosam
1049 3603 1241 3665 etiam
1285 3602 1417 3664 illic
1463 3601 1573 3664 ubi
1617 3601 1933 3665 habentur
1975 3611 2038 3665 et
2078 3604 2311 3665 adsunt
2354 3601 2671 3665 tritissimi
2718 3601 2907 3665 calles
2951 3611 3015 3666 et
3054 3603 3389 3666 innumera

299 3712 776 3790 praee-edentium
819 3711 1072 3774 Patrum
1111 3710 1426 3792 exempla,
1460 3709 1768 3772 doctrinis
1809 3717 1872 3773 et
1915 3711 2250 3793 praeceptis
2296 3710 2555 3774 illorum
2598 3727 2759 3791 quos
2801 3709 3102 3773 instruxit
3144 3711 3212 3774 in
3252 3729 3389 3776 om-

299 3817 474 3881 nibus
512 3819 770 3902 antiqua
810 3818 1064 3881 traditio
1105 3825 1169 3880 et
1207 3816 1615 3900 experientiae
1658 3817 1861 3900 'longae
1903 3817 2237 3880 industria.

311 1453 698 1722 FINITIS
728 1453 952 1516 decem
987 1453 1466 1528 CollationibuS‚
1500 1473 1642 1534 quae
1674 1460 2021 1535 utcumque
2053 1453 2387 1534 descripta>
2426 1461 2575 1515 sunt.
2600 1454 2861 1536 juvant-e
2894 1457 3095 1538 gratia
3126 1457 3380 1534 Christi,

1154 4155 1961 4268 COLLATIO
2062 4157 2503 4267 XVIII

1360 4361 1737 4458 (Abbatis
1769 4363 2313 4454 Piammonis)

403 4577 506 4630 DE
554 4575 848 4629 TRIBUS
899 4575 1358 4628 GENERIBUS
1410 4574 2011 4646 MONACHORUM‚
2059 4575 2158 4628 ET
2212 4574 2538 4636 QUARTO
2588 4575 2861 4630 NUPER
2917 4575 3267 4630 EXORTO.

560 4844 1065 4910 GAP1TULUM
1132 4843 1500 4908 PRIMUM,
1809 4821 1862 4884 A
1891 4828 1993 4884 cto
2037 4821 2229 4883 fratre
2272 4829 2489 4885 nostro
2532 4821 2846 4888 Eucherio
2888 4842 2903 4886 ε
2948 4824 3103 4887 dum
3146 4824 3387 4907 majore

307 4967 385 5023 De
411 4967 676 5024 adventu
703 4971 908 5023 nostro
936 4965 1020 5022 ad
1047 4965 1324 5022 abbatem
1341 4965 1746 5022 Piammonem
1891 4920 2139 4983 fervore
2173 4921 2678 4984 desideraremus
2717 4923 3017 4985 accedere
3055 4925 3386 4988 ulteriores

1751 5005 1764 5020 ’
1893 5027 2100 5100 partes
2147 5021 2419 5103 AEgypti,
2466 5020 2533 5083 in
2581 5020 2815 5103 quibus
2863 5029 2994 5083 erat
3044 5021 3388 5085 multitudo

416 5119 572 5182 OST
643 5125 1056 5200 conspectum
1127 5125 1317 5198 atque
1387 5115 1779 5199 colloquium
1891 5119 2267 5181 Sanctorum
2306 5118 2578 5201 amplior
2616 5126 2805 5201 atque
2846 5118 3208 5201 perfectior,
3250 5137 3389 5202 per-

437 5219 636 5281 trium
679 5236 905 5280 senum
946 5233 1221 5298 quorum
1267 5213 1645 5278 Collationes
1690 5223 1784 5278 ut·
1891 5216 2187 5280 venimus
2242 5216 2320 5278 ad
2378 5215 2594 5278 vicum
2654 5216 2758 5278 cui
2816 5234 3051 5279 nomen
3110 5217 3381 5294 DiolcoS‚

301 5333 566 5400 cumque
625 5315 1104 5398 descripsimus,
1164 5313 1586 5396 compellente
1644 5333 1782 5377 san-
1892 5312 2338 5375 imminentem
2370 5311 2482 5374 uni
2513 5331 2591 5375 ex
2620 5319 2865 5395 septem
2893 5313 3076 5377 ostiis
3104 5313 3232 5378 Nili
3262 5314 3387 5378 flu-
