4359 6267
881 505 1000 570 334

1549 522 1965 570 GOLLATIONUM
2008 521 2092 567 SS.
2128 520 2371 565 PATRUM
2412 518 2587 564 mmm
2626 519 2689 564 11.
2736 537 2817 547 —
2856 519 3145 566 coLLA‘no
3182 520 3313 565 xvn

601 713 858 764 svamm,
885 696 1188 758 consultas
1232 695 1648 767 definitioniS,
1690 713 1816 774 qua
1855 691 2014 754 dixit
2057 711 2070 754 z
2111 690 2251 753 Non
2291 688 2377 752 la·
2409 687 2459 750 Α
2490 709 2632 751 mus
2680 690 2757 751 ad
2808 689 3173 753 coenobium
3230 697 3541 764 nostrum,
3593 696 3843 752 certum
3890 698 3987 752 est

591 777 633 818 8.

591 1690 764 1734 Manli.
774 1703 858 1740 xxi,

593 1755 731 1797 28-30.

883 793 1063 856 vabis
1105 793 1264 855 mihi
1306 794 1498 875 pedes
1544 793 1610 854 in
1649 801 1993 869 aeternum3
2028 789 2381 872 promeruit

885 892 1241 955 immortale
1281 892 1668 954 consortium
1702 890 1931 953 Christi
1961 889 2379 969 omniumque

886 991 1282 1066 Sanctorum,
1314 1011 1351 1053 a
1386 1010 1512 1073 quo
1551 991 1756 1052 fuerat
1799 987 2291 1060 abscindenduS,
2325 986 2377 1048 si

886 1090 1221 1151 mansisset
1280 1091 1344 1151 in
1404 1089 1828 1152 obstinatione
1885 1087 1984 1148 sui
2043 1086 2375 1147 sermonis,

881 1188 1071 1250 Judas
1120 1206 1270 1251 vero
1319 1189 1592 1270 implens
1651 1187 2059 1269 sponsionem
2108 1185 2381 1266 pertina-

886 1287 999 1349 ciae
1043 1306 1194 1360 suae,
1230 1295 1536 1369 perpetua
1579 1294 1780 1348 morte
1820 1285 2154 1347 damnatus
2194 1291 2310 1356 est,
2343 1301 2380 1343 a

885 1405 1012 1468 qua
1048 1386 1274 1448 fuisset
1313 1386 1533 1468 procul
1572 1385 1768 1447 dubio
1800 1384 2126 1455 liberatum
2159 1383 2214 1444 si
2255 1401 2381 1443 ma-

886 1483 1108 1546 luisset
1166 1484 1440 1546 inveniri
1499 1483 1782 1545 desertor
1840 1501 1970 1544 sure
2018 1479 2379 1562 sponsionis

885 1602 1078 1666 quam
1124 1583 1413 1664 pertinax
1456 1582 1855 1663 adimpletor.
1899 1581 2166 1661 Insuper
2210 1579 2379 1640 idem

885 1683 1190 1744 docemur
1219 1681 1284 1742 in
1317 1678 1563 1742 duobus
1604 1678 1760 1740 filiis
1799 1679 1948 1750 illis,
1982 1677 2091 1759 qui
2127 1677 2206 1738 ad
2236 1694 2382 1757 ope-

885 1781 1194 1842 rationem
1234 1779 1436 1842 vineae
1475 1778 1771 1840 destinati
1813 1777 1876 1839 in
1919 1775 2261 1857 Evangelio
2300 1776 2382 1837 le-

881 1887 1140 1960 guntur,
1174 1896 1446 1960 quorum
1486 1896 1651 1939 unus
1692 1875 2070 1939 contradixit
2110 1875 2381 1956 imperio
2418 1873 2464 1934 B

883 1978 1104 2060 patriS‚
1134 1977 1296 2038 alius
1339 1994 1539 2058 prona
1583 1975 1993 2058 responsione
2036 1974 2375 2036 consensit.

884 2077 1003 2140 Sed
1051 2076 1471 2140 consentienti
1519 2093 1646 2137 non
1698 2072 1940 2156 profuit
1981 2071 2247 2136 humilis
2290 2091 2383 2134 re-

883 2176 1140 2257 sponsio
1188 2175 1604 2256 obsequendi,
1647 2173 1798 2255 quia
1845 2191 2036 2254 opere
2084 2189 2214 2234 non
2264 2172 2379 2234 im-

885 2275 1085 2357 plevit
1115 2274 1311 2356 patris
1353 2281 1781 2355 praeceptum3
1813 2290 1930 2334 nec
1961 2271 2139 2334 alteri
2173 2270 2381 2334 obfuit

883 2372 1300 2435 contradictio
1347 2372 1477 2446 illa,
1529 2371 1680 2453 quia
1737 2378 1980 2433 mutato
2029 2370 2377 2452 proposito,

881 2479 1219 2534 exsecutus
1268 2479 1364 2532 est
1411 2471 1607 2553 patris
1656 2470 2047 2542 mandatum,
2099 2478 2162 2531 et
2210 2469 2379 2550 quod

883 2569 1471 2652 reprehensibiliter
1528 2568 1915 2642 intendebat,
1979 2567 2381 2630 laudabiliter

883 2668 1260 2731 definitione
1311 2674 1593 2730 correcta
1639 2685 1785 2729 mox
1831 2666 2213 2729 emendavit.
2267 2668 2382 2729 Ita-

883 2787 1008 2850 que
1042 2768 1322 2850 primum
1361 2774 1458 2828 est
1487 2773 1762 2827 statuere
1792 2765 2032 2847 optima
2067 2781 2080 2826 :
2114 2766 2284 2846 quod
2326 2767 2377 2828 si

881 2866 1066 2928 aliter
1110 2865 1391 2939 cesserit,
1425 2872 1618 2926 restat
1662 2871 1731 2925 ut
1774 2883 1914 2945 quae
1959 2871 2190 2925 statuta
2232 2873 2379 2926 sunt

884 2973 1211 3027 mutentur
1249 2965 1314 3026 in
1357 2964 1602 3037 meliuS,
1637 2981 2022 3044 manumque
2060 2962 2379 3025 dexteram

2488 788 2656 868 quod
2707 806 2834 850 non
2887 787 3093 850 solum
3146 806 3516 850 corruemus
3558 788 3639 851 ab
3682 789 3807 850 isto
3854 797 3984 851 tam

2488 886 2749 948 sublimi
2803 887 3147 968 proposit0‚
3200 887 3311 949 sed
3360 887 3551 949 etiam
3598 886 3987 968 agitabimur

2488 984 2756 1047 diversis
2818 985 3169 1066 dispendiis
3232 986 3414 1065 juxta
3480 985 3983 1048 mediocritatem

2490 1083 2986 1146 conversationis
3030 1084 3224 1146 illius.
3260 1084 3379 1147 Sed
3419 1083 3833 1146 vehementer
3869 1101 3983 1146 nos

2490 1190 2681 1244 terret
2726 1183 3164 1263 evangelicum
3215 1182 3375 1245 illud
3420 1184 3788 1245 mandatum
3832 1201 3845 1244 :
3890 1183 3983 1244 Sit
4038 1194 4249 1244 Μιευω.

2487 1289 2699 1342 autem
2752 1299 2962 1343 sermo
3008 1289 3236 1354 vester,
3284 1281 3413 1354 Est,
3458 1291 3573 1356 est,
3621 1299 3771 1356 non,
3818 1299 3981 1360 non3
4012 1260 4078 1300 ³⁷·

2488 1379 2656 1460 quod
2715 1397 2867 1442 vero
2922 1379 3023 1441 his
3086 1379 3515 1442 abundantius
3578 1387 3693 1454 est,
3756 1399 3793 1441 a
3850 1398 3982 1442 ma-

2490 1478 2550 1540 lo
2588 1486 2701 1540 est.
2740 1477 3069 1540 Credimus
3109 1498 3385 1561 namque
3416 1480 3981 1561 transgressionem

2492 1577 2645 1639 tanti
2677 1578 2978 1659 praecepti
3011 1596 3137 1640 non
3168 1595 3355 1660 posse
3386 1578 3516 1641 ulla
3540 1578 3790 1658 justitia
3819 1597 3986 1642 com-

2491 1676 2765 1758 pensari,
2798 1695 2916 1737 nec
2959 1676 3203 1737 exitum
3247 1675 3487 1739 bonum
3537 1676 3771 1739 habere
3813 1677 3984 1758 quod

2491 1773 2685 1836 fuerit
2728 1774 2895 1836 malo
2940 1774 3260 1855 principio
3302 1774 3691 1838 inchoatum.

2892 2027 3396 2092 CAPITULUM
3462 2029 3583 2092 XI.

2598 2177 2954 2250 Responsio,
2994 2175 3155 2249 quod
3174 2177 3561 2249 propositum
3586 2178 3879 2248 facientis

2482 2267 2867 2340 pensandum
2894 2267 2998 2330 sit,
3030 2282 3151 2322 non
3192 2265 3435 2339 effectus
3463 2271 3695 2340 neyotii
3727 2275 3983 2326 tantum.

2586 2465 2827 2529 OSEPH
2860 2483 2874 2527 :
2909 2467 2979 2528 In
3018 2465 3319 2529 omnibus
3362 2467 3591 2540 causiS‚
3626 2468 3793 2531 sicut
3833 2489 3989 2552 pra*-

2604 2565 2904 2639 diximuS,
2938 2565 3243 2628 intuenda
3270 2573 3367 2628 est
3396 2565 3687 2629 voluntas
3717 2569 3984 2649 agentia,

2492 2680 2617 2726 non
2660 2683 2994 2746 processus
3036 2665 3248 2746 operis
3292 2665 3536 2744 solum3
3579 2685 3697 2728 nec
3737 2673 3985 2730 tantum

2494 2762 2945 2844 inquirendum
2977 2769 3074 2824 est
3102 2763 3256 2844 quid
3288 2763 3433 2844 quis
3462 2764 3682 2844 egerit,
3718 2767 3830 2828 sed
3860 2786 3988 2848 quo

2490 2859 2727 2924 affectu
2761 2862 2823 2924 id
2855 2861 3099 2936 fecerit,
3133 2863 3220 2924 ita
3259 2870 3328 2923 ut
3356 2863 3665 2944 quosdam
3708 2865 3990 2928 invenia-

2493 2981 2634 3023 mus
2674 2980 2811 3023 esse
2850 2961 3180 3025 damnatos
3218 2980 3334 3044 pro
3374 2961 3473 3025 his
3512 2961 3695 3025 factis
3734 2985 3813 3027 ex
3853 2968 3990 3048 qui—

883 3064 1281 3147 porrigamus
1312 3063 1818 3126 ordinationibus
1859 3063 2091 3126 nostris
2126 3063 2260 3143 jam
2290 3062 2380 3142 ja·
2418 3063 2461 3126 C
2491 3060 2610 3122 bus
2656 3060 3060 3142 postmodum
3104 3067 3242 3123 orta
3284 3067 3432 3122 sunt
3476 3061 3661 3131 bona,
3695 3063 3988 3146 nihilque

885 3162 1177 3225 centibus
1221 3169 1285 3223 et
1327 3162 1506 3243 quasi
1553 3162 1901 3243 prostratis
1936 3162 2223 3243 Denique
2269 3161 2377 3223 ubi

885 3261 1201 3345 principia
1231 3259 1480 3323 consilii
1510 3278 1637 3322 non
1670 3268 1817 3322 sunt
1847 3260 2142 3332 valentia,
2178 3261 2383 3341 requi-

883 3360 966 3421 rit
1024 3359 1362 3441 prudentia
1421 3367 1489 3421 ut
1548 3359 1909 3440 provisione
1968 3359 2108 3420 utili
2167 3359 2381 3421 addita

883 3465 1276 3539 reparentur.
1311 3457 1374 3519 Si
1419 3456 1752 3538 dispositio
1795 3457 1965 3518 circa
2013 3457 2221 3539 prima
2262 3467 2381 3520 sta.-

884 3562 1021 3617 tuta
1063 3554 1338 3628 vacillat,
1379 3555 1754 3618 adhibeatur
1803 3556 2108 3618 correctio
2155 3556 2234 3617 ad
2285 3575 2378 3618 se-

886 3655 1112 3717 cunda.
1157 3654 1331 3717 Unde
1381 3653 1447 3716 in
1497 3653 1596 3715 his
1647 3654 1836 3716 rebus
1885 3655 2380 3718 considerandus

885 3761 982 3816 est
1037 3752 1212 3828 finis,
1263 3759 1325 3815 et
1373 3752 1724 3814 seeundum
1784 3753 2166 3835 exigentiam
2227 3754 2379 3817 sinis

885 3852 1253 3933 dirigendus
1282 3859 1378 3914 est
1409 3870 1632 3914 cursus
1662 3859 1724 3912 et
1753 3859 1950 3914 actus.
1977 3853 2173 3926 Quem
2209 3854 2260 3915 si
2291 3854 2381 3915 vi-

885 3951 1168 4013 derimus
1199 3950 1263 4012 in
1296 3950 1573 4012 deterius
1599 3969 1858 4031 vergere
1889 3953 2379 4033 superveniente

886 4048 1154 4112 consilio
1201 4049 1487 4123 meliore,
1531 4049 1765 4110 rectius
1810 4057 1906 4111 est
1949 4050 2025 4112 ad
2075 4049 2381 4113 salubrio-

886 4167 1019 4211 rem
1061 4147 1328 4210 transire
1374 4147 1776 4222 sententiam,
1820 4147 2036 4228 inepta
2081 4149 2407 4222 constitu-⁵

886 4346 1158 4419 statutis,
1191 4344 1509 4427 implicari
1550 4344 1948 4425 gravioribus
1991 4345 2186 4407 vitiis.

1307 4600 1811 4664 CAPITULUM
1871 4601 1959 4664 X.

1000 4750 1413 4821 Interroyatio
1442 4749 1516 4805 de
1543 4755 1676 4805 voto
1707 4750 1869 4824 quod
1897 4751 1965 4806 in
1993 4751 2262 4807 coenobio

1381 4839 1586 4912 Syriae
1614 4837 1885 4909 fecimuS.

1025 5036 1386 5101 ERMANUS
1433 5053 1448 5098 ε
1493 5036 1809 5110 Quantum
1860 5045 2102 5118 spectat
2149 5037 2229 5099 ad
2280 5038 2381 5099 de·

1041 5136 1349 5200 siderium
1388 5143 1676 5197 nostrum
1707 5155 1744 5197 a
1773 5135 1958 5198 nobis
1997 5143 2377 5218 conceptum

883 5236 1116 5298 intuitu
1148 5234 1459 5298 commodi
1492 5233 2245 5317 spiritualiS,optaremus
2275 5234 2380 5296 hic

880 5333 1116 5416 jugiter
1155 5333 1553 5397 commorari.
1594 5333 1656 5395 Si
1695 5333 1869 5396 enim
1913 5333 2150 5396 reversi
2189 5333 2380 5396 fueri-

2492 3158 2803 3241 profuerit
2844 3160 2935 3221 eis
2978 3160 3185 3222 exitus
3230 3158 3320 3221 rei
3363 3161 3473 3242 qui
3516 3163 3797 3242 aggressi
3838 3172 3989 3226 sunt

2492 3276 2624 3319 rem
2672 3258 2994 3340 proposito
3039 3259 3336 3340 pessimO,
3370 3267 3735 3342 perpetrare
3776 3262 3992 3324 volen-

2492 3364 2584 3418 tes
2616 3375 2742 3419 non
2774 3357 3181 3419 subsecutam
3215 3357 3575 3432 utilitatem,
3602 3359 3712 3421 sed
3746 3361 3989 3424 malum

2489 3453 2550 3516 ei
2575 3455 3293 3518 contrarium.Praeterea
3326 3464 3395 3516 ut
3423 3456 3543 3520 hoc
3572 3457 3785 3538 ipsum
3817 3461 3988 3541 quod

2491 3553 2764 3615 dicimus
2808 3554 3201 3616 declaremus
3245 3573 3374 3617 uno
3414 3554 3707 3637 exemplo
3748 3574 3763 3618 :
3807 3558 3985 3638 quid,

2492 3669 2726 3733 quaeSO,
2760 3652 3079 3714 salubrius
3121 3661 3309 3735 atque
3346 3654 3567 3716 utilius
3607 3655 3815 3736 potuit
3846 3675 3991 3738 pro-

2492 3751 2699 3812 curari
2760 3752 2875 3813 toti
2939 3752 3197 3824 mundo,
3258 3771 3450 3834 quam
3516 3753 3769 3816 salubre
3826 3755 3987 3818 illud

2493 3850 2845 3912 remedium
2890 3849 3227 3913 dominicae
3270 3851 3626 3932 passionis?
3656 3852 3733 3914 Et
3774 3861 3988 3916 tamen

2491 3967 2617 4010 non
2650 3949 2855 4011 solum
2888 3968 3013 4011 non
3045 3949 3285 4030 profuit
3313 3950 3618 4031 proditori
3651 3970 3765 4033 per
3792 3971 3987 4034 quem

2493 4048 2973 4130 procurabatur,
3008 4049 3138 4111 imo
3171 4049 3235 4110 in
3272 4056 3517 4111 tantum
3558 4049 3767 4112 obfuit
3798 4051 3881 4122 ei,
3915 4058 3991 4112 ut

2493 4146 2779 4211 Christus
2824 4147 2903 4208 de
2948 4147 3087 4228 ipso
3130 4147 3417 4210 absolute
3460 4149 3797 4229 protulerit
3829 4167 3843 4212 ε
3874 4149 3993 4213 Bo-
4032 4169 4251 4214 tudam.

884 4247 1057 4310 tione
1087 4253 1316 4320 amota,
1350 4263 1542 4327 quam
1574 4246 1985 4327 pertinaciter
2013 4246 2380 4311 inhaerendo
2412 4249 2462 4309 D
2492 4265 2647 4307 num
2698 4253 2832 4308 erat
2879 4246 2961 4320 ei,
3008 4246 3061 4308 si
3112 4251 3295 4308 natus
3344 4265 3470 4308 non
3521 4247 3747 4311 fuisset
3794 4248 3991 4312 homo
4018 4235 4085 4276 ²⁸·

2491 4344 2618 4406 ille.
2654 4344 2790 4407 Non
2830 4345 3003 4408 enim
3048 4344 3400 4408 secundum
3440 4345 3503 4409 id
3540 4347 3706 4428 quod
3746 4347 3985 4420 evenit,

2490 4452 3008 4526 reeompensatus
3066 4452 3162 4506 est
3216 4444 3463 4507 fructus
3522 4445 3733 4527 operis
3786 4446 3985 4520 Judae,

2491 4544 2601 4604 sed
2646 4543 2999 4603 secundum
3043 4543 3104 4604 id
3152 4542 3322 4624 quod
3370 4542 3581 4606 facere
3622 4543 3846 4617 voluit,
3877 4553 3990 4606 aut

2490 4640 2811 4703 facturum
2846 4657 2913 4700 se
2946 4641 3231 4702 credidit.
3268 4641 3343 4702 Et
3374 4660 3652 4716 rursum,
3685 4643 3839 4723 quid
3870 4643 3993 4704 cri-

2492 4739 2801 4801 minosius
2843 4737 2987 4800 dolo
3028 4746 3219 4820 atque
3272 4739 3601 4802 mendacio
3646 4740 3993 4804 commisso

2489 4839 2680 4901 etiam
2734 4839 2796 4899 in
2848 4847 3240 4911 extraneum,
3284 4856 3364 4900 ne
3414 4838 3684 4900 dixerim
3736 4839 3803 4901 in
3848 4859 3991 4921 ger-
4038 4864 4249 4907 cam„

4022 4925 4235 4976 imum.

2492 4957 2751 4999 manum
2782 4945 2891 4999 aut
2921 4944 3165 5019 patrem
3184 4940 3208 4998 2
3230 4937 3303 4998 Et
3334 4945 3545 5000 tamen
3574 4938 3767 5000 Jacob
3797 4939 3993 5021 patri-

2488 5036 2679 5098 archa
2708 5053 2834 5098 non
2867 5036 3073 5098 solum
3105 5034 3349 5098 nullam
3379 5035 3649 5098 incurrit
3677 5036 3989 5100 damnati-

2488 5153 2676 5197 onem
2720 5141 2829 5196 aut
2868 5133 3425 5216 reprehensionem
3470 5152 3588 5216 pro
3626 5134 3727 5208 iis,
3760 5153 3987 5197 verum

2488 5233 2681 5295 etiam
2722 5234 2955 5295 ditatus
2996 5240 3089 5295 est
3129 5232 3476 5295 hereditate
3520 5232 3989 5297 benedictionis

2491 5339 2815 5416 perpetua.
2834 5331 2962 5394 Nec
2993 5331 3335 5406 immerito,
3355 5331 3505 5413 quia
3534 5339 3596 5394 et
3619 5330 3810 5394 Jacob
3842 5351 3992 5395 con-
