4359 6267
631 998 881 1048 Pacxxxiv,

639 2378 720 2422 Pe.
734 2391 827 2428 xm,
841 2382 880 2429 9,

621 2445 684 2486 10.

633 2872 808 2916 Manu.
823 2885 880 2920 ix.

616 2939 738 3043 ᾖσε.
751 3011 808 3046 ix,
822 3001 863 3040 6.

661 3657 823 3700 Joann.
841 3671 883 3709 v,

622 3723 686 3763 17.

619 3952 884 4001 ΡιιιιιΛΒ.

639 4149 774 4192 Amos
791 4163 831 4194 v.
845 4151 885 4200 8,

616 4213 740 4267 Juxta
755 4210 872 4253 Lxx.

647 4345 726 4386 Pe.
750 4357 885 4395 mvi,

623 4412 687 4450 ¹1.

660 4543 740 4585 Pe.
764 4556 887 4594 mxvii,

622 4613 687 4653 29.

908 498 1030 572 290

1603 519 2018 568 coLLATloNUM
2061 523 2146 566 SS.
2181 522 2423 567 PATRUM
2464 521 2639 566 LIBER
2680 523 2742 567 11.
2784 541 2863 550 --
2904 523 3189 569 coLLATlo
3230 524 3317 570 ΧΠ

913 694 1138 749 centur
1181 688 1329 751 ullis
1375 689 1650 768 injuriiS,
1691 689 1802 751 sed
1847 689 2036 751 etiam
2083 708 2281 772 quum
2336 688 2405 750 il·
2432 688 2484 750 A
2516 688 2842 770 insperati,
2878 691 3018 754 illos
3052 709 3306 773 quoque
3344 692 3625 773 ignotos*
3660 693 3859 755 cordis
3894 712 3988 755 ex·
4030 717 4213 772 πει-ιω.

913 786 1053 849 latae
1112 785 1372 863 fuerint,
1426 789 1662 868 ingenti
1728 789 2243 870 magnanimitate
2303 789 2403 850 lae-

912 889 1170 947 tentur?
1209 886 1494 969 Denique
1536 887 1681 969 quis
1724 905 1850 949 non
1897 888 2165 950 miretur
2213 905 2405 969 opera

912 984 1046 1058 Dei,
1079 991 1141 1046 et
1172 993 1300 1048 toto
1329 985 1566 1048 affectu
1597 987 1928 1060 exclamet,
1962 985 2118 1058 Quia
2151 1005 2269 1067 ego
2302 1004 2403 1048 co-

911 1082 1100 1162 gnovi
1150 1085 1318 1165 quod
1371 1103 1635 1164 magnus
1683 1092 1779 1146 est
1826 1084 2168 1160 Dominus3
2203 1104 2403 1165 quum

911 1182 1303 1262 perspexerit
1334 1202 1400 1244 se
1435 1191 1543 1244 aut
1578 1184 1774 1245 alium
1806 1183 2173 1265 quempiam
2206 1202 2283 1244 ex
2314 1202 2406 1245 ra-

911 1279 1251 1359 pacissimo
1311 1280 1546 1343 factum
1609 1282 1958 1355 liberalem,
2005 1301 2081 1344 ex
2139 1282 2404 1364 prodigo

911 1377 1327 1452 moderatum,
1361 1398 1438 1440 ex
1485 1379 1761 1460 superbo
1806 1378 2140 1452 humilem,
2175 1397 2253 1440 ex
2304 1379 2406 1440 de-

910 1475 1096 1537 licato
1143 1485 1205 1538 et
1270 1484 1487 1540 tenero
1536 1477 1898 1559 squalidum
1949 1485 2009 1538 et
2058 1477 2399 1550 hirsutum,

907 1581 1097 1655 atque
1147 1575 1554 1656 praesentium
1606 1595 1820 1638 rerum
1867 1583 2142 1656 egestate
2190 1583 2252 1636 et
2296 1594 2404 1636 an-

907 1672 1115 1752 gustia
1145 1672 1498 1736 voluntarie
1544 1673 2023 1755 perfruentem?

988 1772 1110 1832 Ista
1143 1771 1426 1853 profecto
1465 1781 1611 1835 sunt
1644 1773 1804 1834 mira
1837 1790 2030 1854 opera
2066 1772 2399 1844 CreatoriS,

2514 807 2752 863 cessuS,
2799 797 2862 851 et
2907 799 3035 852 tam
3084 790 3437 853 ineffabilia
3485 811 3677 872 quam
3726 792 3991 854 inaudita

2512 888 2888 968 gaudiorum
2921 889 3162 962 solatia,
3196 890 3431 971 quibus
3463 891 3803 964 interdum,
3835 889 3992 971 igna-

2513 986 2778 1050 vissimo
2809 995 3067 1068 stupore
3098 995 3431 1068 torpenteS,
3454 989 3831 1050 suscitamur
3854 1009 3991 1069 qua-

2515 1085 2566 1146 si
2600 1085 2678 1147 de
2708 1104 2932 1149 somno
2960 1086 3338 1166 gravissimo
3366 1087 3443 1148 ad
3474 1086 3987 1150 ferventissimam

2514 1183 2884 1246 orationem.
2956 1184 3113 1258 Hoc,
3184 1185 3473 1266 inquam,
3544 1192 3641 1246 est
3704 1185 3987 1266 gaudium

2514 1281 2684 1363 quod
2720 1281 2928 1362 (juxta
2962 1282 3365 1364 Apostolum)
3401 1282 3625 1345 oculus
3664 1301 3785 1346 non
3820 1283 3985 1356 vidit,
4012 1296 4123 1340 teor
4154 1301 4239 1341 aa.

2515 1397 2632 1440 nec
2670 1380 2842 1441 auris
2880 1381 3146 1452 audivit,
3188 1399 3307 1442 nec
3347 1381 3411 1441 in
3454 1399 3563 1443 cor
3602 1381 3870 1443 hominis
3903 1401 3988 1444 as-

2515 1477 2759 1556 cendit;
2792 1478 2931 1559 ejus
2962 1479 3255 1541 videlicet
3290 1479 3569 1541 hominis
3599 1479 3707 1560 qui
3739 1481 3985 1542 terrenis

2514 1575 2689 1638 vitiis
2720 1575 3073 1650 hebetatuS,
3092 1577 3300 1639 adhuc
3330 1579 3520 1640 homo
3549 1584 3663 1651 est,
3682 1585 3862 1659 atque
3888 1578 3987 1639 hu-

2516 1673 2720 1735 manis
2765 1674 3028 1736 inhaeret
3071 1673 3435 1749 affectibuS,
3478 1674 3765 1756 nihilque
3806 1675 3985 1737 intue-

2517 1776 2620 1831 tur
2666 1772 2743 1833 de
2794 1771 3071 1853 przefatis
3122 1771 3233 1832 Dei
3284 1772 3681 1834 muneribus·
3723 1772 3984 1854 Denique

907 1889 1048 1951 quae
1085 1870 1299 1932 anima
1338 1870 1660 1953 prophet-ae
1706 1871 1959 1933 Davidis
2002 1878 2062 1932 et
2109 1871 2404 1934 consimi-
2440 1868 2487 1931 B
2518 1868 2685 1931 idem
2725 1869 3063 1950 Apostolus
3104 1869 3377 1950 subjecit
3416 1878 3543 1932 tam
3585 1870 3663 1932 de
3704 1889 3769 1931 se
3809 1889 3982 1951 quam

911 1967 1062 2029 lium
1088 1968 1230 2048 ejus
1262 1969 1598 2049 cognoscit,
1616 1968 1965 2050 stupefacta
1994 1969 2226 2031 intuitu
2260 1987 2404 2032 con-

910 2066 1340 2148 templationis
1391 2067 1700 2130 mirificae.
1750 2068 1873 2128 Ista
1920 2074 2066 2129 sunt
2118 2067 2405 2148 prodigia

912 2184 1054 2247 quae
1094 2165 1306 2246 posuit
1346 2185 1538 2247 super
1577 2174 1832 2241 terram,
1874 2185 2016 2247 quae
2057 2165 2227 2228 idem
2265 2167 2406 2229 Pro-

913 2265 1102 2346 pheta
1126 2264 1552 2339 considerans,
1575 2265 1655 2327 ad
1679 2283 1899 2327 eorum
1919 2265 2403 2327 admirationem

910 2362 1170 2425 advocat
1213 2370 1473 2425 cunctos
1513 2363 1804 2444 populoS,
1847 2363 2065 2425 dicens
2101 2383 2114 2426 :
2155 2364 2401 2436 Venite,

911 2468 974 2522 et
1012 2459 1220 2522 videte
1260 2478 1450 2541 opera
1493 2461 1627 2534 Dei,
1674 2480 1815 2542 quae
1859 2461 2070 2541 posuit
2116 2460 2406 2544 prodigia

911 2576 1104 2640 super
1139 2543 1396 2634 terram,
1430 2558 1723 2630 auferens
1763 2559 1930 2621 bella
1971 2579 2171 2641 usque
2213 2561 2288 2621 ad
2331 2559 2404 2621 fi-

911 2675 1022 2720 nes
1055 2663 1235 2719 terrae
1260 2674 1274 2718 τ
1301 2675 1518 2719 arcum
1551 2664 1854 2728 conteret,
1878 2665 1996 2719 etc.
2023 2658 2197 2732 Quod
2230 2658 2400 2720 enim

911 2764 1118 2838 potest
1175 2755 1382 2835 majus
1438 2773 1578 2817 esse
1635 2755 2019 2837 prodigium,
2081 2775 2274 2838 quam
2337 2757 2402 2817 in

913 2861 1234 2917 momento
1278 2853 1654 2916 brevissimo
1697 2873 1772 2915 ex
1816 2855 2243 2935 rapacissimis
2289 2874 2402 2935 pu-

909 2952 1178 3014 blicanis
1217 2952 1548 3033 Apostolos
1593 2951 1823 3014 Christi
1871 2950 2034 3024 fieri,
2073 2970 2148 3013 ex
2195 2960 2404 3013 trucu-

909 3050 1097 3112 lentis
1129 3049 1642 3132 persecutoribus
1671 3049 2169 3131 patientissimos
2204 3049 2402 3110 Evan-
2439 3047 2483 3110 C

909 3149 1056 3229 gelii
1095 3148 1536 3230 praedicatores
1572 3147 1894 3220 constitui,
1930 3147 2016 3209 ita
2052 3154 2119 3208 ut
2156 3148 2401 3229 proprii

911 3246 1237 3328 sanguinis
1295 3245 1610 3307 effusione
1646 3246 2146 3327 ‘promulgarent
2205 3245 2398 3308 fidem

910 3363 1101 3426 quam
1133 3351 1276 3405 ante
1309 3343 1897 3424 persequebantur?
1927 3344 2048 3404 Ista
2079 3351 2228 3404 sunt
2256 3361 2403 3424 ope-

913 3461 981 3502 ra
1028 3461 1170 3523 quae
1219 3440 1435 3513 Filius,
1491 3440 1555 3502 in
1611 3440 1950 3520 Evangelio
2002 3441 2172 3521 apud
2223 3442 2404 3503 Joan-

912 3558 1082 3612 nem,
1145 3545 1529 3620 protestatur
1585 3557 1651 3600 se
1712 3556 1858 3600 cum
1918 3539 2094 3600 Patre
2153 3538 2402 3619 operari

914 3637 1220 3720 quotidie,
1263 3637 1481 3698 dicens
1525 3657 1538 3700 ε
1583 3638 1760 3699 Pater
1803 3655 1982 3699 meus
2029 3656 2231 3719 usque
2275 3653 2405 3698 mo-

914 3737 994 3799 do
1037 3742 1354 3818 operatur,
1387 3742 1451 3796 et
1490 3752 1607 3815 ego
1650 3753 1894 3816 operor.
1946 3736 2030 3797 De
2076 3734 2215 3796 istis
2258 3752 2403 3816 ope-

915 3835 1092 3896 ribus
1129 3834 1237 3895 Dei
1275 3834 1494 3895 beat-us
1533 3832 1728 3894 David
1769 3832 1834 3894 in
1875 3833 2103 3913 spiritu
2145 3851 2401 3906 canenS,

915 3933 1075 3996 dixit
1127 3950 1141 3994 :
1192 3931 1570 3994 Bene-dictus
1619 3931 1926 3993 Dominus
1977 3931 2140 3993 Deus
2192 3931 2403 4004 lsrael,

916 4031 1025 4113 qui
1076 4029 1228 4092 facit
1279 4029 1599 4090 mirabilia
1645 4028 1834 4091 solus.
1891 4029 1976 4090 De
2036 4028 2273 4110 quibus
2320 4029 2409 4090 ait

914 4138 978 4193 et
1030 4129 1221 4192 Amos
1277 4128 1582 4210 propheta
1636 4147 1648 4190 ε
1702 4126 1815 4199 Qui
1877 4127 2029 4189 facit
2079 4127 2295 4189 omnia
2346 4134 2409 4188 et.

2514 1969 2593 2029 de
2627 1967 2750 2028 sibi
2788 1967 3133 2040 similibuS,
3170 1969 3279 2050 qui
3313 1967 3445 2048 jam
3482 1968 3817 2031 humanam
3850 1985 3986 2030 con-

2516 2065 2938 2127 versationem
2990 2066 3529 2139 transcenderant,
3570 2067 3785 2129 dicens
3824 2083 3838 2127 :
3876 2067 3987 2128 No-

2513 2163 2613 2225 bis
2670 2171 2885 2225 autem
2943 2163 3248 2225 revelavit
3306 2164 3469 2226 Deus
3530 2182 3644 2246 per
3700 2164 3985 2246 Spiritum

2514 2279 2723 2323 suum.

2882 2503 3385 2570 CAPITULUM
3448 2507 3635 2570 XIII.

2541 2652 2713 2719 Quod
2739 2651 3118 2710 dulcedinem
3145 2655 3452 2711 castitatis
3480 2673 3601 2712 non
3630 2663 3967 2728 umescant,

2818 2743 2945 2797 nisi
2976 2744 3087 2816 qui
3115 2760 3246 2800 eam
3273 2747 3703 2817 experiuntur.

2657 2951 2911 3017 UANTO
2942 2969 3090 3032 ergo
3122 2971 3303 3014 mens
3332 2960 3545 3015 nostra
3575 2953 3653 3015 ad
3682 2953 3995 3016 sublimio-

2519 2945 2649 3146 Ο
2674 3066 2809 3109 rem
2855 3047 3197 3128 profecerit
3239 3049 3602 3130 puritatem,
3648 3057 3819 3112 tanto
3861 3049 3993 3111 sub·

2514 3147 2691 3209 tilius
2752 3145 3105 3208 intuebitur
3158 3148 3379 3220 Deum,
3431 3154 3495 3209 et
3544 3148 3756 3229 potius
3805 3149 3996 3230 capiet

2515 3245 2680 3306 intra
2738 3262 2804 3305 se
2864 3244 3257 3307 incrementa
3316 3245 3755 3308 admirationis
3813 3246 3991 3318 illius,

2513 3362 2705 3425 quam
2734 3342 3026 3424 loquendi
3058 3342 3339 3406 inveniet
3364 3343 3725 3407 facultatem
3748 3351 3855 3407 aut
3878 3363 3999 3406 nar-

2515 3441 2776 3503 rationis
2824 3459 3203 3503 sermonem.
3249 3442 3793 3514 Quemadmodum
3836 3443 3993 3505 enim

2516 3539 2883 3620 inexpertus
2916 3556 3043 3601 non
3075 3539 3243 3600 valet
3274 3549 3485 3602 mente
3516 3539 3848 3622 percipere
3876 3541 3993 3602 vim

2515 3636 2747 3700 laetitiae
2780 3636 3073 3718 puritatis
3115 3637 3400 3712 internae,
3435 3639 3523 3699 ita
3550 3647 3849 3719 expertus
3881 3657 3993 3700 non

2514 3734 2682 3798 valet
2711 3735 3029 3816 explicare
3060 3753 3200 3796 eam
3242 3753 3533 3798 sermone
3569 3754 3582 3797 :
3619 3744 3912 3818 tanquam
3947 3737 3994 3798 si

2516 3833 2661 3914 quis
2710 3833 2864 3895 velit
2922 3833 3326 3896 sermonibus
3384 3853 3677 3896 enarrare
3735 3835 3998 3897 dulcedi-

2516 3951 2661 3993 nem
2710 3931 2917 3993 mellis
2958 3932 3015 3993 ei
3057 3931 3167 4013 qui
3218 3951 3546 4013 nunquam
3588 3933 3863 4013 gustavit
3898 3934 3998 3994 ali-

2515 4029 2668 4111 quid
2699 4028 3032 4100 dulce,ille
3057 4047 3209 4091 aure
3240 4047 3367 4092 non
3398 4030 3607 4111 capiet
3637 4032 3995 4094 suavitatem

2517 4126 2759 4209 saporis
2798 4146 2992 4208 quam
3036 4144 3143 4189 ore
3184 4147 3511 4209 nunquam
3555 4130 3861 4211 percepit,
3892 4147 3999 4191 nec

917 4228 1226 4290 convertit
1263 4246 1357 4300 ea,
1395 4233 1458 4288 et
1497 4225 1790 4287 umbram
1833 4225 2054 4287 mortis
2094 4233 2408 4287 transmu-
2436 4229 2488 4291 D
2519 4225 2636 4286 iste
2696 4225 2929 4306 poterit
2986 4225 3199 4287 verbis
3267 4225 3547 4287 indicare
3608 4227 3997 4290 dulcedinem

915 4335 1004 4389 tat
1043 4327 1107 4388 in
1153 4325 1554 4387 matutinum.
1604 4323 1746 4386 Haec
1788 4323 2029 4405 quippe
2071 4330 2164 4384 est
2211 4331 2410 4385 muta-

915 4426 1004 4488 tio
1061 4426 1333 4487 dexterae
1391 4421 1656 4484 Excelsi.
1720 4422 1808 4482 De
1867 4421 1984 4483 hac
2041 4421 2407 4502 operatione

917 4523 1154 4586 salubri
1203 4530 1335 4586 orat
1379 4529 1634 4583 sanctus
1678 4521 1988 4602 Propheta
2029 4540 2042 4584 :
2086 4520 2409 4584 Confirma

915 4622 1058 4696 hoc,
1097 4622 1286 4693 DeuS,
1326 4619 1494 4701 quod
1533 4627 1827 4700 operatus
1871 4639 1938 4682 es
1979 4619 2043 4681 in
2084 4618 2288 4681 nobiS.
2332 4620 2408 4682 Ut

917 4715 1394 4801 praetermittam
1431 4715 1570 4777 illas
1607 4723 1878 4778 secretas
1915 4723 2104 4797 atque
2142 4715 2407 4777 abscon-

914 4818 1077 4878 ditas
1138 4815 1248 4876 Dei
1305 4813 1810 4894 dispensationes
1877 4820 1937 4874 et
2009 4813 2406 4895 operationes

915 4934 1072 4998 quas
1112 4915 1179 4976 in
1220 4913 1464 4975 Sanctis
1504 4911 1912 4994 peculiariter
1947 4920 2038 4974 est
2081 4929 2405 4983 exercenS,

916 5033 1074 5096 quas
1131 5031 1308 5074 mens
1367 5009 1656 5073 omnium
1711 5009 2084 5072 Sanctorum
2139 5008 2408 5090 singulis

916 5113 1199 5175 intuetur
1236 5109 1576 5173 momentis
1611 5124 1624 5170 ε
1663 5115 1878 5189 utpote
1916 5107 2304 5171 infusionem
2341 5107 2411 5168 il-

917 5213 1042 5275 lam
1084 5210 1406 5274 coeles'tem
1446 5207 1796 5290 spiritualis
1842 5206 2094 5280 laetitiae,
2136 5225 2263 5288 qua
2306 5207 2409 5268 de-

2518 4342 2709 4404 quam
2772 4323 3068 4403 cognovit
3117 4330 3339 4403 gustus
3399 4323 3853 4403 delectatione3
3898 4325 3997 4386 sed

2519 4421 2768 4483 illectus
2811 4428 3057 4482 tantum
3100 4421 3357 4502 propria
3388 4423 3710 4502 agnitione
3748 4425 4000 4486 suavita·

2521 4520 2621 4592 tis,
2666 4537 2925 4582 necesse
2970 4527 3066 4582 est
3122 4527 3190 4580 ut
3232 4520 3463 4582 tacitus
3515 4521 3579 4581 in
3630 4541 3696 4583 se
3744 4522 3998 4584 admire-

2518 4626 2622 4679 tur
2671 4617 2917 4698 experti
2971 4617 3215 4699 saporis
3265 4617 3754 4698 jucunditatem.
3800 4621 3999 4700 ltaque

2517 4716 2909 4798 quicumque
2964 4716 3268 4779 meruerit
3323 4717 3657 4798 pervenire
3716 4718 3785 4780 in
3844 4719 3997 4780 hunc

2517 4833 2709 4896 quem
2770 4814 3183 4896 praediximus
3242 4821 3499 4889 statum,
3554 4816 3745 4878 tacita
3806 4823 3997 4879 mente

2518 4931 2896 4994 percurrens
2935 4931 3009 4975 ac
3039 4913 3296 4975 intuens
3326 4912 3541 4976 omnia
3580 4913 3700 4976 ista
3729 4934 3870 4995 quae
3898 4913 3999 4974 Do-

2519 5010 2733 5072 minus
2793 5009 3098 5092 peculiari
3154 5009 3355 5090 gratia
3410 5018 3707 5091 operatur
3757 5011 3825 5073 in
3880 5007 3999 5072 suis

2517 5107 2759 5180 electis,
2811 5107 3167 5189 horumque
3217 5106 3503 5170 omnium
3558 5109 3827 5171 attonita
3870 5124 4000 5170 con-

2520 5205 2902 5268 sideratione
2949 5222 3277 5279 accensus,
3330 5223 3477 5267 cum
3530 5205 3756 5269 intimo
3807 5203 3999 5269 cordis

4038 2083 4139 2126 [bid.
4166 2087 4215 2126 10.

4020 5256 4074 5298 Ρ,
4086 5257 4225 5294 mxnll.

913 5311 1121 5393 iectus
1162 5307 1516 5371 sustollitur
1551 5307 1804 5370 animus
1836 5304 2157 5368 alacritate
2196 5304 2411 5386 gaudii
2520 5303 2759 5367 affectu
2802 5302 3103 5365 clamabit
3146 5303 3303 5365 illud
3343 5303 3688 5368 Psalmistae
3721 5324 3736 5369 ε
3770 5301 3999 5368 Mirabi-
4024 5320 4077 5360 n.
