4359 6267
1208 507 1625 555 conmonuit
1666 507 1751 551 SS.
1786 506 2030 552 Panum
2071 505 2248 551 LIBER
2288 506 2328 551 1.
2374 523 2456 535 -
2496 505 2783 554 comario
2823 508 2868 553 11

3469 489 3588 555 155

474 695 673 739 orum
728 684 1009 741 reservet
1057 694 1186 739 non
1236 677 1443 739 solum
1498 676 1793 739 universa
1845 692 1986 755 quae
2014 672 2067 735 A
2097 672 2332 755 ipsum,
2365 675 2620 754 gravius
2660 674 2989 737 cruciabar
3019 675 3096 737 de
3137 675 3586 739 commissione

476 776 618 855 agit
646 782 755 837 aut
784 776 1028 855 agenda
1064 782 1428 846 occurrunt,
1462 774 1576 835 sed
1610 773 1802 835 etiam
1845 790 1987 853 quae

479 874 877 953 cogitantur3
911 880 1223 953 quatenus
1253 872 1347 933 nil
1378 872 1641 933 credens
1674 888 1788 931 suo
1820 869 1986 950 judi-

478 971 615 1044 cio,
644 970 1007 1051 acquiescat
1046 988 1161 1051 per
1189 969 1403 1031 omnia
1442 967 1873 1030 informationi
1912 965 1982 1027 il-

478 1068 722 1140 lorum,
754 1075 944 1149 atque
973 1084 1195 1129 eorum
1238 1065 1656 1129 instructione
1686 1070 1984 1145 agnoscat

478 1166 647 1246 quid
696 1163 921 1226 debeat
956 1163 1245 1245 judicare
1291 1164 1529 1226 bonum
1575 1162 1675 1223 vel
1719 1162 1979 1223 malum.

478 1262 641 1335 Quoe
686 1261 1003 1323 institutio
1050 1254 1177 1324 non
1227 1262 1436 1323 solum
1486 1260 1738 1322 docebit
1779 1257 1987 1339 junio-

482 1379 631 1421 rem
670 1359 919 1421 tramite
958 1370 1131 1421 recto
1172 1360 1463 1422 incedere
1504 1377 1619 1441 per
1656 1376 1821 1419 verae
1861 1356 1987 1417 dis-

482 1458 791 1520 cretionis
834 1458 1029 1531 viam‚
1062 1458 1172 1519 sed
1217 1457 1481 1538 insuper
1521 1455 1797 1517 servabit
1837 1472 1985 1516 eum

484 1556 765 1617 illaesum
794 1555 874 1617 ab
918 1556 1230 1617 universis
1272 1555 1519 1617 insidiis
1550 1571 1623 1615 ac
1654 1551 1985 1614 fraudibus

482 1654 791 1715 hostium.
825 1653 1199 1716 Nullatenus
1237 1653 1475 1714 etenim
1507 1651 1716 1732 decipi
1758 1657 1983 1731 potest,

481 1752 605 1831 qui
658 1751 812 1813 vivit
859 1768 988 1813 non
1038 1768 1154 1813 suo
1197 1750 1461 1831 judicio,
1508 1750 1621 1811 sed
1671 1748 1985 1827 maj0rum

2096 771 2251 832 furti
2298 772 2491 845 illius,
2527 792 2716 853 quam
2755 773 3141 853 jucundatus
3180 792 3352 836 eram
3397 792 3590 855 super

2098 870 2420 951 voluptate
2453 870 2672 951 ipsiuS.
2700 871 3034 953 Quumque
3064 870 3587 933 molestissimum

2098 984 2260 1047 opus
2301 967 2470 1028 istud
2509 966 2649 1030 vice
2691 967 2957 1029 laterum
3002 967 3312 1029 indictum
3356 967 3515 1030 mihi
3552 985 3589 1028 a
3614 976 3877 1030 Exuet-ws-

2098 1064 2517 1137 daemonibus,
2551 1072 2851 1146 tanquam
2891 1064 2972 1127 ab
3002 1060 3402 1127 exactoribus
3441 1065 3591 1127 Pha-

2097 1162 2330 1234 raoniS,
2366 1162 2730 1243 impellerer
2777 1164 2952 1225 omni
3002 1164 3105 1225 die
3150 1163 3426 1244 explere,
3461 1180 3591 1224 non

2096 1259 2234 1320 sine
2268 1277 2552 1321 remorsu
2583 1267 2644 1321 et
2676 1261 2882 1322 cordis
2915 1261 3040 1322 mei
3072 1260 3308 1335 dolore,
3340 1280 3456 1323 nec
3488 1276 3589 1321 me

2097 1375 2350 1437 possem
2391 1377 2612 1419 eruere
2651 1358 2731 1419 ab
2775 1358 2895 1420 ista
2937 1358 3287 1421 saevissima
3333 1358 3590 1421 illorum

2100 1454 2453 1535 tyrannide,
2488 1462 2678 1537 atque
2710 1455 3134 1518 confunderer
3163 1457 3298 1519 seni
3332 1455 3593 1519 manife-

2096 1560 2262 1613 stare
2303 1551 2422 1615 hoc
2463 1552 2706 1614 furtum
2747 1555 3092 1629 occultum,
3127 1555 3389 1636 contigit
3429 1562 3588 1616 nutu

2096 1650 2209 1711 Dei
2239 1650 2512 1712 volentis
2544 1670 2645 1713 me
2677 1652 2754 1713 de
2794 1651 3020 1733 laqueo
3051 1653 3436 1735 captivitatis
3475 1653 3592 1714 hu-

2094 1748 2200 1829 jus
2238 1748 2506 1829 eripere,
2551 1757 2620 1810 ut
2660 1750 2905 1812 Fratres
2946 1751 3205 1831 quidam
3246 1762 3462 1814 senem
3502 1752 3593 1813 vi-

482 1848 821 1930 exemp103
853 1867 973 1911 nee
1005 1848 1241 1931 valebit
1280 1847 1547 1909 callidus
1578 1846 1777 1908 hostis
1810 1845 1985 1925 igno·
2021 1847 2070 1909 B
2098 1846 2360 1907 sitarent
2393 1864 2577 1907 causa
2606 1846 3066 1910 aedificationis,
3084 1849 3412 1931 Quumque
3443 1847 3597 1911 refe-

480 1946 713 2008 rantiae
742 1945 881 2025 ejus
911 1946 1201 2019 illudere,
1236 1946 1346 2027 qui
1390 1945 1717 2007 universas
1760 1942 1989 2023 cogita-

481 2044 697 2105 tiones
730 2043 792 2105 in
833 2045 1022 2107 corde
1052 2062 1168 2106 suo
1208 2051 1539 2105 nascentes
1578 2060 1985 2123 nequaquam

478 2141 843 2214 abscondit,
896 2142 1007 2205 sed
1055 2162 1161 2205 eas
1209 2142 1505 2224 reprobat
1551 2140 1653 2202 vel
1711 2139 1992 2201 admittit

482 2247 745 2301 maturo
771 2241 1064 2304 examine
1093 2241 1435 2302 seniorum.
1472 2238 1779 2320 Cogitatio
1809 2237 1992 2318 quip-

484 2356 571 2417 pe
626 2338 903 2419 maligna
951 2338 1283 2400 marcescit
1342 2355 1489 2399 mox
1537 2355 1738 2418 quum
1796 2333 1992 2396 fuerit

486 2433 853 2515 patefacta3
902 2443 967 2497 et
1015 2454 1276 2517 serpens
1335 2435 1698 2497 teterrimus
1756 2433 1989 2495 virtute

484 2531 914 2595 confessionis
946 2534 1128 2614 quasi
1167 2552 1246 2595 ex
1276 2532 1611 2595 tenebroso
1650 2540 1713 2593 et
1744 2530 1988 2592 subter-

484 2648 689 2693 raneo
719 2650 913 2712 specu
944 2638 1301 2713 protractus
1330 2631 1409 2692 ad
1444 2630 1673 2702 lucem,
1706 2628 1991 2691 abscedit

483 2727 943 2790 dehonestatus
996 2728 1189 2790 etiam
1240 2736 1581 2809 antequam
1636 2725 1991 2809 proferatur

474 2825 809 2906 judicium
867 2826 1269 2889 discretionis
1322 2826 1401 2888 de
1460 2825 1837 2907 cogitatione
1898 2824 1990 2886 sic

486 2920 827 3003 patefacta.
862 2923 1126 2984 Tamdiu
1167 2923 1341 2985 enim
1382 2922 1817 3003 suggestiones
1848 2920 1988 3000 ejus

2100 1943 2309 2005 ctione
2349 1945 2685 2025 completa,
2722 1946 3032 2027 inciperet
3067 1945 3211 2008 fieri
3243 1946 3593 2027 spiritualis

2100 2041 2374 2114 collatio,
2426 2050 2490 2103 et
2537 2061 2729 2105 senex
2791 2043 3390 2124 interrogationibus
3451 2044 3594 2106 Fra-

2099 2146 2270 2200 trum
2309 2140 2720 2220 respondenS,
2755 2140 3092 2203 dissereret
3131 2142 3209 2203 de
3240 2141 3397 2203 vitio
3431 2141 3595 2222 gulae

2098 2237 2620 2318 occultarumque
2653 2238 3105 2317 cogitationum
3136 2239 3591 2313 dominatione,

2099 2342 2444 2416 exponeret
2473 2354 2726 2417 quoque
2758 2354 2977 2398 earum
3014 2344 3305 2400 naturam
3339 2345 3402 2399 et
3431 2345 3596 2400 atro-

2102 2433 2424 2494 cissimam
2465 2434 2598 2495 vim
2637 2452 2830 2515 quam
2869 2434 3105 2497 habent
3146 2436 3453 2517 quamdiu
3495 2454 3594 2498 ce-

2101 2530 2314 2591 lantur
2365 2547 2379 2591 :
2431 2549 2548 2611 ego
2596 2531 2832 2593 virtute
2880 2532 3193 2595 sermonis
3242 2533 3382 2612 ejus
3428 2551 3596 2595 com-

2102 2637 2400 2709 punctuS,
2445 2629 2834 2691 conscientia
2877 2646 3130 2711 quoque
3180 2631 3595 2711 redarguente

2102 2726 2498 2807 perterrituS,
2533 2726 2729 2789 veluti
2783 2728 3046 2789 credens
3087 2729 3221 2791 haec
3266 2728 3408 2790 ideo
3456 2746 3595 2790 esse

2102 2824 2346 2904 prolata
2392 2843 2428 2885 a
2479 2843 2650 2899 sene,
2704 2826 2874 2907 quod
2921 2825 3087 2887 Deus
3143 2826 3202 2887 ei
3255 2824 3597 2888 revelasset
3671 2892 3678 2897 ,

2101 2930 2343 2984 secreta
2393 2924 2666 3003 pectoris
2717 2924 2864 2996 mei,
2912 2924 3220 2985 excitatus
3271 2923 3480 3006 primo
3529 2923 3595 2985 in

482 3019 703 3082 noxiae.
745 3020 1153 3082 dominantur
1191 3020 1256 3082 in
1302 3019 1509 3092 nobiS,
1543 3019 1849 3101 quamdiu
1890 3036 1989 3079 ce-
2026 3018 2071 3083 C
2099 3019 2347 3082 abditos
2377 3021 2665 3100 gemitus,
2681 3021 2908 3083 deinde
2940 3022 3429 3104 compunctione
3458 3040 3598 3083 mea

486 3117 709 3179 lantur
738 3117 802 3178 in
842 3118 1049 3180 corde.
1088 3118 1163 3179 Et
1200 3124 1269 3179 ut
1304 3116 1638 3179 efficacius
1679 3115 1989 3197 colligatis

482 3216 801 3277 virtutem
827 3235 900 3278 ac
932 3216 1263 3279 veritatem
1294 3215 1625 3277 sententiae
1653 3215 1868 3296 hujus,
1902 3232 1992 3275 re-

480 3310 696 3372 feram
754 3309 937 3373 vobis
992 3309 1234 3372 factum
1296 3310 1545 3372 abbatis
1603 3310 1986 3391 SerapioniS,

480 3408 665 3490 quod
708 3408 845 3490 ipse
888 3408 1237 3490 saepissime
1286 3408 1680 3491 proponebat
1723 3407 1990 3488 juniori-

484 3508 617 3567 bus
660 3524 851 3568 causa
893 3507 1350 3583 instructionis.

895 3759 1399 3825 CAPITULUM
1462 3761 1582 3825 XI.

496 3910 694 3967 Verba
731 3910 976 3967 abbatis
1019 3910 1381 3981 Serapionis
1420 3909 1492 3964 de
1529 3914 1717 3964 morte
1758 3908 1985 3979 cogita-

561 4001 797 4056 tionum
829 3998 1303 4071 patefacturum,
1332 4003 1390 4053 et
1426 3998 1500 4053 de
1529 3996 1808 4069 periculo
1839 4011 1988 4067 pro·

552 4089 723 4160 μήτε
747 4087 1151 4158 confidentioe.

636 4293 815 4355 IXIT
864 4293 1077 4375 itaque
1125 4292 1321 4354 abbas
1370 4291 1674 4373 Serapion
1718 4308 1731 4353 ε
1776 4291 1983 4364 Quum

652 4391 860 4453 adhuc
911 4389 1215 4471 parvulus
1267 4388 1622 4451 habitarem
1680 4406 1828 4450 cum
1882 4386 1988 4449 ab·

482 4488 637 4551 bate
679 4489 955 4561 Theona,
998 4487 1390 4549 consuetudo
1438 4487 1597 4548 mihi
1645 4485 1813 4548 facta
1860 4485 1985 4546 fuit

485 4606 569 4649 ex
604 4586 1007 4668 suggestione
1046 4585 1304 4660 diaboli,
1338 4592 1409 4647 ut
1448 4593 1786 4666 postquam
1825 4582 1986 4645 refe-

487 4684 724 4747 cissem
753 4684 909 4746 hora
947 4700 1114 4745 nona
1144 4701 1292 4745 cum
1324 4700 1495 4755 sene,
1526 4682 1985 4744 absconderem

488 4783 761 4845 latenter
804 4781 1234 4864 paximacium
1280 4799 1482 4843 unum
1524 4780 1590 4842 in
1633 4780 1779 4842 sinu
1820 4797 1984 4854 meo,

486 4880 665 4961 quod
712 4880 1041 4961 ignorante
1094 4898 1244 4941 sene
1296 4878 1562 4941 edebam
1615 4878 1863 4940 occulte
1909 4877 1990 4938 de

488 4996 655 5040 sero.
688 4977 865 5051 Quod
912 4976 1156 5039 furtum
1206 4976 1355 5038 licet
1402 4974 1863 5050 continuarem,
1898 4978 1988 5038 vi-

488 5084 637 5139 etus
674 5074 1119 5138 convenientia
1156 5074 1499 5155 voluptatis
1540 5082 1729 5156 atque
1771 5075 1989 5138 incon-

490 5174 762 5236 tinentia
804 5192 1015 5256 pravae
1056 5171 1441 5247 affectionis,
1474 5180 1690 5234 tamen
1740 5172 1991 5255 expleta

492 5271 1018 5353 eoncupiscentia
1052 5269 1457 5334 fraudulenta
1494 5270 1746 5333 rediens
1775 5271 1855 5332 ad
1887 5290 1988 5336 me

2102 3126 2448 3190 crescente,
2482 3136 2905 3200 prorumpens
2949 3120 3015 3180 in
3057 3127 3308 3200 apertos
3353 3119 3596 3200 singul-

2100 3224 2202 3277 tus
2233 3235 2305 3277 ac
2338 3216 2652 3289 lacrimaS,
2687 3216 2956 3299 produxi
2989 3218 3066 3279 de
3100 3216 3247 3280 sinu
3280 3235 3421 3280 meo
3453 3235 3600 3280 con-

2101 3315 2234 3376 scio
2271 3333 2344 3376 ac
2385 3322 2749 3397 susceptore
2785 3315 2937 3377 furti
2980 3316 3129 3389 mei,
3164 3316 3595 3398 paximacium

2101 3413 2270 3494 quod
2307 3413 2763 3475 consuetudine
2793 3412 3022 3475 vitiosa
3059 3413 3294 3476 abstuli
3334 3414 3594 3477 utillud

2099 3511 2348 3572 occulte
2388 3511 2824 3589 comederem3
2856 3516 2920 3571 et
2961 3509 3289 3592 proferens
3330 3511 3487 3572 illud
3530 3511 3596 3573 in

2100 3609 2394 3683 medium,
2411 3608 2731 3671 confessus
2761 3627 2900 3671 sum
2927 3627 3072 3670 cum
3100 3609 3303 3673 veniae
3331 3610 3601 3691 postula-

2100 3707 2270 3769 tione
2302 3714 2652 3788 prostratus
2683 3707 2748 3768 in
2777 3714 3034 3781 terram,
3053 3707 3592 3788 quemadmodum

2098 3805 2366 3867 latenter
2413 3805 2698 3886 quotidie
2758 3805 3228 3879 manducarem,
3283 3804 3592 3867 ubertim-

2096 3920 2221 3983 que
2266 3902 2603 3964 laerimans
2653 3920 2758 3964 eos
2808 3902 3022 3983 rogavi
3065 3910 3136 3963 ut
3180 3902 3596 3984 impetrarent

2100 3999 2257 4060 mihi
2296 4018 2334 4061 a
2362 4000 2632 4062 Domino
2669 3999 2798 4061 Deo
2835 3999 3218 4063 solutionem
3261 4019 3298 4062 a
3336 3999 3598 4061 durissi-

2100 4116 2204 4159 ma
2233 4097 2596 4179 captivitate
2626 4104 2689 4159 et
2720 4097 2926 4179 culpa.
2952 4097 3126 4159 Tunc
3157 4116 3349 4159 senex
3387 4114 3400 4158 ε
3437 4096 3596 4159 Gon-

2016 4199 2065 4261 D
2096 4194 2250 4268 fide,
2284 4194 2514 4276 inquit,
2547 4211 2586 4255 o
2616 4212 2795 4275 puer,
2829 4193 3146 4257 confessio
3184 4203 3292 4257 tua
3326 4196 3594 4258 abstulit

2098 4302 2158 4354 te
2203 4294 2281 4354 de
2329 4292 2447 4353 hac
2497 4292 2884 4373 captivitate,
2925 4292 3117 4353 etiam
3164 4311 3268 4355 me
3317 4300 3588 4357 tacente.

2097 4390 2294 4452 Hodie
2358 4389 2598 4451 etenim
2667 4389 2978 4471 superasti
3041 4390 3349 4453 victorem
3405 4398 3591 4454 tuum

2097 4487 2445 4560 diabolum,
2497 4495 2902 4569 prosternens
2954 4506 3104 4549 eum
3150 4488 3426 4551 validius
3486 4497 3598 4551 tua

2099 4584 2518 4657 confessione,
2560 4602 2751 4665 quam
2801 4602 2940 4647 eras
2987 4584 3068 4647 ab
3116 4602 3194 4647 eo
3243 4594 3594 4667 prostratus

2098 4690 2208 4744 tua
2239 4682 2666 4745 taciturnitate
2695 4689 2758 4744 et
2787 4682 3124 4760 celatione3
3149 4702 3342 4765 quem
3372 4684 3602 4747 hucus-

2100 4799 2224 4863 que
2255 4779 2601 4862 permisisti
2641 4778 2954 4842 dominari
2997 4780 3063 4841 in
3092 4787 3176 4854 te,
3212 4797 3341 4844 non
3379 4782 3598 4845 confu-

2100 4879 2290 4940 tando
2329 4878 2626 4940 eumdem
2659 4884 2771 4939 tua
2801 4878 2904 4940 vel
2938 4878 3201 4940 alterius
3242 4879 3597 4961 responsio-

2100 4995 2196 5049 ne,
2212 4975 2564 5038 secundum
2595 4973 2771 5036 illam
2796 4975 3147 5038 Salomonis
3179 4976 3590 5039 sententiam:

2101 5171 2342 5234 malum
2393 5170 2540 5245 cito,
2575 5171 2813 5233 idcirco
2860 5171 3176 5253 repletum
3222 5178 3318 5235 est
3361 5188 3470 5235 cor
3517 5170 3596 5235 fi-

2099 5074 2259 5148 Quia
2294 5090 2424 5135 non
2461 5071 2538 5134 fit
2577 5072 2862 5154 gradatio
2900 5073 2980 5135 ab
3022 5073 3170 5136 his*
3199 5074 3310 5156 qui
3351 5073 3595 5137 faciunt
3628 5040 3892 5159 ιῖοξξίιῗω

3627 5164 3744 5249 cxx.
3865 5225 3875 5236 -

2102 5271 2333 5333 liorum
2363 5268 2700 5331 hominum
2731 5270 2798 5330 in
2829 5268 3008 5352 ipsiS,
3039 5277 3110 5331 ut
3137 5268 3377 5333 faciant
3406 5270 3591 5333 mala.
3625 5226 3896 5332 οιὶῗῗιζιᾱι·
