4359 6267
1323 516 1402 562 DE
1444 515 1772 562 INSTITU'I'IS
1816 515 1901 560 SS.
1935 514 2197 561 ramum.
2243 533 2324 542 --
2364 515 2539 562 LIBER
2579 517 2663 562 Vll

852 740 1354 816 CAPITULUM
1419 752 1534 815 IV.

458 890 636 957 Quod
663 890 798 945 sine
827 891 1138 945 Creatori-3
1168 890 1417 960 injuria
1443 890 1716 944 dicamus
1745 888 1922 943 nobis

667 980 862 1035 inesse
890 979 1168 1051 quoedam
1196 978 1521 1034 naturalia
1546 978 1723 1032 vitia.

585 1175 684 1238 ΟΝ
753 1175 1110 1238 Creatorem
1177 1190 1326 1254 ergo
1380 1174 1742 1254 judicamus
1803 1191 1942 1234 6556

617 1272 1030 1354 culpabilem,
1076 1273 1229 1334 dum
1279 1272 1554 1333 dicimus
1598 1272 1784 1334 nobis
1826 1270 1940 1333 hos

441 1379 660 1434 motus
705 1372 784 1434 ab
830 1371 969 1453 ipso
1016 1390 1154 1433 esse
1204 1372 1496 1445 insertOS,
1544 1377 1604 1433 et
1649 1370 1942 1452 nequiter

437 1470 542 1532 eis
593 1470 940 1543 abutimur,
987 1486 1222 1550 eosque
1271 1470 1348 1530 ad
1393 1468 1582 1531 noxia
1623 1475 1942 1548 retorque-

439 1588 596 1629 mus
655 1567 1008 1629 ministeria
1058 1583 1072 1629 z
1133 1574 1204 1628 ut
1260 1566 1316 1628 si
1373 1566 1648 1629 velimus
1702 1564 1940 1627 tristari

437 1684 578 1728 non
629 1683 743 1748 pro
789 1665 1166 1748 poenitentia
1213 1664 1471 1727 salutari
1525 1673 1588 1727 et
1635 1663 1937 1725 vitiorum

435 1763 860 1838 correctione,
916 1764 1025 1825 sed
1085 1780 1200 1845 pro
1259 1761 1672 1824 infructuosis
1729 1760 1938 1822 causis

1970 702 2022 763 A

3465 494 3545 560 79

2453 750 2957 815 CAPITULUM
3023 751 3138 813 VI.

2134 890 2306 956 Quod
2344 889 2636 945 avaritioe
2671 889 2915 945 morbus
2951 889 3128 945 semel
3162 890 3465 945 admissus

2483 980 2552 1033 di
2553 978 2823 1051 fficulter
2847 985 3112 1034 curetur.

2196 1175 2680 1239 UAMOBREM
2736 1176 2951 1239 nullus
3020 1184 3200 1259 putet
3264 1178 3543 1241 avaritiae

2056 1173 2188 1374 Q
2226 1273 2521 1336 morbum
2563 1293 2703 1337 esse
2746 1275 2923 1357 parvi
2963 1276 3393 1357 pendendum,
3435 1285 3544 1338 aut

2051 1378 2351 1453 tanquam
2402 1391 2670 1453 parvum
2728 1381 3061 1454 peccatum
3120 1373 3395 1436 faciliter
3440 1375 3545 1436 ad-

2053 1470 2436 1532 mittendum
2481 1488 2494 1532 :
2538 1471 2841 1552 quoniam
2880 1471 3049 1533 sicut
3093 1470 3366 1533 faciliter
3412 1472 3542 1533 evi-

2053 1575 2241 1641 tatur,
2306 1568 2393 1629 ita
2447 1569 2500 1630 si
2560 1588 2950 1651 quemquam
3008 1569 3380 1650 possederit,
3435 1569 3544 1632 vix

2051 1667 2379 1748 permittet
2420 1685 2569 1728 eum
2612 1668 2690 1729 ad
2735 1666 3016 1729 remedia
3054 1666 3414 1748 pertingere
3452 1686 3544 1729 sa-

2052 1764 2289 1826 nitatis.
2344 1764 2454 1826 Est
2502 1784 2777 1846 namque
2833 1766 3309 1845 receptaculum
3357 1765 3542 1827 vitio-

433 1870 504 1925 et
565 1861 976 1925 saecularibus
1033 1861 1224 1923 rebus
1253 1878 1270 1939 ;
1326 1860 1428 1922 vel
1485 1860 1539 1922 si
1591 1860 1940 1921 irascamur
1979 1859 2217 1937 Brum,
2271 1870 2333 1924 et
2382 1863 2671 1925 omnium
2726 1864 2904 1925 radix
2951 1864 3285 1937 malorum,
3336 1863 3541 1945 fitque

431 1980 575 2024 non
621 1962 754 2041 jam
805 1960 1046 2022 utiliter
1094 1958 1576 2040 nobismetipsis
1624 1957 1940 2039 peccanti-

433 2060 588 2128 bus,
629 2060 739 2121 sed
790 2066 1007 2121 contra
1055 2064 1446 2139 praeceptum
1484 2056 1594 2119 Dei
1637 2054 1939 2117 fratribus

429 2159 699 2221 nostris
745 2158 906 2219 Nam
957 2164 1020 2218 et
1063 2156 1116 2217 si
1159 2156 1304 2237 quis
1355 2154 1629 2217 voluerit
1671 2154 1935 2225 ferrum,

431 2256 619 2337 quod
647 2255 726 2317 ad
758 2253 1114 2316 necessaria
1139 2261 1331 2334 atque
1366 2252 1548 2314 utilia
1587 2251 1941 2314 ministeria

427 2361 540 2416 est
581 2353 906 2425 collatum,
948 2358 1314 2433 retorquere
1354 2351 1430 2412 ad
1471 2349 1800 2412 interitum
1845 2350 1939 2410 in-

431 2451 843 2523 nocentium,
895 2468 1022 2511 non
1071 2447 1434 2510 diffamabit
1489 2466 1566 2509 ex
1618 2448 1738 2509 hoc
1786 2446 1940 2509 ferri

431 2558 820 2621 creatorem,
881 2565 957 2609 eo
1017 2547 1188 2629 quod
1247 2547 1412 2627 ipse,
1445 2546 1524 2607 ad
1581 2546 1940 2608 nocendum

426 2648 618 2710 ferro
661 2653 895 2719 utatur,
929 2646 1098 2726 quod
1137 2645 1304 2707 Deus
1343 2645 1421 2706 ad
1460 2652 1682 2726 aptum
1720 2662 1793 2706 ac
1837 2662 1943 2705 ne—

427 2746 794 2809 cessarium
838 2744 1132 2826 praestitit
1176 2762 1382 2804 usum.

869 3042 1373 3107 CAPITULUM
1433 3041 1515 3103 V.

525 3214 616 3267 De
651 3211 830 3266 vitiis
868 3226 1003 3282 quae
1039 3214 1222 3265 extra
1263 3208 1606 3264 naturalem
1642 3213 1863 3263 motum

743 3305 954 3355 nostra
983 3297 1165 3369 culpa
1193 3298 1654 3353 contrahuntur.

591 3531 844 3595 ICIMUS
885 3539 1096 3593 tamen
1135 3530 1425 3611 quaedam
1463 3528 1619 3590 vitia
1660 3546 1942 3591 crescere

619 3650 729 3693 seu
777 3630 929 3693 oriri
983 3630 1048 3691 in
1092 3627 1276 3691 nobis
1321 3614 1458 3689 sine
1501 3626 1632 3689 ulla
1672 3628 1942 3689 naturali

433 3728 834 3812 praecedenti
884 3727 1216 3790 occasione
1264 3744 1379 3787 seu
1427 3742 1638 3798 causa,
1686 3744 1762 3786 ex
1811 3725 1944 3787 solo

429 3834 762 3906 eorruptae
799 3843 872 3886 ac
915 3842 1123 3905 pravae
1154 3821 1497 3885 voluntatis
1526 3820 1791 3883 arbitrio
1826 3838 1840 3881 ε
1875 3827 1944 3881 ut

426 3930 601 3987 sunt
649 3922 912 3984 avaritia
963 3930 1152 4002 atque
1209 3919 1471 3994 invidia,
1522 3938 1664 4001 quae
1713 3918 1945 3980 extrin-

427 4040 636 4083 secus
685 4020 1166 4093 contrahuntur,
1209 4037 1408 4100 quum
1455 4018 1631 4079 nulla
1671 4016 1945 4079 habeant

429 4122 512 4182 in
565 4118 751 4179 nobis
797 4117 1118 4199 principia
1163 4136 1238 4179 ex
1289 4116 1560 4179 naturali
1613 4115 1938 4177 instinctu.

2051 1959 2495 2022 inenarrabilis
2524 1960 2728 2023 fomes
2758 1961 3081 2042 nequitiae‚
3106 1960 3357 2023 dicente
3386 1962 3543 2042 Apo-

2049 2059 2210 2121 stolo
2253 2078 2266 2121 :
2309 2058 2507 2120 Radix
2542 2059 2830 2121 omnium
2873 2058 3184 2121 malorum
3224 2059 3539 2142 philargy-

2049 2156 2143 2218 ria
2186 2163 2302 2230 est,
2336 2156 2397 2218 id
2436 2165 2531 2219 est
2567 2175 2745 2219 amor
2790 2158 3092 2238 pecuniae.

2437 2411 2941 2476 CAPITULUM
3004 2410 3153 2474 VII.

2051 2558 2152 2611 Eoe
2175 2556 2399 2629 quibus
2427 2558 2705 2612 avaritia
2730 2564 3072 2627 yeneretur,
3094 2563 3150 2613 et
3179 2562 3545 2630 quantorum

2373 2645 2671 2701 malorum
2698 2646 2781 2700 sit
2802 2647 3230 2717 procuratrix.

2192 2839 2502 2902 VARlTIA
2550 2857 2699 2919 ergo
2747 2858 2948 2921 quum
2995 2838 3422 2919 negligentem
3470 2858 3544 2902 ac

2216 2938 2496 3019 tepidam
2530 2936 2825 2999 monachi
2856 2944 3135 2998 mentem
3164 2937 3541 3018 possederit,

1977 3043 2021 3107 G
2051 3038 2261 3119 primo
2289 3054 2438 3097 eum
2467 3036 2532 3097 in
2564 3054 2631 3097 re
2666 3054 2856 3117 parva
2885 3054 2997 3098 seu
3027 3034 3256 3116 exigua
3293 3054 3544 3097 summa

2051 3134 2424 3209 sollicitanS,
2459 3134 2772 3215 excogitat
2808 3134 2868 3195 ei
2908 3133 3089 3215 quasi
3117 3132 3322 3213 justos
3360 3150 3545 3214 quos-

2053 3235 2197 3295 dam
2240 3231 2777 3313 rationabilesque
2815 3230 3057 3293 colores
3096 3238 3356 3311 propter
3385 3248 3543 3311 quos

2053 3332 2279 3393 debeat
2318 3329 2442 3392 sibi
2480 3328 2723 3409 aliquid
2764 3328 3052 3410 pecuniae
3086 3346 3406 3390 reservare
3436 3334 3546 3390 aut

2054 3446 2452 3509 congregare.
2488 3427 2643 3489 Nam
2677 3434 2739 3488 et
2777 3445 2851 3487 ea
2890 3444 3031 3507 quae
3064 3426 3129 3486 in
3162 3426 3546 3489 monasterio

2053 3528 2303 3601 dantur,
2374 3523 2837 3587 insufficientia
2903 3542 3039 3585 esse
3106 3524 3540 3604 conqueritur,

2053 3634 2115 3687 et
2154 3625 2262 3686 vix
2308 3624 2567 3686 robusto
2609 3640 2682 3684 ac
2727 3639 2879 3684 sano
2922 3619 3224 3683 sufficere
3269 3622 3539 3703 corpori.

2054 3723 2217 3797 Quid
2264 3740 2412 3803 ergo
2451 3721 2766 3802 agendum
2807 3720 2862 3782 si
2900 3719 3140 3782 oriatur
3177 3719 3541 3795 infirmitaS,

2055 3829 2119 3883 et
2161 3820 2323 3883 nihil
2363 3819 2685 3902 peculiare
2724 3825 2834 3879 aut
2870 3817 3201 3899 proprium
3230 3817 3424 3881 fuerit
3455 3837 3547 3881 re-

2057 3919 2359 4001 positum,
2392 3936 2518 4000 quo
2558 3917 2898 3979 infirmitas
2939 3920 3367 3977 sustentetur?
3403 3916 3545 3979 Per-

2054 4018 2277 4081 suadet
2332 4034 2586 4098 quoque
2643 4015 3111 4099 praestationem
3174 4034 3286 4077 seu
3347 4015 3545 4077 admi—

2055 4115 2495 4178 nistrationem
2550 4133 2689 4176 esse
2746 4114 3200 4196 permodicam,
3257 4121 3321 4175 et
3378 4113 3547 4175 circa

429 4218 598 4291 Quae
657 4224 860 4277 tamen
920 4234 1107 4295 quarn
1164 4215 1436 4277 faciliter
1490 4221 1940 4297 praecaventur,
1972 4220 2023 4281 D
2053 4220 2427 4295 aegrotantes
2470 4211 2616 4274 fieri
2655 4211 3105 4292 negligentiam
3151 4212 3541 4273 maximam:

427 4322 510 4377 et
569 4331 758 4395 quam
818 4330 1096 4393 congrue
1157 4312 1575 4385 declinantur,
1638 4321 1766 4375 tam
1826 4312 1943 4373 rni-

431 4430 660 4475 seram
726 4410 970 4473 faciunt
1034 4418 1314 4473 mentem
1379 4429 1569 4491 quam
1630 4418 1945 4493 occupant

430 4529 522 4573 ac
573 4510 773 4572 semel
823 4509 1172 4591 possident,
1218 4527 1486 4588 eamque
1534 4508 1640 4569 vix
1689 4509 1946 4589 permit-

432 4616 598 4671 tunt
654 4608 733 4669 ad
793 4606 1139 4670 curationis
1199 4606 1482 4668 remedia
1541 4606 1873 4687 pervenire
1927 4623 1941 4667 ε

429 4707 549 4770 vel
605 4706 774 4787 quod
823 4706 888 4767 hi
935 4706 1042 4786 qui
1088 4704 1168 4766 ab
1213 4704 1370 4785 ipsis
1421 4711 1570 4765 sunt
1618 4703 1772 4779 laesi,
1821 4722 1946 4766 non

429 4811 604 4867 sunt
644 4802 818 4883 digni
857 4802 1050 4865 celeri
1094 4802 1413 4864 medicina
1453 4802 1658 4864 curari
1699 4822 1736 4865 a
1772 4802 1947 4864 vitiis

431 4902 616 4975 istis,
651 4920 792 4983 quae
829 4907 1173 4983 potuerunt
1202 4899 1510 4963 facillime
1550 4918 1948 4982 cognoscere,

435 5000 551 5064 vel
611 5000 833 5070 vitare,
885 5006 995 5059 aut
1048 4998 1355 5077 vincere3
1412 5000 1513 5061 vel
1575 5007 1743 5061 certe
1800 5018 1956 5080 quo-

437 5100 632 5162 niam
701 5095 865 5158 male
930 5095 1200 5171 fundati,
1256 5096 1501 5177 indigni
1561 5103 1708 5158 sunt
1757 5097 1957 5179 adipi-

445 5198 545 5260 sci
590 5202 976 5257 structuram
1012 5194 1322 5256 virtutum
1363 5202 1424 5256 et
1458 5194 1711 5256 culmen
1753 5194 1956 5277 perfe-

447 5292 713 5358 ationis.

2055 4312 2295 4373 idcirco
2351 4311 2404 4373 si
2464 4310 2556 4371 nil
2614 4308 2944 4391 proprium
3003 4317 3363 4371 reservetur
3420 4328 3548 4391 quo

2057 4408 2307 4491 corpori
2350 4408 2777 4489 provideatur,
2814 4405 3215 4468 moriendum
3255 4425 3395 4469 csse
3434 4406 3550 4469 mi-

2056 4506 2414 4569 serabiliter
2492 4506 2676 4568 fame.
2756 4504 3218 4567 Vestimentum
3294 4522 3551 4587 quoque

2056 4605 2227 4686 quod
2276 4603 2400 4665 sibi
2450 4604 2652 4677 datur,
2705 4621 2830 4665 non
2881 4601 3184 4665 sufficere
3232 4603 3355 4664 sibi
3409 4622 3552 4666 cau-

2058 4711 2253 4775 satur,
2288 4701 2414 4763 nisi
2455 4702 2886 4782 procuraverit
2919 4701 3279 4763 necessaria
3305 4720 3383 4763 ex
3414 4703 3551 4784 qui-

2059 4801 2180 4862 bus
2229 4800 2433 4862 valeat
2492 4797 2618 4860 sibi
2675 4798 2847 4860 aliud
2903 4798 3224 4861 exhibere.
3287 4799 3553 4882 Insuper

2060 4918 2189 4961 non
2249 4917 2316 4960 se
2376 4915 2561 4980 posse
2620 4896 2728 4959 diu
2784 4896 2847 4958 in
2897 4897 3119 4960 eodem
3170 4898 3553 4960 monasterio

2062 4996 2465 5069 commorari,
2519 5014 2636 5058 nec
2694 4995 2885 5057 etiam
2943 5014 3127 5076 posse
3178 5015 3244 5058 se
3291 4997 3369 5058 ad
3419 4997 3557 5060 loca

2063 5097 2209 5170 alia,
2234 5115 2434 5178 quum
2464 5093 2758 5168 voluerit,
2794 5094 3260 5175 transmigrare,
3292 5095 3418 5157 nisi
3448 5114 3555 5178 pa-

2068 5194 2302 5257 raverit
2351 5193 2475 5256 sibi
2525 5201 2853 5274 sumptum
2901 5192 3116 5254 viatici
3163 5201 3354 5274 atque
3400 5212 3558 5255 mer-

2071 5294 2293 5356 cedem
2335 5291 2770 5355 transmarinae
2814 5290 3229 5372 navigationis
3277 5310 3291 5353 ε
3339 5291 3559 5374 sicque

3612 2079 3627 2123 1
3648 2079 3760 2123 Tim.
3772 2093 3831 2131 vi,

3571 2144 3635 2186 10.
