4359 6267
594 1973 724 2016 Rom.
746 1987 817 2024 vu,

551 2037 620 2085 2⁴.
640 2038 708 2079 25.

582 3062 702 3108 Ibid.
726 3067 795 3108 2⁴.

837 500 958 565 410

1498 514 1914 562 couATtoNtJu
1957 515 2042 559 SS.
2078 514 2323 559 PATRUM
2365 514 2539 560 LIBER
2579 515 2641 560 11.
2688 532 2769 542 -·-
2809 516 3095 563 commo
3134 517 3288 562 xxm

837 695 901 750 et
953 686 1177 749 fecerit
1230 704 1344 748 003
1396 685 1520 748 sibi
1574 685 1812 747 servire
1866 703 2075 758 carne,
2133 684 2339 746 nihilo
2368 684 2418 746 A
2447 691 2613 747 ctam
2662 685 2867 766 legem
2917 686 3185 768 peccati,
3226 704 3353 748 non
3406 684 3774 758 criminum,
3819 702 3949 746 non

841 787 1054 849 minus
1088 785 1398 867 permittit
1431 803 1546 847 nos
1580 784 1701 865 legi
1742 783 1851 845 Dei
1889 783 2127 845 servire
2170 802 2341 844 men-

842 887 950 946 te?
993 884 1130 946 Non
1175 885 1347 946 enim
1394 891 1550 965 puto
1592 882 1759 963 quod
1806 882 1904 943 lex
1948 882 2191 963 peccati
2235 881 2340 942 de-

844 983 1052 1063 signet
1100 982 1205 1043 hic
1255 981 1552 1062 capitalia
1599 980 1774 1052 vitia,
1823 987 1933 1041 aut
1981 979 2175 1041 verba
2224 979 2343 1041 ista

842 1099 1028 1163 posse
1061 1080 1331 1160 intelligi
1364 1081 1442 1141 de
1473 1079 1600 1140 illis
1631 1078 2012 1140 criminibus
2052 1097 2195 1159 quae
2230 1077 2341 1158 qui

842 1179 1207 1252 committit,
1253 1197 1380 1240 non
1427 1177 1620 1240 servit
1665 1183 1876 1238 mente
1919 1175 2040 1257 legi
2086 1175 2339 1245 divinia,

843 1278 973 1340 imo
1016 1285 1226 1339 mente
1266 1277 1504 1338 recedit
1541 1274 1620 1336 ab
1659 1294 1733 1336 ea
1774 1282 2112 1355 antequam
2154 1291 2343 1335 carne

843 1377 1198 1438 committat
1253 1374 1403 1436 talia
1461 1374 1749 1435 crimina.
1801 1373 1960 1446 Quid
2015 1372 2190 1434 enirn
2250 1378 2345 1433 est

843 1475 1085 1537 servire
1131 1474 1249 1554 legi
1295 1472 1560 1554 peccati,
1608 1471 1730 1533 nisi
1778 1471 2045 1553 implere
2087 1490 2159 1532 ea
2204 1489 2345 1551 quae

843 1593 879 1634 a
911 1579 1170 1654 peccato
1198 1571 1544 1652 jubentur?
1576 1571 1750 1644 Quod
1788 1588 1936 1651 ergo
1971 1588 2172 1650 genus
2207 1587 2347 1650 pec—

845 1672 965 1734 cati
1008 1679 1125 1744 est,
1165 1690 1202 1732 a
1240 1688 1366 1752 quo
1405 1671 1561 1732 dum
1605 1677 1776 1731 tanta
1815 1669 2114 1730 sanctitas
2155 1677 2345 1749 atque

846 1769 1155 1852 perfectio
1207 1788 1274 1830 se
1317 1769 1546 1831 sentiat
1590 1768 1918 1850 captivari,
1961 1785 2086 1829 non
2132 1774 2343 1829 tamen

2449 784 2931 866 praecipitantur
2979 804 3016 846 a
3066 792 3233 847 statu
3292 784 3516 846 salutis
3568 785 3630 845 in
3680 783 3953 866 capitale

2450 891 2823 963 peccatum3
2876 884 2986 945 sed
3045 903 3082 945 a
3141 883 3675 965 contemplatione
3733 881 3955 944 divina

2452 981 2730 1042 devoluti
2777 981 2855 1043 ad
2904 982 3193 1044 miserias
3236 981 3691 1063 cogitationum
3736 981 3813 1042 de
3858 999 3953 1042 10-

2454 1078 2572 1140 bus
2632 1079 3070 1160 corporalibus
3129 1088 3604 1161 conceptarum,
3663 1078 3955 1140 fraudan-

2453 1184 2557 1237 tur
2591 1177 2970 1259 plerumque
3012 1177 3179 1240 bono
3224 1177 3636 1240 beatitudinis
3666 1196 3851 1239 verae.
3888 1176 3951 1239 Si

2454 1274 2627 1336 enim
2684 1275 2997 1338 sentirent
3044 1295 3111 1338 se
3158 1275 3546 1358 quotidianis
3604 1275 3955 1337 sceleribus

2454 1373 2698 1455 alligari
2759 1375 2822 1435 in
2882 1373 2999 1436 hac
3063 1375 3197 1456 lege
3257 1375 3499 1457 peccati
3550 1394 3695 1457 quae
3742 1382 3839 1436 est
3889 1374 3955 1434 in

2458 1473 2767 1535 membris
2796 1490 3041 1546 eorum,
3068 1491 3193 1535 non
3226 1482 3639 1535 causarentur
3666 1481 3775 1534 aut
3805 1491 3957 1534 con-

2456 1579 2875 1652 quererentur
2922 1572 2999 1633 de
3047 1572 3391 1634 amissione
3442 1571 3790 1642 felicitatis,
3842 1571 3955 1632 sed

2458 1669 2871 1746 innocentiae3
2905 1688 3021 1731 nec
3052 1670 3291 1731 diceret
3320 1670 3643 1752 apostolus
3674 1670 3904 1732 Paulus
3940 1688 3955 1731 :

2458 1767 2683 1829 Infelix
2738 1785 2855 1848 ego
2908 1766 3120 1841 homo,
3180 1769 3291 1829 sed
3344 1768 3520 1829 dirus
3572 1774 3637 1830 et
3688 1767 3959 1829 scelera-

846 1868 1126 1949 ambigat
1169 1887 1235 1930 se
1280 1867 1670 1929 liberandam
1715 1867 1916 1947 gratia
1960 1865 2215 1938 Christi,
2253 1865 2344 1927 di-
2384 1870 2429 1930 B
2460 1873 2561 1928 tus
2603 1884 2721 1947 ego
2762 1866 2983 1947 hom03
3027 1885 3143 1928 nec
3183 1866 3375 1929 vellet
3410 1865 3657 1929 absolvi
3699 1867 3777 1927 de
3821 1884 3961 1928 001-

846 1986 996 2029 0003
1032 1986 1046 2029 :
1081 1966 1229 2040 Quis
1263 1985 1364 2028 me
1396 1965 1691 2027 liberabit
1722 1965 1798 2027 de
1830 1983 2093 2046 corpore
2125 1965 2347 2027 mortis

846 2065 1079 2146 hujus?
1111 2065 1322 2128 Gratia
1351 2063 1459 2125 Dei
1494 2082 1606 2145 per
1635 2065 1848 2126 Jesum
1882 2063 2203 2126 Christum
2236 2063 2349 2124 Do-

850 2165 1097 2226 minum
1144 2165 1478 2225 nostrum?

929 2264 1149 2336 Quam,
1193 2262 1477 2344 inquam,
1526 2262 1728 2343 legem
1772 2260 2052 2324 asseritis
2097 2279 2237 2324 esse
2282 2261 2348 2322 in

849 2361 1157 2424 membris
1199 2361 1452 2434 nostriS,
1486 2380 1629 2442 quae
1659 2359 1968 2422 abstrahit
2000 2377 2113 2422 nos
2143 2379 2180 2420 a
2212 2360 2347 2440 lege

847 2461 982 2534 Dei,
1035 2468 1099 2522 et
1146 2459 1472 2541 captivans
1521 2477 1636 2521 nos
1700 2459 1820 2540 legi
1875 2459 2141 2540 peccati,
2196 2457 2350 2520 facit

849 2577 964 2620 nos
1009 2577 1147 2621 esse
1188 2557 1478 2620 infelices
1521 2557 1721 2639 magis
1759 2576 1951 2638 quam
1995 2565 2297 2618 nocentes
2332 2573 2345 2616 ε

851 2664 922 2718 ut
981 2674 1108 2718 non
1167 2656 1611 2736 adjudicemur
1670 2655 1922 2717 {eternis
1982 2655 2347 2737 suppliciiS,

851 2756 959 2817 sed
997 2755 1391 2837 suspiremus
1432 2755 1509 2816 de
1543 2753 1772 2834 gaudio
1814 2752 2227 2814 beatitudinis
2264 2752 2352 2813 in-

848 2861 1159 2935 terrupto,
1205 2861 1264 2915 et
1324 2852 1766 2915 auxiliatorem
1826 2859 2180 2933 quaerentes
2241 2851 2350 2932 qui

850 2953 1128 3014 retrahat
1167 2970 1281 3014 nos
1322 2952 1400 3013 ad
1440 2950 1743 3031 gaudium
1789 2950 1970 3023 illud,
2005 2969 2153 3011 curn
2192 2950 2353 3031 Apo-

2459 1983 2613 2046 pore
2662 1965 2883 2027 mortis
2937 1965 3153 2045 hujuS,
3206 1965 3270 2028 id
3318 1974 3413 2028 est
3464 1966 3543 2027 de
3592 1965 3961 2027 conditione

2459 2065 2732 2138 mortali,
2776 2065 2885 2126 sed
2928 2084 2965 2126 a
3014 2063 3393 2126 criminibus
3442 2063 3669 2126 carnis,
3712 2064 3963 2126 Interea

2458 2163 2761 2244 quoniam
2813 2163 3011 2224 sensit
3053 2181 3119 2224 se
3162 2164 3552 2244 captivatum
3594 2162 3965 2225 conditione

2458 2260 2817 2342 fragilitatis
2869 2261 3186 2335 humanae,
3232 2261 3293 2323 id
3342 2270 3439 2324 est
3485 2261 3828 2323 deductum
3880 2262 3962 2323 ad

2461 2379 2644 2422 curas
2685 2359 2991 2433 carnaleS‚
3027 2378 3185 2440 quas
3228 2359 3329 2421 lex
3367 2359 3608 2441 peccati
3640 2367 3705 2420 et
3736 2360 3964 2422 mortis

2460 2467 2777 2540 operatur,
2822 2459 3248 2538 ingemiscens
3298 2477 3490 2541 super
3541 2459 3703 2520 hanc
3751 2458 3963 2539 legem

2461 2557 2705 2638 peccati
2744 2575 2937 2638 quam
2985 2557 3223 2619 invitus
3276 2557 3645 2628 incurrerat,
3690 2557 3973 2619 recurrit

2462 2655 2798 2719 confestim
2859 2656 2937 2718 ad
3001 2655 3346 2729 Christum,
3406 2655 3625 2737 sicque
3684 2656 3972 2718 salvatus

2463 2763 2558 2816 est
2597 2754 3095 2835 praesentissima
3136 2753 3511 2816 liberatione
3548 2754 3767 2835 gratiae
3794 2753 3966 2835 ejuS.

2463 2852 2781 2934 Quidquid
2826 2852 3021 2933 igitur
3061 2853 3161 2914 lex
3202 2851 3310 2914 illa
3354 2852 3621 2934 peccati,
3653 2871 3795 2934 quae
3832 2853 3973 2934 spi-

2464 2970 2576 3012 nas
2630 2970 2701 3012 ac
2748 2950 3015 3013 tribulos
3063 2951 3518 3032 cogitationum
3572 2951 3976 3013 mortalium-

851 3051 1012 3114 stolo
1041 3050 1472 3112 exclamemus
1507 3067 1521 3110 :
1556 3047 1782 3110 Infelix
1814 3066 1927 3128 ego
1958 3048 2170 3120 home,
2207 3047 2350 3128 quis
2392 3053 2435 3116 C
2465 3068 2590 3130 que
2619 3068 2915 3112 curarum
2960 3049 3272 3131 producit,
3308 3049 3500 3112 etiam
3542 3049 3606 3110 in
3641 3057 3810 3111 terra
3846 3069 3973 3112 seu

854 3168 955 3212 me
1017 3148 1313 3211 liberabit
1364 3149 1441 3209 de
1496 3165 1762 3229 corpore
1824 3147 2044 3208 mortis
2101 3146 2350 3225 hujus?

851 3249 1094 3330 Nempe
1143 3247 1296 3328 quid
1347 3245 1521 3308 aliud
1571 3253 1668 3307 est
1709 3245 2034 3326 captivum
2086 3245 2233 3307 duci
2286 3245 2349 3306 in

854 3347 991 3428 lege
1035 3344 1300 3427 peccati,
1333 3363 1526 3426 quam
1573 3362 1944 3426 permanere
1989 3345 2054 3405 in
2107 3343 2351 3425 peccati

851 3444 1092 3507 effectu
1135 3462 1247 3505 seu
1291 3445 1528 3530 opere?

933 3543 1057 3604 Aut
1099 3541 1268 3623 quod
1312 3540 1483 3603 aliud
1528 3539 1955 3621 assignabitur
1999 3540 2351 3621 principale

853 3641 1117 3715 bonum,
1152 3640 1320 3722 quod
1353 3638 1564 3701 Sancti
1595 3639 1850 3720 explere
1886 3657 1998 3700 seu
2039 3638 2352 3720 perficere

854 3747 1202 3822 nequeunt,
1256 3737 1379 3800 nisi
1436 3737 1592 3799 illud
1649 3737 1833 3817 cujus
1886 3737 2352 3818 comparatione

855 3847 1064 3902 cetera
1111 3838 1332 3902 omnia
1385 3855 1510 3899 non
1569 3845 1718 3898 sunt
1767 3835 1985 3898 bona?
2033 3836 2232 3910 Quod,
2286 3844 2355 3897 ut

855 3938 1158 4011 diximuS,
1183 3945 1278 3999 est
1308 3935 1759 4016 contemplatio
1792 3935 1948 4016 ipsa.
1980 3935 2172 3996 Multa
2205 3952 2356 4017 quo-

858 4055 984 4119 que
1033 4036 1271 4098 scimus
1323 4052 1462 4096 esse
1512 4033 1676 4094 bona
1727 4033 1789 4093 in
1842 4032 1971 4094 vita
2021 4041 2351 4113 praesente,

861 4134 1180 4216 praecipue
1231 4131 1711 4205 continentiam,
1763 4129 2194 4204 sobrietatem,
2242 4131 2355 4192 hu-

2466 3147 2663 3210 fundo
2706 3148 3035 3229 apostolici
3081 3148 3355 3230 pectoris
3396 3148 3791 3229 germinarit,
3842 3148 3975 3210 ista

2467 3246 2565 3308 lex
2602 3246 2817 3327 gratiae
2861 3264 3007 3308 mox
3051 3245 3288 3318 avellit,
3322 3246 3573 3308 dicente
3610 3246 3915 3327 Apostolo
3951 3265 3967 3310 :

2464 3345 2590 3406 Lex
2628 3345 2893 3426 spiritus
2924 3345 3070 3407 vitae
3111 3345 3175 3405 in
3206 3344 3454 3407 Christo
3481 3345 3627 3407 Jesu
3669 3344 3977 3407 liberavit
4006 3365 4131 3410 Bon
4156 3369 4288 3418 mm.

2467 3461 2569 3504 me
2612 3461 2649 3503 a
2694 3442 2827 3523 lege
2871 3442 3112 3524 peccati
3156 3450 3221 3504 et
3262 3443 3507 3505 mortis.

2837 3698 3342 3762 CAPITULUM
3404 3699 3588 3762 XVI.

2655 3837 2816 3905 Quid
2842 3839 2926 3892 sit
2952 3853 3171 3909 corpus
3192 3840 3432 3910 peccati
3456 3845 3515 3896 et
3544 3841 3779 3897 mortis.

2619 4034 2712 4097 OC
2744 4042 2837 4096 est
2866 4053 3015 4115 ergo
3047 4035 3415 4100 inevitabile
3446 4056 3679 4119 corpus
3715 4039 3975 4112 mortis,

2637 4133 2701 4194 in
2733 4151 2858 4214 quo
2890 4132 3302 4217 perfecti,qui
3334 4144 3746 4216 gustaverunt
3775 4155 3979 4218 quam
4014 4159 4289 4205 mxuma.

863 4233 1221 4306 militatem,
1257 4230 1595 4312 justitiam,
1631 4229 2137 4311 temperantiam,
2175 4230 2359 4291 mise·
2388 4236 2437 4298 D
2467 4230 2671 4292 dulcis
2701 4239 2796 4293 est
2827 4231 3160 4305 DominuS,
3184 4233 3468 4314 quotidie
3501 4234 3793 4309 revoluti,
3828 4253 3982 4297 sen-

861 4331 1223 4403 ricordiam,
1259 4329 1598 4411 pietatem3
1637 4328 1745 4390 sed
1792 4327 1910 4388 ista
1951 4328 2186 4410 aequari
2232 4346 2356 4391 non

862 4437 1130 4512 possunt
1161 4428 1252 4489 1111
1289 4427 1608 4509 praecipuo
1640 4426 1828 4498 bono,
1863 4434 1923 4487 et
1955 4425 2181 4507 perfici
2224 4445 2361 4507 pos-

861 4535 1011 4590 sunt
1040 4545 1168 4589 000
1197 4526 1406 4588 solum
1437 4525 1516 4587 ab
1545 4524 1932 4607 apostoliciS,
1957 4524 2067 4586 sed
2098 4544 2134 4586 a
2167 4525 2363 4586 medi-

861 4625 1118 4689 ocribus
1149 4624 1517 4686 hominibus
1548 4643 1561 4687 :
1596 4633 1659 4686 et
1691 4625 1734 4685 ii
1765 4644 1801 4686 a
1831 4624 2066 4705 quibus
2100 4624 2363 4706 impleta

861 4743 990 4787 non
1034 4723 1295 4795 fuerint,
1341 4730 1575 4786 aeterno
1619 4723 1937 4805 supplicio
1988 4723 2358 4804 punientur,

859 4831 970 4885 aut
1000 4821 1394 4884 redimentur
1427 4820 1636 4883 labore
1677 4821 2066 4902 poenitentiae
2105 4839 2359 4902 magne,

862 4939 992 4984 non
1029 4919 1202 4983 facili
1244 4918 1618 4981 remissione
1663 4937 1774 4980 seu
1816 4919 2185 5000 quotidiana
2227 4937 2366 4999 gra-

864 5022 953 5084 tia
994 5019 1250 5093 Christi,
1296 5025 1364 5080 ut
1407 5017 1704 5079 diximus.

945 5119 1246 5200 Superest
1295 5134 1443 5197 ergo
1495 5123 1561 5177 ut
1610 5114 1924 5177 fateamur
1983 5115 2365 5178 sententiam

867 5219 1052 5281 istam
1092 5215 1375 5298 Apostoli
1421 5215 1571 5276 solis
1615 5214 1861 5277 Sanctis
1903 5224 2070 5276 recte
2112 5233 2366 5298 compe-

868 5325 1022 5391 tere,
1075 5315 1184 5398 qui
1247 5313 1641 5376 incurrentes
1699 5314 1984 5394 quotidie
2035 5315 2098 5375 in
2148 5324 2369 5396 praeta-

2472 4329 2636 4390 tiunt
2694 4349 2841 4391 cum
2908 4329 3217 4412 Propheta
3275 4350 3467 4413 quam
3531 4350 3820 4395 amarum
3884 4334 3981 4396 sit
4030 4357 4277 4403 senuas.

2470 4428 2763 4490 recedere
2800 4447 2837 4491 a
2874 4429 3145 4492 Domino
3188 4430 3315 4492 Deo
3358 4449 3491 4494 suo.
3525 4432 3655 4494 Hoc
3696 4439 3791 4494 est
3832 4451 3983 4495 cor—

2472 4546 2592 4608 pus
2644 4527 2889 4601 mortis,
2932 4529 3103 4609 quod
3151 4529 3479 4592 retrahens
3523 4549 3629 4593 eos
3670 4551 3705 4592 a
3748 4531 3987 4596 divino

2473 4625 2731 4697 intuitu,
2782 4626 3091 4706 pertrahit
3137 4627 3216 4688 ad
3270 4635 3519 4690 terrena
3569 4646 3583 4690 :
3636 4630 3800 4711 quod
3861 4649 3989 4694 eos

2474 4723 2815 4805 psallent-es
2853 4731 2964 4785 aut
3004 4723 3069 4785 in
3112 4725 3393 4787 oratione
3434 4735 3777 4808 prostratos
3821 4728 3993 4792 facit

2474 4830 2809 4884 retractare
2858 4831 2969 4884 aut
3017 4823 3292 4903 cogitare
3340 4823 3649 4887 humanas
3697 4825 3989 4907 effigies,

2474 4938 2824 4994 sermoneS,
2859 4921 3339 5001 negotiationeS,
3371 4931 3481 4984 aut
3526 4931 3705 4985 actus
3754 4945 3995 5006 super-

2476 5017 2663 5080 fluos.
2701 5019 2829 5081 Hoc
2867 5027 2963 5081 est
2993 5037 3223 5101 corpus
3265 5020 3511 5094 mortis,
3543 5022 3711 5102 quod
3750 5040 3995 5087 omnes

2476 5118 2589 5199 qui
2652 5118 2984 5179 imitantur
3040 5118 3393 5199 angelicam
3452 5120 3852 5183 sanctitatem
3921 5132 3996 5186 et

2478 5217 2747 5298 cupiunt
2777 5216 3045 5278 Domino
3082 5215 3323 5297 jugiter
3360 5216 3688 5292 inhaerere,
3722 5237 3849 5281 000
3900 5223 3995 5283 si-

2478 5315 2573 5377 nit
2628 5314 2916 5376 invenire
2975 5312 3433 5395 perfectionem
3492 5317 3995 5399 contemplatio-
