4359 6267
1029 498 1445 546 commonuit
1487 498 1572 543 ss.
1606 495 1848 542 runnu
1889 495 2066 542 amna
2105 495 2169 542 11.
2217 515 2297 524 —
2337 496 2624 544 coturlo
2663 498 2769 544 xix
3331 480 3450 544 357

372 690 538 734 onem
577 671 974 746 Sanctorum,
1009 671 1119 753 qui
1161 688 1288 732 non
1331 686 1669 752 possumus
1709 685 1846 749 per·
1874 663 1928 728 A
1955 673 2025 728 ut
2048 675 2417 750 sequeretur
2441 669 2795 752 promptior
2817 668 3188 752 adimpletio
3211 668 3446 752 arrepti

374 788 605 832 manere
637 770 756 832 sub
787 769 1126 852 disciplina
1158 767 1454 840 coenobii,
1479 785 1604 829 non
1637 757 1844 827 d'icam
1955 767 2263 848 propositi
2317 768 2643 849 planioris,
2696 775 2759 830 et
2807 769 3021 830 minus
3073 768 3230 829 mihi
3281 776 3449 830 esset

375 887 552 951 usque
604 869 681 930 ad
725 876 1118 931 senectutem
1161 869 1321 948 (imo
1363 867 1468 928 vix
1513 885 1626 949 per
1668 864 1843 926 bien·
1955 865 2313 945 perieulum
2344 867 2421 928 de
2461 864 2842 928 difficultate
2882 866 3276 929 sublimioris
3308 877 3451 948 pross

373 968 533 1028 nium
567 966 906 1048 dignamur
941 965 1254 1028 sustinere
1285 964 1511 1045 jugum
1547 961 1846 1042 subjecti·
1952 961 2250 1025 fessionis
2293 971 2712 1046 praesumptae.
2748 964 2969 1026 Melius
3008 965 3183 1026 enim
3224 973 3319 1026 est
3358 965 3451 1026 in-

372 1065 493 1126 onis
547 1064 807 1146 ipsius),
869 1064 980 1126 sed
1040 1063 1322 1145 protinus
1381 1060 1702 1123 evolamus
1767 1059 1844 1122 ad
1955 1060 2156 1122 veniri
2209 1061 2509 1124 devotum
2555 1062 2621 1124 in
2669 1062 3202 1145 promissionibus
3254 1063 3455 1125 mino-

379 1163 917 1245 praesumptionem
959 1162 1164 1224 noxiae
1204 1160 1537 1233 libertatis,
1570 1157 1848 1240 aggredi·
1955 1157 2155 1233 ribuS,
2180 1179 2373 1241 quam
2406 1161 2472 1222 in
2506 1160 2856 1240 majoribus
2892 1161 3282 1224 indevotum.
3312 1162 3456 1223 ldeo

373 1261 517 1322 endo
553 1261 902 1323 solitariam
942 1261 1138 1322 vitam
1173 1277 1186 1322 ε
1231 1278 1432 1342 quum
1473 1266 1686 1320 tamen
1725 1257 1844 1318 hoe
1955 1257 2008 1319 si
2039 1257 2326 1321 fortassis
2358 1259 2683 1341 protulero
2713 1259 2957 1341 aliquid
2988 1260 3170 1342 quasi
3202 1260 3452 1333 elatiuS,

375 1365 637 1439 tempore
681 1357 860 1420 brevi
902 1374 1032 1440 quo
1075 1357 1140 1419 in
1183 1354 1476 1419 coenobio
1519 1371 1847 1417 conversa·
1953 1357 2084 1418 imo
2135 1357 2421 1432 liberius,
2469 1375 2685 1439 quaeso
2734 1366 2801 1419 ut
2845 1358 3146 1438 judicetis
3195 1359 3317 1421 hoc
3365 1359 3459 1421 di-

375 1475 520 1530 mur,
555 1456 824 1538 imperio
858 1455 1126 1519 senioris
1161 1463 1510 1536 utcumque
1546 1452 1844 1532 subjicia-
1955 1461 2126 1515 ctum
2170 1472 2298 1516 non
2336 1455 2657 1535 jactantiae
2688 1456 2867 1531 viti0,
2901 1457 3010 1518 sed
3051 1463 3277 1520 vestrae
3306 1458 3454 1520 aedi-

375 1573 503 1614 mur
531 1572 654 1617 non
695 1555 1047 1617 secundum
1084 1553 1318 1634 regulae
1355 1551 1842 1624 districtionem,
1952 1551 2273 1616 ficationis
2304 1554 2563 1628 intuitu,
2595 1555 2746 1636 quia
2785 1555 3080 1618 existimo
3119 1556 3195 1618 de
3226 1556 3454 1618 verita·

374 1653 472 1714 sed
519 1653 699 1733 juxta
759 1652 1008 1716 arbitrii
1071 1652 1270 1714 nostri
1333 1650 1714 1724 libertatem,
1776 1656 1847 1710 ut
1955 1657 2015 1711 te
2054 1651 2216 1713 nihil
2249 1652 2750 1715 subtrahendum
2783 1654 2963 1716 vobis
3004 1662 3132 1717 tam
3174 1655 3454 1717 studiose

372 1751 681 1813 videamur
717 1769 848 1814 non
889 1751 1022 1832 jam
1064 1751 1308 1812 discere
1354 1749 1673 1831 patientiae
1717 1747 1849 1809 fru—
1956 1750 2409 1831 quaerentibus.
2435 1751 2723 1814 Arbitror
2748 1753 2921 1815 enim
2950 1753 3195 1835 aliquid
3226 1753 3455 1816 instru-

372 1857 549 1924 ctum,
582 1851 691 1912 sed
729 1857 1098 1932 exspectare
1139 1856 1390 1930 tempus
1432 1847 1705 1909 licentiae
1743 1846 1845 1908 ad·
1882 1848 1929 1910 B
1958 1847 2186 1910 ctionis
2228 1849 2409 1913 vobis
2451 1868 2637 1932 posse
2676 1851 2973 1925 conferri,
3007 1852 3060 1914 si
3092 1852 3452 1915 humilitate

373 1948 712 2029 ipiscendae.
761 1948 968 2022 Quum
1014 1947 1206 2028 igitur
1249 1945 1630 2008 vidissemus
1673 1945 1844 2006 hunc
1957 1948 2284 2030 paulisper
2322 1949 2630 2031 deposita,
2674 1949 3033 2032 patefecero
3072 1951 3455 2033 simpliciter

373 2065 592 2119 senem,
637 2053 889 2109 aetatem
940 2045 1222 2127 primum
1271 2043 1561 2105 admirati
1607 2050 1672 2104 et
1711 2060 1848 2123 gra·
1955 2062 2211 2108 omnem
2258 2049 2566 2130 propositi
2613 2049 2737 2110 mei
2783 2049 3132 2111 veritatem.
3185 2049 3452 2113 Confido

374 2143 509 2205 tiam
548 2163 671 2226 qua
709 2144 836 2206 fuit
872 2151 1154 2216 ornatuS,
1198 2142 1510 2224 coepimus
1554 2142 1847 2223 depreca-
1955 2143 2196 2227 quippe
2228 2146 2397 2227 quod
2427 2165 2545 2208 nec
2575 2147 2744 2229 apud
2774 2165 2887 2210 vos
2920 2148 3241 2210 incurram
3274 2166 3451 2211 vanae

371 2242 418 2302 ri
445 2241 616 2303 vultu
648 2243 714 2304 in
755 2251 987 2304 terram
1029 2241 1328 2314 demisso,
1364 2248 1432 2302 ut
1469 2240 1654 2302 nobis
1694 2258 1846 2321 pan·
1954 2241 2169 2322 gloriae
2210 2252 2423 2306 notam
2464 2246 2542 2306 de
2584 2244 2870 2308 libertate
2902 2245 3244 2308 verborum
3287 2264 3452 2308 meo-

369 2340 502 2401 dere
529 2341 915 2422 dignaretur,
939 2359 1048 2402 cur
1077 2340 1299 2402 relicta
1327 2339 1524 2401 eremi
1557 2337 1845 2399 libertate
1954 2359 2120 2414 rum,
2164 2360 2279 2402 nec
2324 2343 2493 2423 apud
2538 2343 2993 2406 conscientiam
3038 2362 3245 2407 meam
3292 2343 3449 2406 inci-

371 2445 426 2499 et
477 2439 866 2521 professione
925 2438 1036 2501 illa
1093 2438 1380 2512 sublimi,
1434 2436 1619 2517 cujus
1677 2435 1846 2498 fama
1953 2439 2098 2499 dam
2153 2439 2467 2502 mendacii
2523 2441 2775 2523 culpam
2831 2443 2907 2505 de
2960 2442 3246 2504 veritatis
3304 2461 3451 2524 sup-

371 2537 786 2618 divulgaverat
815 2557 964 2600 eum
998 2557 1128 2618 prae
1161 2536 1387 2599 ceteris
1419 2534 1573 2597 viris
1606 2532 1844 2616 profes·
1955 2537 2301 2618 pressione.

368 2635 550 2698 sionis
593 2635 787 2710 illius,
835 2635 1193 2698 subdiderit
1234 2653 1301 2696 se
1339 2633 1496 2715 jugo
1545 2631 1840 2695 coenobii.

368 2735 471 2807 Qui
515 2734 668 2796 dixit
711 2752 726 2796 :
769 2735 900 2815 Ego
949 2734 1252 2817 quoniam
1305 2733 1511 2815 impar
1559 2731 1654 2793 fui
1701 2748 1847 2792 ana—

363 2833 680 2898 choreticae
727 2832 1107 2914 disciplinae,
1157 2839 1346 2914 atque
1395 2831 1694 2912 indignus
1744 2848 1844 2892 su·
2363 2792 2865 2858 CAPITULUM
2923 2794 3038 2857 IV·

361 2929 658 2994 hlimitate
716 2939 906 2994 tantae
964 2929 1396 3013 perfectionis,
1456 2929 1535 2991 ad
1593 2928 1840 2991 scholas
2023 2935 2109 2990 De
2135 2943 2349 2992 sancta
2378 2939 2509 2992 vita
2537 2937 2723 3008 liujus
2749 2940 3011 2995 Ioannis
3038 2940 3283 2997 abbatis
3312 2943 3381 2998 in

363 3030 510 3092 redii
548 3030 901 3111 juniorum,
950 3029 1004 3092 si
1047 3037 1260 3091 tamen
1307 3028 1576 3110 implere
1621 3035 1840 3110 potero
1877 3027 1921 3092 C
2273 3027 2699 3084 anachoretica
2720 3027 3121 3100 professione.

360 3127 634 3190 instituta
661 3147 886 3192 eorum
916 3128 1270 3190 secundum
1302 3127 1586 3208 vigorem
1617 3133 1680 3188 et
1710 3143 1838 3187 me-

359 3227 540 3290 ritum
573 3227 1004 3310 professionis,
1039 3226 1235 3307 Cujus
1265 3225 1695 3306 responsionis
1723 3225 1839 3285 hu·
2069 3224 2094 3285 1
2124 3224 2269 3306 quis
2309 3225 2523 3307 itaque
2561 3226 2907 3290 delectatus
2948 3237 3189 3292 secreta
3226 3231 3444 3295 solitu-

362 3326 681 3388 militatem
723 3345 926 3408 quum
969 3342 1096 3388 non
1138 3324 1500 3386 admitteret
1541 3323 1837 3405 depreca-
2095 3323 2244 3384 dine
2303 3325 2523 3396 eremi,
2570 3325 2776 3407 potuit
2833 3328 3077 3390 tradere
3133 3329 3443 3394 oblivioni

361 3425 440 3487 tio
478 3433 709 3499 nostra,
752 3425 890 3506 ipse
936 3424 1190 3485 tandem
1235 3423 1322 3484 ita
1363 3439 1624 3484 exorsus
1665 3429 1779 3482 est.
1945 3421 2223 3484 humana
2266 3425 2601 3498 consortia,
2649 3432 2713 3487 et
2754 3444 2903 3489 cum
2947 3427 3221 3490 Jeremia
3270 3430 3439 3492 dice-

1945 3539 2012 3582 re
2051 3521 2201 3596 De0,
2242 3521 2423 3585 Diem
2466 3524 2743 3587 hominis
2786 3544 2913 3588 non
2954 3527 3329 3604 desideravi,
3369 3537 3440 3593 tu
3508 3554 3601 3600 Jer.
3628 3569 3731 3608 xvn,

751 3677 1255 3742 CAPITULUM
1301 3677 1400 3739 HI
1945 3620 2071 3682 scis
2110 3638 2123 3682 ε
2170 3639 2288 3703 ego
2330 3640 2584 3705 quoque
2630 3623 2830 3688 fateor
2874 3625 2959 3700 id,
3001 3627 3275 3690 Domino
3320 3629 3439 3691 lar·
3470 3621 3533 3662 ¹⁶·

1408 3724 1422 3740 ·
1944 3719 2178 3798 giente,
2230 3729 2591 3784 assecutum
2649 3723 2751 3784 vel
2810 3732 2978 3787 certe
3034 3726 3287 3809 assequi
3346 3728 3439 3790 ni-

645 3819 772 3874 Cur
814 3832 1072 3874 eremum
1117 3815 1536 3888 dereliquerit.
1947 3835 2108 3879 sum.
2143 3817 2301 3880 Nam
2342 3821 2449 3902 pio
2476 3818 2751 3884 ⁴munere
2793 3822 3046 3898 Christi,
3081 3825 3291 3888 recolo
3337 3845 3439 3888 me

449 3993 458 4000 .
1947 3914 2316 3998 frequenter
2364 3925 2617 3999 raptum
2672 3919 2737 3981 in
2789 3920 2947 3982 tales
3000 3939 3317 3997 excessua,
3372 3931 3441 3986 ut

486 4015 587 4079 ΟΝ
623 4017 831 4080 solum
873 4033 1000 4078 non
1039 4033 1272 4098 respuo
1308 4034 1428 4078 nec
1467 4013 1695 4088 refuto,
1729 4013 1839 4076 sed
1948 4014 2359 4078 obliviscerer
2414 4035 2515 4080 me
2568 4017 2862 4080 indutum
2920 4037 3107 4082 carne
3164 4022 3437 4096 mortali,

500 4122 626 4179 tota
656 4114 1060 4177 veneratione
1092 4113 1372 4197 suscipio
1401 4121 1464 4176 et
1492 4112 1842 4194 amplector
1950 4122 2229 4176 mentem
2279 4133 2533 4197 quoque
2584 4135 2791 4178 meam
2844 4117 3057 4181 subito
3106 4119 3441 4202 reliquisse

357 4214 853 4277 anachoreticam
894 4213 1323 4294 disciplinam,
1361 4232 1554 4295 quam
1597 4230 1699 4275 me
1737 4211 1840 4274 ad·
1868 4212 1919 4275 D
1949 4228 2170 4274 omnes
2210 4232 2433 4276 sensus
2481 4215 2846 4290 exterioreS,
2891 4223 3080 4298 atque
3118 4237 3155 4278 a
3193 4219 3441 4281 cunctis

359 4311 669 4375 miramini
731 4312 1084 4394 reliquisse.
1138 4313 1207 4374 In
1258 4332 1384 4394 qua
1437 4312 1681 4393 gaudeo
1737 4329 1840 4372 me
1950 4311 2385 4374 materialibus
2412 4312 2601 4374 rebus
2628 4314 2882 4395 penitus
2907 4315 3299 4390 evolasse,ut
3324 4337 3441 4380 nec

358 4419 788 4474 conversatum
847 4411 1032 4474 annis
1085 4409 1334 4491 viginti,
1388 4417 1530 4493 post
1585 4410 1842 4491 triginta
1948 4411 2117 4472 oculi
2149 4429 2267 4472 nec
2294 4429 2481 4473 aures
2514 4419 2842 4474 uterentur
2878 4412 3099 4477 officio
3139 4416 3439 4497 proprio;

357 4528 544 4573 annos
601 4510 838 4592 quibus
897 4509 962 4571 in
1022 4509 1506 4590 congregatione
1565 4506 1838 4571 coenobii
1948 4509 2167 4590 sicque
2226 4511 2479 4572 animus
2538 4529 2718 4572 meus
2783 4511 3149 4594 replebatur
3204 4515 3440 4578 divinis

359 4609 502 4682 vixi,
542 4617 610 4671 ut
649 4625 777 4671 non
817 4616 1070 4670 notarer
1109 4626 1564 4690 usquequaque
1603 4608 1681 4669 de
1721 4614 1842 4669 tor·
1949 4608 2467 4671 meditationibus
2526 4627 2598 4670 ac
2657 4610 3096 4692 spiritualibus
3153 4613 3438 4689 theoriiS,

359 4725 504 4788 pore
551 4706 818 4789 ignaviae
863 4707 1027 4768 inter
1069 4705 1213 4767 illos
1263 4705 1372 4787 qui
1418 4705 1612 4768 vitam
1663 4705 1838 4768 illam
1948 4716 2015 4769 ut
2059 4727 2225 4789 saepe
2264 4708 2339 4770 ad
2372 4726 2705 4791 vesperam
2736 4710 3047 4772 nescirem
3082 4731 3181 4774 me
3222 4712 3439 4776 cibum

355 4807 850 4871 anachoreticam
876 4806 978 4868 vel
1005 4805 1409 4868 mediocriter
1437 4804 1833 4868 exercebant.
1948 4806 2321 4888 sumpsisse,
2356 4813 2788 4888 sequenteque
2828 4807 2931 4870 die
2968 4810 3223 4890 penitus
3262 4811 3443 4874 dubi—

355 4905 468 4967 Sed
510 4905 813 4989 quoniam
855 4905 1184 4986 degustata
1227 4903 1468 4984 puritas
1517 4903 1680 4983 ejuS,
1727 4922 1842 4986 per
1949 4913 2147 4966 tarem
2207 4923 2289 4965 an
2339 4905 2735 4987 praecedente
2787 4906 2889 4968 die
2942 4906 3184 4989 aliquid
3234 4927 3439 4974 come-

356 5002 900 5088 interpolationem
939 5011 1000 5066 et
1040 5001 1497 5064 admixtionem
1539 5001 1843 5064 sollicitu-
1948 5004 2204 5066 dissem.
2253 5001 2347 5066 Ob
2398 5022 2587 5084 quam
2638 5004 2831 5066 etiam
2891 5023 3145 5068 causam
3203 5007 3442 5072 cibaria

353 5100 515 5164 dinis
550 5102 1000 5185 temporalium
1034 5119 1249 5163 rerum
1280 5101 1601 5163 interdum
1641 5120 1709 5163 se
1749 5101 1844 5174 in·
1949 5110 2193 5184 septem
2246 5101 2516 5174 dierum,
2560 5101 2619 5164 id
2668 5110 2763 5164 est
2814 5111 3059 5185 septem
3110 5105 3286 5187 paria
3332 5126 3440 5189 pa-

353 5210 670 5280 gerentem
715 5201 1193 5283 inquinabatur,
1239 5200 1638 5263 commodius
1679 5200 1844 5263 aesti—
1950 5199 2393 5272 ximaciorum,
2436 5207 2832 5281 reponuntur
2886 5200 2987 5262 die
3041 5201 3285 5264 sabbati
3344 5223 3438 5266 se-

359 5299 520 5361 mavi
555 5301 635 5363 ad
675 5299 952 5363 coenobii
993 5298 1547 5380 congregationem
1587 5299 1840 5375 reverti,
1951 5299 2324 5380 questratim
2370 5298 2436 5360 in
2486 5305 2720 5381 sporta,
2763 5306 2833 5361 ut
2876 5315 3004 5361 non
3049 5298 3236 5363 lateat
3278 5302 3440 5366 refe-
