4359 6267
1009 512 1426 560 θοιιΑτιοΝωι
1465 515 1550 561 ss.
1587 514 1830 560 runnu
1871 512 2046 560 mmm
2085 515 2146 560 11.
2196 533 2275 542 —-
2315 513 2601 562 coLLATlo
2642 517 2745 562 xiv
3305 496 3427 562 309

347 681 532 743 otiosa
567 687 677 742 aut
715 688 1306 764 quantumcumque
1345 681 1593 745 modice
1631 701 1670 745 a
1699 683 1828 745 Deo
1854 682 1907 745 A
1936 682 2328 744 carminibus
2372 683 2501 746 illis
2538 683 2803 758 tamdiu,
2838 683 3144 766 quamdiu
3182 685 3305 746 alia
3342 685 3424 746 si-

258 805 268 814 ·
347 777 686 851 discedenS,
729 785 1061 860 reputatur
1107 797 1143 840 a
1191 779 1330 841 viro
1379 778 1659 862 perfecto
1713 779 1826 840 im-

347 874 754 938 mundissima
783 876 1136 939 fornicatio.

713 1130 1218 1195 CAPITULUM
1281 1133 1434 1198 XII.

347 1279 770 1352 IntmoyatiO,
810 1281 1083 1354 qualiter
1109 1281 1311 1353 possit
1347 1282 1430 1337 ad
1464 1281 1830 1337 oblivionem

521 1371 916 1426 saecularium
941 1372 1280 1428 carminum
1298 1372 1637 1443 perveniri.

475 1563 836 1628 ERMANUS
870 1583 884 1627 z
917 1565 1013 1628 Ad
1053 1566 1187 1629 haec
1222 1583 1339 1647 ego
1372 1566 1580 1648 primo
1620 1573 1828 1628 motus

489 1664 982 1746 compunctione
1010 1665 1274 1738 occulta,
1299 1665 1526 1727 deinde
1555 1664 1830 1746 graviter

349 1761 756 1842 ingemiscens
789 1762 1039 1825 locutus
1069 1783 1212 1824 sum
1234 1780 1248 1824 :
1267 1763 1411 1825 Haec
1441 1763 1656 1826 omnia
1685 1782 1826 1844 quae

1935 779 1999 841 bi
2059 781 2346 862 acquirat
2396 781 2589 844 simili
2640 783 3009 845 assiduitate
3061 801 3133 845 ac
3190 783 3420 856 studi0,

1935 897 2076 960 quae
2110 878 2274 940 intra
2304 897 2371 942 se
2403 881 2631 943 condat
2660 900 2732 943 ac
2762 881 3017 954 recolat,
3050 888 3113 942 et
3152 898 3266 963 pro
3296 880 3425 942 illis

1937 976 2353 1040 infructuosis
2396 997 2471 1040 ac
2515 979 2780 1042 terrenis
2824 979 3133 1062 parturiat
3174 979 3431 1062 spiritu-

1936 1075 2059 1137 alia
2101 1095 2176 1138 ac
2216 1075 2451 1139 divina.
2485 1077 2633 1150 Quae
2671 1096 2871 1159 quum
2917 1097 3095 1140 mens
3138 1085 3249 1140 tua
3291 1096 3431 1160 pro-

1937 1173 2132 1236 funde
2161 1182 2225 1236 et
2254 1174 2379 1237 alte
2411 1175 3123 1258 conceperissfueritque
3154 1177 3432 1240 enutrita

1940 1272 2002 1334 in
2050 1272 2198 1348 illis,
2232 1274 2477 1355 priores
2523 1292 2704 1355 nugae
2745 1293 2819 1336 ac
2864 1274 3095 1338 fabulae
3134 1281 3433 1356 poterunt

1937 1373 2174 1434 sensim
2206 1372 2465 1454 expelli,
2488 1381 2599 1434 aut
2629 1373 2881 1454 penitus
2912 1373 3170 1437 aboleri.
3197 1375 3432 1436 Vacare

1938 1470 2110 1532 enim
2142 1471 2632 1553 cogitationibus
2664 1471 2912 1533 cunctis
2943 1491 3123 1535 mens
3154 1473 3434 1534 humana

1940 1568 2131 1630 simul
2177 1587 2305 1632 non
2350 1576 2557 1652 potest
2604 1587 2617 1630 :
2664 1569 2901 1633 idcirco
2949 1571 3255 1652 quamdiu
3304 1589 3433 1634 non

1939 1664 2132 1728 fuerit
2186 1665 2629 1748 spiritualibus
2676 1667 2905 1729 studiis
2950 1675 3277 1750 occupata,
3328 1687 3435 1730 ne-
3502 1687 3517 1706 ·

1939 1785 2114 1828 cesse
2169 1773 2267 1828 est
2316 1786 2455 1829 eam
2508 1766 2824 1848 implicari
2875 1767 2974 1829 his
3023 1786 3165 1849 quae
3211 1768 3433 1830 didicit

349 1860 772 1941 copiosissime
813 1860 1155 1943 protulisti,
1188 1869 1501 1923 auxerunt
1531 1861 1689 1923 mihi
1721 1861 1826 1923 de·
1863 1867 1911 1930 B
1939 1872 2102 1926 ante.
2167 1865 2479 1939 Quamdiu
2538 1866 2711 1927 enim
2769 1883 2897 1928 non
2955 1865 3250 1929 habuerit
3305 1883 3433 1948 quo

348 1960 756 2039 sperationem
797 1979 928 2041 prae
970 1959 1175 2022 solito.
1210 1959 1361 2022 Mihi
1411 1979 1686 2042 namque
1731 1979 1830 2022 ac-

350 2057 505 2120 cedit
541 2058 936 2120 extrinsecus
980 2057 1256 2140 speciale
1298 2058 1826 2141 impedimentum

349 2155 578 2230 salutiS,
623 2165 853 2238 praeter
895 2155 1223 2237 generales
1264 2156 1494 2218 animae
1539 2158 1830 2219 tentatio-

349 2271 451 2314 nes
505 2262 566 2316 et
622 2254 1064 2316 distractiones
1120 2253 1357 2335 quibus
1421 2272 1547 2316 non
1607 2254 1831 2316 dubito

349 2351 624 2415 infirmos
657 2352 915 2435 pulsari.
941 2353 1118 2425 Quod
1151 2352 1681 2434 impedimentum
1713 2352 1832 2414 ori-

349 2456 443 2509 tur
471 2450 625 2512 mihi
656 2469 770 2531 per
797 2450 1090 2513 notitiam
1124 2449 1500 2524 litterarum,
1520 2470 1712 2532 quam
1744 2451 1832 2513 vi-

350 2547 493 2610 deor
529 2547 884 2630 aliqualiter
919 2549 1207 2629 attigisse
1243 2566 1257 2610 z
1293 2549 1359 2610 in
1390 2568 1515 2630 qua
1556 2567 1831 2611 macera-

349 2646 432 2706 vit
461 2665 562 2708 me
591 2646 888 2710 instantia
926 2647 1249 2730 paedagogi
1291 2655 1482 2730 atque
1514 2647 1830 2710 continuae

347 2745 616 2807 studium
655 2745 965 2820 lectioniS,
1001 2747 1087 2808 ita
1127 2754 1197 2808 ut
1237 2765 1416 2808 mens
1457 2765 1598 2808 mea
1636 2745 1832 2828 poeti-

348 2841 431 2904 cis
459 2844 840 2907 carminibus
874 2845 1000 2908 illis
1031 2844 1282 2918 infecta,
1300 2845 1634 2907 meditetur
1663 2864 1830 2907 nunc

345 2940 530 3002 etiam
584 2949 866 3025 tempore
915 2943 1216 3006 orationis
1276 2943 1417 3005 illas
1468 2941 1827 3004 fabularum

1939 1970 2242 2038 recurrat,
2286 1970 2349 2026 et
2388 1963 2558 2025 circa
2600 1964 2770 2045 quod
2814 1963 3293 2045 infatigabiliter
3333 1982 3435 2027 oc-

1939 2068 2229 2143 cupetur,
2264 2080 2522 2124 necesse
2560 2069 2656 2125 est
2688 2069 2758 2123 ut
2786 2063 2863 2124 ad
2904 2081 2979 2124 ea
3018 2062 3265 2124 labatur
3294 2063 3433 2144 qui-

1939 2159 2059 2221 bus
2096 2159 2177 2222 ab
2219 2158 2485 2222 infantia
2527 2167 2624 2222 est
2668 2160 2997 2234 instructa,
3030 2179 3228 2242 eaque
3272 2179 3437 2224 sem-

1940 2275 2053 2338 per
2081 2257 2364 2320 revolvat
2392 2277 2535 2340 quae
2566 2258 2753 2340 longo
2782 2277 2899 2320 usu
2930 2278 3004 2321 αθ
3031 2259 3435 2322 meditatione

1941 2358 2251 2438 concepit.

2020 2455 2096 2516 Ut
2130 2472 2281 2535 ergo
2318 2455 2455 2518 haec
2495 2454 2845 2536 spiritualis
2886 2455 3152 2519 scientia
3190 2455 3439 2519 robore-

1940 2561 2042 2615 tur
2070 2553 2134 2616 in
2167 2561 2227 2616 te
2259 2553 2575 2616 soliditate
2606 2555 2929 2628 continua,
2956 2574 3074 2617 nec
3104 2574 3178 2616 θα
3208 2554 3438 2617 fruaris

1940 2652 2147 2714 solum
2204 2653 2283 2716 ad
2336 2653 2578 2728 horam,
2632 2661 2703 2714 ut
2754 2652 2849 2716 illi
2903 2653 3014 2735 qui
3068 2673 3207 2716 eam
3256 2654 3441 2716 attin-

1939 2758 2097 2831 gunt
2145 2769 2273 2813 non
2332 2751 2542 2813 studio
2602 2769 2738 2826 suo,
2790 2752 2903 2813 sed
2958 2751 3227 2813 aliorum
3287 2750 3441 2812 rela-

1941 2849 2133 2923 tione,
2177 2858 2243 2910 et
2285 2857 2355 2910 ut
2398 2849 2491 2910 sic
2535 2849 2776 2931 loquar,
2820 2849 2994 2910 velut
3034 2849 3208 2911 aerio
3248 2849 3439 2910 odore

1940 2946 2347 3029 percipiunt3
2398 2948 2508 3009 sed
2562 2955 2630 3008 ut
2680 2947 2853 3009 cordi
2903 2956 3012 3009 tuo
3062 2946 3440 3010 inviscerata

349 3058 536 3121 nugas
584 3040 1002 3122 historiasque
1059 3040 1374 3103 bellorum
1424 3040 1659 3123 quibus
1719 3039 1832 3102 im·
1869 3050 1912 3113 G
1942 3044 2022 3106 sit
2053 3051 2117 3106 et
2146 3053 2499 3127 perspecta,
2535 3063 2607 3107 ac
2638 3045 2819 3126 quasi
2850 3046 3102 3127 palpata
3132 3045 3439 3106 condatur

349 3137 495 3200 buta
529 3147 619 3200 est
657 3159 694 3200 a
732 3139 958 3222 primis
1002 3139 1292 3221 pueritiae
1331 3138 1712 3201 rudimentis
1756 3157 1831 3200 αθ

348 3237 599 3316 studiis;
642 3238 982 3320 impudens
1029 3255 1283 3320 quoque
1335 3238 1642 3300 memoria
1689 3255 1834 3318 poe-

351 3343 578 3397 matum
627 3336 970 3417 ingeratur,
1016 3343 1126 3397 aut
1174 3336 1353 3417 quasi
1408 3337 1830 3418 pugnantium

353 3433 702 3516 principum
756 3434 961 3516 imago
1011 3441 1156 3495 ante
1204 3433 1422 3496 oculos
1473 3452 1648 3497 meos
1693 3453 1831 3497 ver-

351 3539 532 3606 setur,
591 3533 744 3594 dum
807 3532 1009 3615 psallo
1071 3539 1180 3594 aut
1243 3551 1358 3615 pro
1425 3540 1830 3615 peccatorum

353 3629 730 3712 indulgentia
759 3648 900 3711 oro;
932 3631 1286 3713 taliumque
1319 3632 1830 3713 phantasmatum

349 3729 580 3810 species
634 3748 738 3791 me
789 3747 1041 3812 semper
1085 3730 1384 3804 illudens,
1419 3748 1546 3792 non
1596 3731 1834 3811 patitur

349 3835 614 3890 mentem
656 3846 863 3889 meam
902 3828 1225 3911 adspirare
1270 3829 1348 3890 ad
1393 3846 1702 3910 supernos
1743 3829 1834 3890 in-

349 3929 555 4001 tuituS,
591 3927 657 3989 in
695 3935 944 3990 tantum
987 3934 1056 3989 ut
1095 3927 1415 4009 exstingui
1461 3945 1587 3990 non
1628 3928 1832 3990 valeat

347 4022 596 4087 fletibus
639 4025 1048 4108 quotidianis

701 4253 1204 4318 CAPITULUM
1267 4253 1460 4318 XIII.

379 4381 724 4454 Responsio,
756 4383 1027 4457 qualiter·
1053 4384 1399 4440 memoriam
1430 4384 1648 4439 talium
1676 4401 1806 4440 car-

663 4474 892 4528 minum
911 4474 1216 4544 possimus
1244 4473 1502 4529 abolere.

472 4622 809 4686 ESTEROS
843 4641 855 4684 :
889 4623 977 4686 De
1016 4623 1132 4685 hac
1173 4624 1311 4706 ipsa
1349 4644 1418 4687 re
1457 4625 1535 4686 de
1570 4643 1696 4706 qua
1727 4643 1830 4686 na-

490 4723 687 4784 scitur
713 4721 833 4783 tibi
873 4722 1230 4804 desperatio
1268 4723 1563 4797 maxima,
1599 4723 1829 4805 poterit

347 4817 452 4882 tibi
495 4819 646 4883 oriri
699 4819 883 4882 velox
931 4819 1292 4903 efficaxque
1343 4821 1723 4896 remedium,
1773 4821 1826 4883 si

345 4916 726 4999 diligentiam
770 4925 960 5000 atque
1004 4919 1372 4982 instantiam
1419 4938 1576 5000 quas
1617 4927 1678 4980 te
1719 4919 1826 4982 ha-

347 5013 547 5079 buisse
594 5017 809 5080 dixisti
861 5017 1032 5078 circa
1079 5017 1406 5079 saecularia
1452 5017 1662 5080 studia
1695 5017 1823 5092 illa,

348 5113 673 5176 transferre
701 5113 982 5176 volueris
1020 5113 1099 5175 ad
1141 5113 1477 5177 lectionem
1516 5133 1589 5176 ac
1632 5115 1827 5178 medi-

349 5211 636 5275 tationem
685 5212 1120 5294 spiritualium
1169 5211 1656 5295 Scripturarum.
1710 5215 1827 5277 Ne-

352 5327 512 5373 cesse
568 5319 666 5373 est
721 5309 895 5373 enim
953 5316 1236 5373 mentem
1297 5318 1468 5374 tuam
1527 5313 1826 5395 occupari

1943 3143 2011 3204 in
2039 3160 2136 3218 ec,
2169 3143 2291 3206 hoc
2322 3144 2621 3206 convenit
2651 3151 2711 3206 te
2750 3143 2925 3205 omni
2966 3143 3295 3224 diligentia
3335 3161 3440 3203 cu-

1942 3241 2178 3305 stodire
2212 3260 2227 3304 :
2264 3250 2331 3304 ut
2374 3242 2427 3304 si
2471 3243 2635 3324 forte
2676 3243 2955 3305 audieris
2999 3242 3064 3303 in
3104 3242 3439 3304 collatione

1943 3339 2211 3422 proferri
2263 3341 2455 3402 etiam
2498 3359 2573 3402 ea
2614 3359 2755 3422 quae
2804 3341 3045 3422 optime
3088 3339 3277 3413 nosti,
3311 3354 3437 3401 non

1943 3437 2254 3520 suscipias
2285 3456 2359 3499 ea
2395 3445 2807 3521 aspernanter
2834 3445 2945 3500 aut
2983 3437 3329 3510 fastidiose,
3363 3454 3439 3499 eo

1941 3537 2110 3618 quod
2171 3543 2320 3599 nota
2366 3536 2494 3598 sint
2548 3535 2688 3610 tibi,
2741 3537 2850 3598 sed
2909 3555 2984 3599 ea
3030 3535 3439 3599 commendes

1943 3635 2117 3697 cordi
2167 3642 2277 3697 tuo
2326 3635 2434 3696 illa
2475 3635 2775 3697 aviditate
2819 3653 2946 3716 qua
2993 3633 3440 3696 desiderabilia

1941 3733 2137 3795 verba
2164 3733 2387 3795 salutis
2429 3731 2826 3795 infundenda
2864 3740 3013 3795 sunt
3039 3733 3301 3795 auribus
3335 3749 3441 3795 no-

1941 3831 2089 3892 stris
2121 3830 2576 3904 indesinenter,
2608 3838 2797 3914 atque
2838 3849 2915 3893 ex
2955 3848 3063 3894 ore
3102 3839 3317 3894 nostro
3342 3831 3440 3910 ju-

1939 3930 2102 4010 giter
2132 3930 2527 4013 proferenda.
2565 3930 2864 4004 Quamvis
2905 3930 3080 3992 enim
3120 3937 3336 3992 sancta
3365 3947 3439 3990 ac

1940 4029 2239 4091 salutaria
2287 4029 2655 4112 frequenter
2703 4036 3059 4102 narrentur,
3108 4046 3437 4109 nunquam

1940 4137 2152 4191 tamen
2182 4129 2437 4191 satietas
2468 4128 2684 4210 gignet
2715 4128 3040 4190 horrorem
3070 4126 3299 4188 animae
3329 4126 3436 4187 ha-

1861 4235 1911 4298 D
1940 4227 2114 4288 benti
2154 4226 2330 4288 sitim
2359 4245 2524 4288 verae
2564 4225 2865 4301 scientiae,
2900 4225 3008 4288 sed
3040 4243 3113 4287 ea
3152 4223 3437 4305 quotidie

1940 4325 2115 4387 velut
2143 4342 2307 4388 nova
2335 4331 2399 4386 et
2438 4323 2790 4386 desiderata
2824 4323 3208 4405 percipienS,
3240 4341 3436 4404 quan-

1939 4431 2002 4487 to
2047 4422 2445 4505 frequentius
2487 4421 2771 4483 hauserit
2810 4421 2941 4495 illa,
2976 4428 3147 4482 tanto
3185 4420 3433 4483 avidius

1939 4522 2160 4584 eadem
2200 4522 2301 4584 vel
2342 4522 2557 4584 audiet
2595 4526 2705 4583 aut
2745 4519 3075 4601 loquetur-3
3107 4519 3326 4601 sicque
3353 4536 3433 4580 ex

1937 4620 2257 4702 frequenti
2307 4619 2641 4681 collatione
2690 4635 2803 4680 seu
2852 4616 3229 4699 repetitione
3270 4616 3433 4679 acci·

1938 4720 2070 4802 piet
2111 4718 2323 4801 potius
2367 4716 2921 4780 confirmationem
2964 4715 3248 4780 scientiae
3286 4724 3432 4779 ante

1937 4837 2263 4902 possessae,
2296 4835 2490 4899 quam
2530 4816 2734 4878 ullum
2772 4814 3121 4878 fastidium.
3158 4815 3431 4878 Evidens

1935 4917 2175 4999 quippe
2205 4915 2516 4978 indicium
2556 4913 2847 4996 superbae
2886 4933 2961 4976 αθ
3000 4913 3230 4996 tepidae
3260 4933 3433 4977 men—

1934 5017 2016 5078 tis
2059 5022 2176 5089 est,
2210 5015 2263 5077 si
2313 5013 2457 5095 quis
2508 5013 2901 5094 negligenter
2946 5020 3057 5075 aut
3102 5012 3429 5076 fastidiose

1935 5113 2243 5196 suscipiat
2270 5111 2611 5176 verborum
2642 5111 2998 5174 salubrium
3029 5111 3423 5185 medicinam,

1934 5212 2228 5296 quamvis
2291 5211 2658 5293 frequenter
2712 5209 3061 5273 adhibitam
3126 5228 3139 5272 :

3200 5209 3428 5272 Anima
3508 5211 3643 5316 PM?

1935 5312 2108 5374 enim
2157 5331 2299 5394 quae
2348 5311 2415 5372 in
2463 5310 2750 5373 satietate
2798 5317 2916 5383 est,
2963 5308 3125 5372 favis
3174 5308 3424 5389 illudit3
3450 5287 3703 5392 Jffxss'tx'x.
