4359 6267
1049 478 1466 525 coLLAriomm
1508 479 1595 525 ss.
1628 478 1872 524 mmmm
1912 478 2088 525 mann
2128 480 2190 525 11.
2236 497 2317 507 —
2359 477 2645 525 commo
2685 476 2832 523 xxiv
3368 457 3481 521 431

465 649 600 712 Tali
657 666 948 713 sermone
1004 650 1070 712 Β.
1123 649 1440 712 Abraham
1499 650 1575 712 de
1637 650 1882 712 medela
1909 650 1962 712 A
1993 649 2222 731 spiritu
2264 648 2779 731 praesumptionis
2820 647 2963 710 misi
3001 648 3081 709 ad
3122 665 3233 709 vos
3274 647 3483 728 ignem

370 754 578 829 atque
605 747 849 829 origine
879 755 1111 811 nostrae
1141 746 1458 811 illusionis
1489 747 1882 822 disseruit,et
1995 746 2188 809 istum
2212 748 2433 829 (quem
2459 746 2765 809 Dominus
2791 745 2966 808 venit
2990 746 3243 807 mittere
3272 745 3339 807 in
3368 752 3488 807 ter·
3514 766 3777 821 maxum.

371 844 590 906 oculis
637 844 872 907 nostris
921 844 1354 907 manifestavit
1403 845 1666 907 insidias
1715 845 1881 926 cogi·
1993 863 2149 918 ram,
2192 852 2256 906 et
2293 863 2487 925 quem
2525 844 2839 906 desiderat
2877 842 3068 906 nimis
3110 843 3379 923 ardere),
3418 850 3485 904 ut

369 943 698 1005 tationum
745 961 904 1023 quas
961 942 1228 1022 ingessit
1277 942 1588 1017 diaboluS,
1639 961 1882 1025 nosque
1992 940 2537 1004 ferventissimum
2590 942 2898 1023 propositi
2956 942 3147 1004 vestri
3210 941 3484 1003 calorem

371 1039 678 1102 accendit
736 1039 1053 1102 desiderio
1115 1058 1280 1102 verae
1349 1039 1877 1102 mortificationis.
1990 1040 2404 1102 accenderem
2448 1040 2675 1102 horum
2714 1039 3089 1119 adjectione,
3133 1039 3243 1103 sed
3283 1040 3485 1119 magis

373 1138 520 1212 Quo
549 1138 742 1200 etiam
784 1138 1018 1200 multos
1057 1137 1445 1201 confidimus
1483 1137 1886 1199 inflamman-
1992 1145 2065 1198 ut
2092 1145 2260 1199 esset
2288 1136 2469 1199 vobis
2506 1138 2709 1217 major
2736 1138 3076 1199 auctoritas
3114 1137 3283 1218 apud
3313 1136 3485 1199 filios

375 1237 523 1309 dos,
558 1236 852 1318 quamvis
892 1234 1028 1299 haec
1067 1235 1285 1299 omnia
1322 1236 1557 1318 scripta
1595 1235 1724 1298 sint
1761 1255 1886 1299 ser·
1993 1243 2258 1310 vestrOS,
2290 1235 2443 1298 dum
2473 1243 2790 1317 praecepta
2816 1254 2890 1297 ac
2920 1235 3300 1297 documenta
3326 1253 3493 1295 sum·

375 1351 578 1397 mone
625 1334 968 1415 incompto.
1011 1333 1170 1396 Nam
1211 1334 1360 1396 licet
1397 1334 1612 1416 tepida
1649 1333 1885 1415 eloquii
1995 1352 2247 1396 morum
2296 1341 2360 1395 et
2403 1333 2997 1415 antiquissimorum
3045 1332 3297 1394 Patrum
3346 1349 3491 1394 con-

375 1431 590 1494 nostri
620 1430 839 1494 favilla
866 1431 1191 1513 operuerit
1219 1431 1694 1495 ardentissimas
1724 1451 1890 1494 sum·
1995 1431 2259 1493 firmant
2306 1431 2371 1493 id
2421 1432 2590 1513 quod
2650 1431 2772 1513 ipsi
2823 1430 3085 1504 docetiS,
3136 1447 3263 1491 non
3316 1428 3490 1491 inani

377 1546 644 1591 morum
681 1528 938 1591 Patrum
976 1529 1343 1604 sententias,
1386 1529 1887 1592 calefaciendum
1997 1547 2152 1593 sono
2184 1528 2547 1603 verborum,
2581 1530 2692 1591 sed
2730 1529 2877 1591 vivo
2916 1527 3227 1610 exemplo,
3256 1527 3491 1610 Super-

379 1634 604 1689 tamen
656 1645 988 1709 speramus
1035 1628 1315 1709 algorem
1367 1628 1736 1702 multorum,
1777 1628 1931 1709 qui·
1997 1634 2094 1689 est
2136 1635 2207 1688 ut
2253 1627 2604 1709 spiritualis
2652 1646 2808 1689 aura
2852 1627 3211 1689 orationum
3260 1632 3494 1687 vestra-

375 1723 631 1786 relictis
661 1724 1005 1787 verborum
1035 1724 1382 1799 cineribuS,
1414 1724 1732 1788 voluerint
1760 1745 1891 1788 sus·
2000 1744 2142 1787 rum
2184 1725 2522 1787 comitetur
2550 1744 2675 1799 me,
2710 1726 3014 1787 hactenus
3050 1723 3355 1804 jactatum
3388 1742 3494 1805 pe·

379 1822 576 1884 citari
619 1821 960 1884 vivacitate
1006 1821 1338 1885 latentium
1382 1841 1704 1885 sensuum.
1923 1819 1970 1882 B
1999 1822 2457 1886 riculosissima
2513 1830 2912 1905 tempestate,
2962 1821 3039 1883 ad
3096 1821 3489 1883 tutissimum

481 1920 628 1995 Sed,
685 1937 726 1982 o
773 1920 1160 1983 sanctissimi
1219 1921 1452 1995 Patres,
1503 1939 1633 1983 non
1688 1921 1890 1985 elatus
1998 1928 2255 2003 portum
2298 1920 2555 1982 silentii.

947 3371 1173 3423 1³¹1le
1237 3370 1898 3423 TRANSLATIONIS
1958 3372 2389 3423 LIBRORUM
2450 3373 2507 3421 J.
2555 3371 2937 3422 CASSIANI
