<?xml version="1.0" encoding="UTF-8"?>
<!DOCTYPE html PUBLIC "-//W3C//DTD XHTML 1.0 Transitional//EN"
    "http://www.w3.org/TR/xhtml1/DTD/xhtml1-transitional.dtd">
<html xmlns="http://www.w3.org/1999/xhtml" xml:lang="en" lang="en">
 <head>
  <title>
</title>
<meta http-equiv="Content-Type" content="text/html;charset=utf-8" />
  <meta name='ocr-system' content='tesseract 3.04.00' />
  <meta name='ocr-capabilities' content='ocr_page ocr_carea ocr_par ocr_line ocrx_word'/>
</head>
<body>
  <div class='ocr_page' id='page_1' title='image "./doctorisecstati03denigoog_0404.png"; bbox 0 0 4359 6267; ppageno 0'>
   <div class='ocr_carea' id='block_1_1' title="bbox 813 500 3253 570">
    <p class='ocr_par' dir='ltr' id='par_1_1' title="bbox 813 500 3253 570">
     <span class='ocr_line' id='line_1_1' title="bbox 813 500 3253 570; baseline 0 -5"><span class='ocrx_word' id='word_1_1' title='bbox 813 500 936 566; x_wconf 78' lang='grc'><strong>396</strong></span> <span class='ocrx_word' id='word_1_2' title='bbox 1487 522 1902 570; x_wconf 73' lang='lat' dir='ltr'>COLLATIONUM</span> <span class='ocrx_word' id='word_1_3' title='bbox 1945 522 2030 568; x_wconf 87' lang='lat' dir='ltr'><strong>SS.</strong></span> <span class='ocrx_word' id='word_1_4' title='bbox 2067 521 2312 566; x_wconf 68' lang='lat' dir='ltr'>PATRUH</span> <span class='ocrx_word' id='word_1_5' title='bbox 2354 520 2528 567; x_wconf 68' lang='lat' dir='ltr'><strong>LIBER</strong></span> <span class='ocrx_word' id='word_1_6' title='bbox 2570 521 2631 566; x_wconf 89' lang='lat'><strong>11.</strong></span> <span class='ocrx_word' id='word_1_7' title='bbox 2678 539 2756 549; x_wconf 90' lang='lat'><strong>—-</strong></span> <span class='ocrx_word' id='word_1_8' title='bbox 2797 520 3084 567; x_wconf 68' lang='lat' dir='ltr'><strong>com‘rlo</strong></span> <span class='ocrx_word' id='word_1_9' title='bbox 3122 520 3253 566; x_wconf 77' lang='lat'>1111</span> 
     </span>
    </p>
   </div>
   <div class='ocr_carea' id='block_1_2' title="bbox 812 683 3937 1558">
    <p class='ocr_par' dir='ltr' id='par_1_2' title="bbox 812 683 3937 1558">
     <span class='ocr_line' id='line_1_2' title="bbox 813 683 3937 773; baseline -0.002 -22"><span class='ocrx_word' id='word_1_10' title='bbox 813 690 1060 773; x_wconf 88' lang='lat' dir='ltr'><strong>cipiens</strong></span> <span class='ocrx_word' id='word_1_11' title='bbox 1103 691 1535 756; x_wconf 86' lang='lat' dir='ltr'><strong>conditionem</strong></span> <span class='ocrx_word' id='word_1_12' title='bbox 1576 692 1797 756; x_wconf 88' lang='lat' dir='ltr'><strong>mortis</strong></span> <span class='ocrx_word' id='word_1_13' title='bbox 1835 693 2130 754; x_wconf 79' lang='lat' dir='ltr'><strong>humanae</strong></span> <span class='ocrx_word' id='word_1_14' title='bbox 2163 708 2312 752; x_wconf 90' lang='lat' dir='ltr'><strong>cum</strong></span> <span class='ocrx_word' id='word_1_15' title='bbox 2347 688 2393 751; x_wconf 83' lang='lat' dir='ltr'>A</span> <span class='ocrx_word' id='word_1_16' title='bbox 2426 698 2719 772; x_wconf 83' lang='lat' dir='ltr'><strong>raperent</strong></span> <span class='ocrx_word' id='word_1_17' title='bbox 2750 708 2922 764; x_wconf 87' lang='lat' dir='ltr'><strong>eum,</strong></span> <span class='ocrx_word' id='word_1_18' title='bbox 2956 698 3020 752; x_wconf 92' lang='lat' dir='ltr'><strong>et</strong></span> <span class='ocrx_word' id='word_1_19' title='bbox 3048 688 3331 752; x_wconf 86' lang='lat' dir='ltr'><strong>facerent</strong></span> <span class='ocrx_word' id='word_1_20' title='bbox 3366 705 3515 750; x_wconf 90' lang='lat' dir='ltr'><strong>eum</strong></span> <span class='ocrx_word' id='word_1_21' title='bbox 3552 703 3793 767; x_wconf 88' lang='lat' dir='ltr'><strong>regem,</strong></span> <span class='ocrx_word' id='word_1_22' title='bbox 3828 683 3937 746; x_wconf 82' lang='lat' dir='ltr'><strong>fu-</strong></span> 
     </span>
     <span class='ocr_line' id='line_1_3' title="bbox 817 785 3932 869; baseline -0.002 -19"><span class='ocrx_word' id='word_1_23' title='bbox 817 789 1114 852; x_wconf 90' lang='lat' dir='ltr'><strong>universa</strong></span> <span class='ocrx_word' id='word_1_24' title='bbox 1175 792 1383 853; x_wconf 90' lang='lat' dir='ltr'><strong>carnis</strong></span> <span class='ocrx_word' id='word_1_25' title='bbox 1439 791 1709 853; x_wconf 86' lang='lat' dir='ltr'><strong>naturali</strong></span> <span class='ocrx_word' id='word_1_26' title='bbox 1769 799 1830 852; x_wconf 84' lang='lat' dir='ltr'><strong>et</strong></span> <span class='ocrx_word' id='word_1_27' title='bbox 1881 788 2313 853; x_wconf 88' lang='lat' dir='ltr'><strong>indetrahibili</strong></span> <span class='ocrx_word' id='word_1_28' title='bbox 2423 789 2512 869; x_wconf 88' lang='lat' dir='ltr'><strong>git</strong></span> <span class='ocrx_word' id='word_1_29' title='bbox 2546 788 2774 850; x_wconf 86' lang='lat' dir='ltr'><strong>iterum</strong></span> <span class='ocrx_word' id='word_1_30' title='bbox 2808 789 2873 851; x_wconf 89' lang='lat' dir='ltr'><strong>in</strong></span> <span class='ocrx_word' id='word_1_31' title='bbox 2907 796 3186 851; x_wconf 89' lang='lat' dir='ltr'><strong>montem</strong></span> <span class='ocrx_word' id='word_1_32' title='bbox 3220 787 3356 869; x_wconf 88' lang='lat' dir='ltr'><strong>ipse</strong></span> <span class='ocrx_word' id='word_1_33' title='bbox 3396 785 3587 849; x_wconf 90' lang='lat' dir='ltr'><strong>solus.</strong></span> <span class='ocrx_word' id='word_1_34' title='bbox 3620 785 3932 846; x_wconf 87' lang='lat' dir='ltr'><strong>Tentatus</strong></span> 
     </span>
     <span class='ocr_line' id='line_1_4' title="bbox 814 884 3929 972; baseline -0.002 -23"><span class='ocrx_word' id='word_1_35' title='bbox 814 887 1180 970; x_wconf 84' lang='lat' dir='ltr'><strong>fragilitate,</strong></span> <span class='ocrx_word' id='word_1_36' title='bbox 1216 910 1541 972; x_wconf 87' lang='lat' dir='ltr'><strong>nunquam</strong></span> <span class='ocrx_word' id='word_1_37' title='bbox 1585 890 1937 951; x_wconf 87' lang='lat' dir='ltr'><strong>maculatus</strong></span> <span class='ocrx_word' id='word_1_38' title='bbox 1972 895 2066 951; x_wconf 85' lang='lat' dir='ltr'><strong>est</strong></span> <span class='ocrx_word' id='word_1_39' title='bbox 2101 888 2317 969; x_wconf 88' lang='lat' dir='ltr'><strong>aliqua</strong></span> <span class='ocrx_word' id='word_1_40' title='bbox 2424 895 2519 948; x_wconf 87' lang='lat' dir='ltr'><strong>est</strong></span> <span class='ocrx_word' id='word_1_41' title='bbox 2567 887 2798 949; x_wconf 89' lang='lat' dir='ltr'><strong>iterum</strong></span> <span class='ocrx_word' id='word_1_42' title='bbox 2860 887 3211 948; x_wconf 89' lang='lat' dir='ltr'><strong>secundum</strong></span> <span class='ocrx_word' id='word_1_43' title='bbox 3268 884 3757 947; x_wconf 88' lang='lat' dir='ltr'><strong>similitudinem</strong></span> <span class='ocrx_word' id='word_1_44' title='bbox 3810 899 3929 943; x_wconf 88' lang='lat' dir='ltr'><strong>no-</strong></span> 
     </span>
     <span class='ocr_line' id='line_1_5' title="bbox 812 982 3929 1069; baseline -0.002 -21"><span class='ocrx_word' id='word_1_45' title='bbox 812 987 1018 1069; x_wconf 88' lang='lat' dir='ltr'><strong>culpa.</strong></span> <span class='ocrx_word' id='word_1_46' title='bbox 2424 992 2640 1058; x_wconf 90' lang='lat' dir='ltr'><strong>stram,</strong></span> <span class='ocrx_word' id='word_1_47' title='bbox 2693 985 2847 1047; x_wconf 92' lang='lat' dir='ltr'><strong>dum</strong></span> <span class='ocrx_word' id='word_1_48' title='bbox 2900 984 3118 1065; x_wconf 84' lang='lat' dir='ltr'><strong>flagris</strong></span> <span class='ocrx_word' id='word_1_49' title='bbox 3172 1002 3511 1066; x_wconf 88' lang='lat' dir='ltr'><strong>percussus</strong></span> <span class='ocrx_word' id='word_1_50' title='bbox 3564 982 3929 1063; x_wconf 87' lang='lat' dir='ltr'><strong>palmisque</strong></span> 
     </span>
     <span class='ocr_line' id='line_1_6' title="bbox 2424 1079 3929 1165; baseline -0.004 -19"><span class='ocrx_word' id='word_1_51' title='bbox 2424 1103 2645 1158; x_wconf 79' lang='lat' dir='ltr'><strong>caesus,</strong></span> <span class='ocrx_word' id='word_1_52' title='bbox 2698 1091 3070 1165; x_wconf 79' lang='lat' dir='ltr'><strong>consputuS,</strong></span> <span class='ocrx_word' id='word_1_53' title='bbox 3122 1092 3187 1145; x_wconf 89' lang='lat' dir='ltr'><strong>et</strong></span> <span class='ocrx_word' id='word_1_54' title='bbox 3232 1081 3549 1163; x_wconf 87' lang='lat' dir='ltr'><strong>exquisita</strong></span> <span class='ocrx_word' id='word_1_55' title='bbox 3604 1079 3929 1162; x_wconf 88' lang='lat' dir='ltr'><strong>supplicia</strong></span> 
     </span>
     <span class='ocr_line' id='line_1_7' title="bbox 2423 1177 3927 1263; baseline -0.003 -20"><span class='ocrx_word' id='word_1_56' title='bbox 2423 1201 2645 1263; x_wconf 90' lang='lat' dir='ltr'><strong>passus</strong></span> <span class='ocrx_word' id='word_1_57' title='bbox 2698 1189 2835 1260; x_wconf 85' lang='lat' dir='ltr'><strong>est3</strong></span> <span class='ocrx_word' id='word_1_58' title='bbox 2887 1183 2997 1244; x_wconf 89' lang='lat' dir='ltr'><strong>sed</strong></span> <span class='ocrx_word' id='word_1_59' title='bbox 3050 1199 3379 1262; x_wconf 90' lang='lat' dir='ltr'><strong>nunquam</strong></span> <span class='ocrx_word' id='word_1_60' title='bbox 3434 1186 3643 1242; x_wconf 89' lang='lat' dir='ltr'><strong>motus</strong></span> <span class='ocrx_word' id='word_1_61' title='bbox 3694 1186 3789 1240; x_wconf 89' lang='lat' dir='ltr'><strong>est</strong></span> <span class='ocrx_word' id='word_1_62' title='bbox 3842 1177 3927 1239; x_wconf 91' lang='lat' dir='ltr'><strong>ad</strong></span> 
     </span>
     <span class='ocr_line' id='line_1_8' title="bbox 2420 1276 3925 1361; baseline -0.002 -21"><span class='ocrx_word' id='word_1_63' title='bbox 2420 1280 2700 1361; x_wconf 84' lang='lat' dir='ltr'><strong>aliquam</strong></span> <span class='ocrx_word' id='word_1_64' title='bbox 2737 1279 2959 1341; x_wconf 85' lang='lat' dir='ltr'><strong>saltem</strong></span> <span class='ocrx_word' id='word_1_65' title='bbox 2994 1279 3381 1342; x_wconf 88' lang='lat' dir='ltr'><strong>levissimam</strong></span> <span class='ocrx_word' id='word_1_66' title='bbox 3420 1276 3925 1358; x_wconf 79' lang='lat' dir='ltr'><strong>indignationem</strong></span> 
     </span>
     <span class='ocr_line' id='line_1_9' title="bbox 2422 1374 3921 1459; baseline -0.002 -20"><span class='ocrx_word' id='word_1_67' title='bbox 2422 1397 2499 1439; x_wconf 88' lang='lat' dir='ltr'><strong>ex</strong></span> <span class='ocrx_word' id='word_1_68' title='bbox 2542 1378 2947 1440; x_wconf 89' lang='lat' dir='ltr'><strong>contumeliis</strong></span> <span class='ocrx_word' id='word_1_69' title='bbox 2996 1386 3107 1440; x_wconf 76' lang='lat' dir='ltr'><strong>aut.</strong></span> <span class='ocrx_word' id='word_1_70' title='bbox 3153 1376 3491 1459; x_wconf 85' lang='lat' dir='ltr'><strong>suppliciis</strong></span> <span class='ocrx_word' id='word_1_71' title='bbox 3536 1374 3660 1437; x_wconf 89' lang='lat' dir='ltr'><strong>sibi</strong></span> <span class='ocrx_word' id='word_1_72' title='bbox 3701 1375 3921 1449; x_wconf 77' lang='lat' dir='ltr'><strong>illatis,</strong></span> 
     </span>
     <span class='ocr_line' id='line_1_10' title="bbox 2422 1474 3925 1558; baseline -0.002 -21"><span class='ocrx_word' id='word_1_73' title='bbox 2422 1477 2725 1557; x_wconf 85' lang='lat' dir='ltr'><strong>quoniam</strong></span> <span class='ocrx_word' id='word_1_74' title='bbox 2768 1476 2834 1538; x_wconf 90' lang='lat' dir='ltr'><strong>in</strong></span> <span class='ocrx_word' id='word_1_75' title='bbox 2879 1475 3166 1558; x_wconf 88' lang='lat' dir='ltr'><strong>patibulo</strong></span> <span class='ocrx_word' id='word_1_76' title='bbox 3207 1475 3377 1537; x_wconf 89' lang='lat' dir='ltr'><strong>fixus</strong></span> <span class='ocrx_word' id='word_1_77' title='bbox 3422 1474 3925 1537; x_wconf 80' lang='lat' dir='ltr'><strong>misericorditer</strong></span> 
     </span>
    </p>
   </div>
   <div class='ocr_carea' id='block_1_3' title="bbox 1223 1233 1898 1297">
    <p class='ocr_par' dir='ltr' id='par_1_3' title="bbox 1223 1233 1898 1297">
     <span class='ocr_line' id='line_1_11' title="bbox 1223 1233 1898 1297; baseline -0.003 0"><span class='ocrx_word' id='word_1_78' title='bbox 1223 1233 1728 1297; x_wconf 89' lang='lat' dir='ltr'><strong>CAPITULUM</strong></span> <span class='ocrx_word' id='word_1_79' title='bbox 1778 1233 1898 1296; x_wconf 88' lang='lat' dir='ltr'><strong>XI.</strong></span> 
     </span>
    </p>
   </div>
   <div class='ocr_carea' id='block_1_4' title="bbox 868 1387 2261 1549">
    <p class='ocr_par' dir='ltr' id='par_1_4' title="bbox 868 1387 2261 1549">
     <span class='ocr_line' id='line_1_12' title="bbox 868 1387 2261 1459; baseline -0.001 -15"><span class='ocrx_word' id='word_1_80' title='bbox 868 1388 1038 1454; x_wconf 84' lang='lat' dir='ltr'><strong>Quod</strong></span> <span class='ocrx_word' id='word_1_81' title='bbox 1067 1388 1230 1443; x_wconf 76' lang='lat' dir='ltr'><strong>solus</strong></span> <span class='ocrx_word' id='word_1_82' title='bbox 1261 1389 1461 1444; x_wconf 79' lang='lat' dir='ltr'><strong>Filius</strong></span> <span class='ocrx_word' id='word_1_83' title='bbox 1489 1389 1602 1444; x_wconf 80' lang='lat' dir='ltr'><strong>Dei</strong></span> <span class='ocrx_word' id='word_1_84' title='bbox 1632 1393 1896 1443; x_wconf 75' lang='lat' dir='ltr'><strong>tentatus</strong></span> <span class='ocrx_word' id='word_1_85' title='bbox 1923 1388 2007 1441; x_wconf 81' lang='lat' dir='ltr'><strong>sit</strong></span> <span class='ocrx_word' id='word_1_86' title='bbox 2033 1387 2261 1459; x_wconf 81' lang='lat' dir='ltr'><strong>absque</strong></span> 
     </span>
     <span class='ocr_line' id='line_1_13' title="bbox 1115 1477 2008 1549; baseline -0.003 -16"><span class='ocrx_word' id='word_1_87' title='bbox 1115 1478 1279 1533; x_wconf 83' lang='lat' dir='ltr'><strong>omni</strong></span> <span class='ocrx_word' id='word_1_88' title='bbox 1307 1477 1730 1533; x_wconf 77' lang='lat' dir='ltr'><strong>vulneratione</strong></span> <span class='ocrx_word' id='word_1_89' title='bbox 1751 1478 2008 1549; x_wconf 77' lang='lat' dir='ltr'><strong>peccati.</strong></span> 
     </span>
    </p>
   </div>
   <div class='ocr_carea' id='block_1_5' title="bbox 685 2841 771 2880">
    <p class='ocr_par' dir='ltr' id='par_1_5' title="bbox 685 2841 771 2880">
     <span class='ocr_line' id='line_1_14' title="bbox 685 2841 771 2880; baseline 0.023 -12"><span class='ocrx_word' id='word_1_90' title='bbox 685 2841 771 2880; x_wconf 73' lang='lat' dir='ltr'><strong>iiiii</strong></span> 
     </span>
    </p>
   </div>
   <div class='ocr_carea' id='block_1_6' title="bbox 505 3549 774 3720">
    <p class='ocr_par' dir='ltr' id='par_1_6' title="bbox 505 3549 774 3720">
     <span class='ocr_line' id='line_1_15' title="bbox 527 3549 774 3598; baseline -0.004 -5"><span class='ocrx_word' id='word_1_91' title='bbox 527 3549 704 3593; x_wconf 68' lang='lat' dir='ltr'><strong>Manli.</strong></span> <span class='ocrx_word' id='word_1_92' title='bbox 718 3563 774 3598; x_wconf 81' lang='lat' dir='ltr'><strong>iv,</strong></span> 
     </span>
     <span class='ocr_line' id='line_1_16' title="bbox 505 3613 770 3666; baseline -0.004 -11"><span class='ocrx_word' id='word_1_93' title='bbox 505 3617 546 3666; x_wconf 88' lang='grc'><strong>7;</strong></span> <span class='ocrx_word' id='word_1_94' title='bbox 563 3613 697 3656; x_wconf 72' lang='lat' dir='ltr'><strong>Dent.</strong></span> <span class='ocrx_word' id='word_1_95' title='bbox 715 3626 770 3661; x_wconf 77' lang='lat' dir='ltr'><strong>vi,</strong></span> 
     </span>
     <span class='ocr_line' id='line_1_17' title="bbox 509 3681 573 3720; baseline 0 0"><span class='ocrx_word' id='word_1_96' title='bbox 509 3681 573 3720; x_wconf 74' lang='lat' dir='ltr'><strong>m.</strong></span> 
     </span>
    </p>
   </div>
   <div class='ocr_carea' id='block_1_7' title="bbox 507 4133 773 4250">
    <p class='ocr_par' dir='ltr' id='par_1_7' title="bbox 507 4133 773 4250">
     <span class='ocr_line' id='line_1_18' title="bbox 519 4133 770 4184; baseline 0.004 -8"><span class='ocrx_word' id='word_1_97' title='bbox 519 4133 696 4178; x_wconf 65' lang='lat' dir='ltr'><strong>Manli.</strong></span> <span class='ocrx_word' id='word_1_98' title='bbox 714 4148 770 4184; x_wconf 79' lang='lat' dir='ltr'><strong>tv,</strong></span> 
     </span>
     <span class='ocr_line' id='line_1_19' title="bbox 507 4197 773 4250; baseline 0.011 -12"><span class='ocrx_word' id='word_1_99' title='bbox 507 4199 572 4248; x_wconf 72' lang='lat'><strong>103</strong></span> <span class='ocrx_word' id='word_1_100' title='bbox 583 4197 773 4250; x_wconf 61' lang='lat' dir='ltr'><strong>venam,</strong></span> 
     </span>
    </p>
   </div>
   <div class='ocr_carea' id='block_1_8' title="bbox 518 1573 4282 2147">
    <p class='ocr_par' dir='ltr' id='par_1_8' title="bbox 518 1573 4282 2147">
     <span class='ocr_line' id='line_1_20' title="bbox 2420 1573 4282 1655; baseline -0.002 -20"><span class='ocrx_word' id='word_1_101' title='bbox 2420 1574 2703 1637; x_wconf 85' lang='lat' dir='ltr'><strong>exoravit</strong></span> <span class='ocrx_word' id='word_1_102' title='bbox 2752 1594 2765 1637; x_wconf 92' lang='lat'>:</span> <span class='ocrx_word' id='word_1_103' title='bbox 2810 1575 3010 1648; x_wconf 88' lang='lat' dir='ltr'><strong>Pater,</strong></span> <span class='ocrx_word' id='word_1_104' title='bbox 3057 1575 3313 1655; x_wconf 84' lang='lat' dir='ltr'><strong>ignosce</strong></span> <span class='ocrx_word' id='word_1_105' title='bbox 3363 1573 3512 1646; x_wconf 83' lang='lat' dir='ltr'><strong>illis,</strong></span> <span class='ocrx_word' id='word_1_106' title='bbox 3564 1590 3691 1634; x_wconf 91' lang='lat' dir='ltr'><strong>non</strong></span> <span class='ocrx_word' id='word_1_107' title='bbox 3741 1573 3919 1634; x_wconf 90' lang='lat' dir='ltr'><strong>enim</strong></span> <span class='ocrx_word' id='word_1_108' title='bbox 3992 1587 4282 1632; x_wconf 48' lang='lat' dir='ltr'><strong>Lucam..</strong></span> 
     </span>
     <span class='ocr_line' id='line_1_21' title="bbox 561 1652 4042 1754; baseline -0.001 -19"><span class='ocrx_word' id='word_1_109' title='bbox 561 1680 778 1732; x_wconf 68' lang='lat' dir='ltr'><strong>Febr-tv.</strong></span> <span class='ocrx_word' id='word_1_110' title='bbox 939 1673 1291 1736; x_wconf 81' lang='lat' dir='ltr'>ENTATUS</span> <span class='ocrx_word' id='word_1_111' title='bbox 1340 1681 1435 1736; x_wconf 92' lang='lat' dir='ltr'><strong>est</strong></span> <span class='ocrx_word' id='word_1_112' title='bbox 1481 1683 1693 1736; x_wconf 89' lang='lat' dir='ltr'><strong>autem</strong></span> <span class='ocrx_word' id='word_1_113' title='bbox 1746 1673 2032 1736; x_wconf 86' lang='lat' dir='ltr'><strong>Christus</strong></span> <span class='ocrx_word' id='word_1_114' title='bbox 2086 1693 2310 1736; x_wconf 90' lang='lat' dir='ltr'><strong>secun·</strong></span> <span class='ocrx_word' id='word_1_115' title='bbox 2420 1673 2632 1734; x_wconf 89' lang='lat' dir='ltr'><strong>sciunt</strong></span> <span class='ocrx_word' id='word_1_116' title='bbox 2673 1673 2827 1754; x_wconf 89' lang='lat' dir='ltr'><strong>quid</strong></span> <span class='ocrx_word' id='word_1_117' title='bbox 2872 1672 3132 1735; x_wconf 88' lang='lat' dir='ltr'><strong>faciunt.</strong></span> <span class='ocrx_word' id='word_1_118' title='bbox 3954 1652 4042 1692; x_wconf 70' lang='lat'><strong>³⁴·</strong></span> 
     </span>
     <span class='ocr_line' id='line_1_22' title="bbox 518 1746 2308 1853; baseline 0.001 -20"><span class='ocrx_word' id='word_1_119' title='bbox 518 1746 583 1786; x_wconf 76' lang='lat'><strong>¹⁵⁹</strong></span> <span class='ocrx_word' id='word_1_120' title='bbox 961 1771 1112 1833; x_wconf 91' lang='lat' dir='ltr'><strong>dum</strong></span> <span class='ocrx_word' id='word_1_121' title='bbox 1147 1771 1632 1833; x_wconf 89' lang='lat' dir='ltr'><strong>similitudinem</strong></span> <span class='ocrx_word' id='word_1_122' title='bbox 1664 1779 1966 1841; x_wconf 91' lang='lat' dir='ltr'><strong>nostram,</strong></span> <span class='ocrx_word' id='word_1_123' title='bbox 1993 1772 2201 1853; x_wconf 91' lang='lat' dir='ltr'><strong>primo</strong></span> <span class='ocrx_word' id='word_1_124' title='bbox 2231 1773 2308 1834; x_wconf 89' lang='lat' dir='ltr'><strong>de</strong></span> 
     </span>
     <span class='ocr_line' id='line_1_23' title="bbox 811 1868 2392 1933; baseline 0.002 -3"><span class='ocrx_word' id='word_1_125' title='bbox 811 1868 968 1930; x_wconf 90' lang='lat' dir='ltr'><strong>vitio</strong></span> <span class='ocrx_word' id='word_1_126' title='bbox 1069 1868 1190 1930; x_wconf 80' lang='lat' dir='ltr'><strong>ulae</strong></span> <span class='ocrx_word' id='word_1_127' title='bbox 1274 1868 1359 1929; x_wconf 88' lang='lat' dir='ltr'><strong>ita</strong></span> <span class='ocrx_word' id='word_1_128' title='bbox 1423 1876 1494 1930; x_wconf 91' lang='lat' dir='ltr'><strong>ut</strong></span> <span class='ocrx_word' id='word_1_129' title='bbox 1552 1869 1819 1931; x_wconf 87' lang='lat' dir='ltr'><strong>callidus</strong></span> <span class='ocrx_word' id='word_1_130' title='bbox 1879 1869 1985 1930; x_wconf 89' lang='lat' dir='ltr'><strong>ille</strong></span> <span class='ocrx_word' id='word_1_131' title='bbox 2044 1887 2146 1930; x_wconf 91' lang='lat' dir='ltr'><strong>ser</strong></span> <span class='ocrx_word' id='word_1_132' title='bbox 2194 1887 2306 1930; x_wconf 89' lang='lat' dir='ltr'><strong>ens</strong></span> <span class='ocrx_word' id='word_1_133' title='bbox 2345 1872 2392 1933; x_wconf 93' lang='lat' dir='ltr'><strong>B</strong></span> 
     </span>
     <span class='ocr_line' id='line_1_24' title="bbox 811 1887 3528 2030; baseline -0 -2"><span class='ocrx_word' id='word_1_134' title='bbox 811 1887 1146 2028; x_wconf 71' lang='lat' dir='ltr'><strong>conaregtur</strong></span> <span class='ocrx_word' id='word_1_135' title='bbox 1192 1915 1252 2028; x_wconf 70' lang='lat' dir='ltr'><strong>ei</strong></span> <span class='ocrx_word' id='word_1_136' title='bbox 1304 1968 1608 2030; x_wconf 85' lang='lat' dir='ltr'><strong>esurienti</strong></span> <span class='ocrx_word' id='word_1_137' title='bbox 1668 1968 1934 2029; x_wconf 88' lang='lat' dir='ltr'><strong>illudere</strong></span> <span class='ocrx_word' id='word_1_138' title='bbox 1992 1890 2309 2030; x_wconf 57' lang='grc' dir='ltr'>(ἰθείἕονίο</span> <span class='ocrx_word' id='word_1_139' title='bbox 2804 1918 3308 1982; x_wconf 72' lang='lat' dir='ltr'><strong>CAPITULUM</strong></span> <span class='ocrx_word' id='word_1_140' title='bbox 3374 1918 3528 1981; x_wconf 73' lang='lat' dir='ltr'><strong>XII·</strong></span> 
     </span>
     <span class='ocr_line' id='line_1_25' title="bbox 528 2066 3870 2147; baseline 0.001 -21"><span class='ocrx_word' id='word_1_141' title='bbox 528 2077 770 2127; x_wconf 57' lang='lat' dir='ltr'><strong>Genauam</strong></span> <span class='ocrx_word' id='word_1_142' title='bbox 810 2084 970 2128; x_wconf 86' lang='lat' dir='ltr'><strong>escae</strong></span> <span class='ocrx_word' id='word_1_143' title='bbox 999 2084 1076 2127; x_wconf 92' lang='lat' dir='ltr'><strong>eo</strong></span> <span class='ocrx_word' id='word_1_144' title='bbox 1103 2066 1326 2128; x_wconf 89' lang='lat' dir='ltr'><strong>ordine</strong></span> <span class='ocrx_word' id='word_1_145' title='bbox 1359 2084 1485 2147; x_wconf 91' lang='lat' dir='ltr'><strong>quo</strong></span> <span class='ocrx_word' id='word_1_146' title='bbox 1514 2073 1660 2128; x_wconf 87' lang='lat' dir='ltr'><strong>ante</strong></span> <span class='ocrx_word' id='word_1_147' title='bbox 1690 2066 2026 2127; x_wconf 85' lang='lat' dir='ltr'><strong>seduxerat</strong></span> <span class='ocrx_word' id='word_1_148' title='bbox 2055 2066 2252 2127; x_wconf 84' lang='lat' dir='ltr'><strong>Adam</strong></span> <span class='ocrx_word' id='word_1_149' title='bbox 2288 2083 2301 2128; x_wconf 91' lang='lat'>:</span> <span class='ocrx_word' id='word_1_150' title='bbox 2474 2076 2645 2143; x_wconf 84' lang='lat' dir='ltr'><strong>Quod</strong></span> <span class='ocrx_word' id='word_1_151' title='bbox 2682 2075 2844 2132; x_wconf 76' lang='lat' dir='ltr'><strong>solus</strong></span> <span class='ocrx_word' id='word_1_152' title='bbox 2883 2075 3162 2130; x_wconf 75' lang='lat' dir='ltr'><strong>Christus</strong></span> <span class='ocrx_word' id='word_1_153' title='bbox 3200 2075 3433 2130; x_wconf 82' lang='lat' dir='ltr'><strong>venerit</strong></span> <span class='ocrx_word' id='word_1_154' title='bbox 3470 2074 3539 2129; x_wconf 79' lang='lat' dir='ltr'><strong>in</strong></span> <span class='ocrx_word' id='word_1_155' title='bbox 3576 2073 3870 2128; x_wconf 74' lang='lat' dir='ltr'><strong>similitu-</strong></span> 
     </span>
    </p>
   </div>
   <div class='ocr_carea' id='block_1_9' title="bbox 802 2163 2305 3030">
    <p class='ocr_par' dir='ltr' id='par_1_9' title="bbox 802 2163 2305 3030">
     <span class='ocr_line' id='line_1_26' title="bbox 811 2163 2305 2246; baseline 0.001 -21"><span class='ocrx_word' id='word_1_156' title='bbox 811 2163 874 2226; x_wconf 85' lang='lat' dir='ltr'><strong>Si</strong></span> <span class='ocrx_word' id='word_1_157' title='bbox 917 2163 1114 2225; x_wconf 89' lang='lat' dir='ltr'><strong>Filius</strong></span> <span class='ocrx_word' id='word_1_158' title='bbox 1159 2165 1268 2225; x_wconf 90' lang='lat' dir='ltr'><strong>Dei</strong></span> <span class='ocrx_word' id='word_1_159' title='bbox 1313 2183 1402 2238; x_wconf 81' lang='lat' dir='ltr'><strong>eS,</strong></span> <span class='ocrx_word' id='word_1_160' title='bbox 1448 2164 1765 2246; x_wconf 82' lang='lat' dir='ltr'><strong>inquienS,</strong></span> <span class='ocrx_word' id='word_1_161' title='bbox 1810 2164 1914 2226; x_wconf 91' lang='lat' dir='ltr'><strong>dic</strong></span> <span class='ocrx_word' id='word_1_162' title='bbox 1955 2172 2024 2225; x_wconf 90' lang='lat' dir='ltr'><strong>ut</strong></span> <span class='ocrx_word' id='word_1_163' title='bbox 2061 2163 2305 2246; x_wconf 91' lang='lat' dir='ltr'><strong>lapides</strong></span> 
     </span>
     <span class='ocr_line' id='line_1_27' title="bbox 808 2261 2305 2344; baseline 0.001 -21"><span class='ocrx_word' id='word_1_164' title='bbox 808 2262 914 2324; x_wconf 92' lang='lat' dir='ltr'><strong>isti</strong></span> <span class='ocrx_word' id='word_1_165' title='bbox 946 2281 1139 2343; x_wconf 88' lang='lat' dir='ltr'><strong>panes</strong></span> <span class='ocrx_word' id='word_1_166' title='bbox 1171 2261 1346 2324; x_wconf 89' lang='lat' dir='ltr'><strong>fiant.</strong></span> <span class='ocrx_word' id='word_1_167' title='bbox 1384 2262 1504 2324; x_wconf 91' lang='lat' dir='ltr'><strong>Sed</strong></span> <span class='ocrx_word' id='word_1_168' title='bbox 1537 2263 1672 2344; x_wconf 89' lang='lat' dir='ltr'><strong>ipse</strong></span> <span class='ocrx_word' id='word_1_169' title='bbox 1703 2281 1779 2324; x_wconf 88' lang='lat' dir='ltr'><strong>ex</strong></span> <span class='ocrx_word' id='word_1_170' title='bbox 1810 2263 1928 2324; x_wconf 88' lang='lat' dir='ltr'><strong>hac</strong></span> <span class='ocrx_word' id='word_1_171' title='bbox 1960 2262 2305 2324; x_wconf 74' lang='lat' dir='ltr'><strong>tentatione</strong></span> 
     </span>
     <span class='ocr_line' id='line_1_28' title="bbox 807 2359 2305 2442; baseline 0.001 -22"><span class='ocrx_word' id='word_1_172' title='bbox 807 2359 1057 2421; x_wconf 91' lang='lat' dir='ltr'><strong>nullum</strong></span> <span class='ocrx_word' id='word_1_173' title='bbox 1091 2359 1358 2421; x_wconf 89' lang='lat' dir='ltr'><strong>incurrit</strong></span> <span class='ocrx_word' id='word_1_174' title='bbox 1389 2368 1743 2441; x_wconf 85' lang='lat' dir='ltr'><strong>peccatum,</strong></span> <span class='ocrx_word' id='word_1_175' title='bbox 1763 2378 2090 2442; x_wconf 90' lang='lat' dir='ltr'><strong>quumque</strong></span> <span class='ocrx_word' id='word_1_176' title='bbox 2121 2360 2178 2421; x_wconf 91' lang='lat' dir='ltr'><strong>ei</strong></span> <span class='ocrx_word' id='word_1_177' title='bbox 2214 2361 2305 2421; x_wconf 91' lang='lat' dir='ltr'><strong>in-</strong></span> 
     </span>
     <span class='ocr_line' id='line_1_29' title="bbox 808 2456 2301 2539; baseline 0.001 -21"><span class='ocrx_word' id='word_1_178' title='bbox 808 2456 1095 2519; x_wconf 89' lang='lat' dir='ltr'><strong>dubitata</strong></span> <span class='ocrx_word' id='word_1_179' title='bbox 1147 2456 1413 2519; x_wconf 83' lang='lat' dir='ltr'><strong>facultas</strong></span> <span class='ocrx_word' id='word_1_180' title='bbox 1473 2465 1839 2539; x_wconf 87' lang='lat' dir='ltr'><strong>suppeteret</strong></span> <span class='ocrx_word' id='word_1_181' title='bbox 1891 2459 2301 2520; x_wconf 86' lang='lat' dir='ltr'><strong>convertendi</strong></span> 
     </span>
     <span class='ocr_line' id='line_1_30' title="bbox 805 2555 2304 2637; baseline 0 -21"><span class='ocrx_word' id='word_1_182' title='bbox 805 2573 955 2616; x_wconf 85' lang='lat' dir='ltr'><strong>saxa</strong></span> <span class='ocrx_word' id='word_1_183' title='bbox 1004 2555 1070 2616; x_wconf 90' lang='lat' dir='ltr'><strong>in</strong></span> <span class='ocrx_word' id='word_1_184' title='bbox 1118 2573 1337 2636; x_wconf 83' lang='lat' dir='ltr'><strong>paneS‚</strong></span> <span class='ocrx_word' id='word_1_185' title='bbox 1389 2555 1634 2636; x_wconf 90' lang='lat' dir='ltr'><strong>respuit</strong></span> <span class='ocrx_word' id='word_1_186' title='bbox 1684 2555 1901 2617; x_wconf 89' lang='lat' dir='ltr'><strong>cibum</strong></span> <span class='ocrx_word' id='word_1_187' title='bbox 1959 2574 2151 2637; x_wconf 89' lang='lat' dir='ltr'><strong>quem</strong></span> <span class='ocrx_word' id='word_1_188' title='bbox 2210 2574 2304 2618; x_wconf 86' lang='lat' dir='ltr'><strong>ar-</strong></span> 
     </span>
     <span class='ocr_line' id='line_1_31' title="bbox 805 2653 2305 2734; baseline 0.001 -20"><span class='ocrx_word' id='word_1_189' title='bbox 805 2653 962 2715; x_wconf 86' lang='lat' dir='ltr'><strong>tifex</strong></span> <span class='ocrx_word' id='word_1_190' title='bbox 1002 2653 1452 2734; x_wconf 86' lang='lat' dir='ltr'><strong>deceptionum</strong></span> <span class='ocrx_word' id='word_1_191' title='bbox 1492 2655 1845 2734; x_wconf 88' lang='lat' dir='ltr'><strong>proposuit,</strong></span> <span class='ocrx_word' id='word_1_192' title='bbox 1879 2655 2172 2716; x_wconf 85' lang='lat' dir='ltr'><strong>tentatori</strong></span> <span class='ocrx_word' id='word_1_193' title='bbox 2211 2672 2305 2715; x_wconf 89' lang='lat' dir='ltr'><strong>re-</strong></span> 
     </span>
     <span class='ocr_line' id='line_1_32' title="bbox 803 2751 2297 2833; baseline 0 -19"><span class='ocrx_word' id='word_1_194' title='bbox 803 2752 1122 2833; x_wconf 88' lang='lat' dir='ltr'><strong>spondens</strong></span> <span class='ocrx_word' id='word_1_195' title='bbox 1159 2769 1173 2812; x_wconf 89' lang='lat'>:</span> <span class='ocrx_word' id='word_1_196' title='bbox 1208 2751 1344 2813; x_wconf 88' lang='lat' dir='ltr'><strong>Non</strong></span> <span class='ocrx_word' id='word_1_197' title='bbox 1390 2751 1455 2812; x_wconf 91' lang='lat' dir='ltr'><strong>in</strong></span> <span class='ocrx_word' id='word_1_198' title='bbox 1501 2752 1636 2814; x_wconf 92' lang='lat' dir='ltr'><strong>solo</strong></span> <span class='ocrx_word' id='word_1_199' title='bbox 1678 2770 1841 2833; x_wconf 90' lang='lat' dir='ltr'><strong>pane</strong></span> <span class='ocrx_word' id='word_1_200' title='bbox 1882 2752 2042 2813; x_wconf 85' lang='lat' dir='ltr'><strong>vivit</strong></span> <span class='ocrx_word' id='word_1_201' title='bbox 2083 2752 2297 2828; x_wconf 82' lang='lat' dir='ltr'><strong>home,</strong></span> 
     </span>
     <span class='ocr_line' id='line_1_33' title="bbox 802 2848 2299 2932; baseline 0.001 -21"><span class='ocrx_word' id='word_1_202' title='bbox 802 2851 915 2912; x_wconf 90' lang='lat' dir='ltr'><strong>sed</strong></span> <span class='ocrx_word' id='word_1_203' title='bbox 964 2850 1027 2912; x_wconf 93' lang='lat' dir='ltr'><strong>in</strong></span> <span class='ocrx_word' id='word_1_204' title='bbox 1072 2849 1248 2912; x_wconf 90' lang='lat' dir='ltr'><strong>omni</strong></span> <span class='ocrx_word' id='word_1_205' title='bbox 1287 2848 1484 2912; x_wconf 90' lang='lat' dir='ltr'><strong>verbo</strong></span> <span class='ocrx_word' id='word_1_206' title='bbox 1527 2850 1696 2932; x_wconf 91' lang='lat' dir='ltr'><strong>quod</strong></span> <span class='ocrx_word' id='word_1_207' title='bbox 1747 2851 2030 2932; x_wconf 89' lang='lat' dir='ltr'><strong>procedit</strong></span> <span class='ocrx_word' id='word_1_208' title='bbox 2073 2851 2149 2912; x_wconf 91' lang='lat' dir='ltr'><strong>de</strong></span> <span class='ocrx_word' id='word_1_209' title='bbox 2191 2868 2299 2913; x_wconf 88' lang='lat' dir='ltr'><strong>ore</strong></span> 
     </span>
     <span class='ocr_line' id='line_1_34' title="bbox 803 2949 2301 3030; baseline -0.001 -19"><span class='ocrx_word' id='word_1_210' title='bbox 803 2949 934 3011; x_wconf 90' lang='lat' dir='ltr'><strong>Dei.</strong></span> <span class='ocrx_word' id='word_1_211' title='bbox 982 2950 1248 3030; x_wconf 90' lang='lat' dir='ltr'><strong>Insuper</strong></span> <span class='ocrx_word' id='word_1_212' title='bbox 1297 2957 1574 3010; x_wconf 89' lang='lat' dir='ltr'><strong>tentatus</strong></span> <span class='ocrx_word' id='word_1_213' title='bbox 1621 2957 1716 3010; x_wconf 90' lang='lat' dir='ltr'><strong>est</strong></span> <span class='ocrx_word' id='word_1_214' title='bbox 1764 2951 1842 3012; x_wconf 90' lang='lat' dir='ltr'><strong>de</strong></span> <span class='ocrx_word' id='word_1_215' title='bbox 1891 2949 2090 3030; x_wconf 89' lang='lat' dir='ltr'><strong>gloria</strong></span> <span class='ocrx_word' id='word_1_216' title='bbox 2138 2967 2301 3011; x_wconf 84' lang='lat' dir='ltr'><strong>vana</strong></span> 
     </span>
    </p>
   </div>
   <div class='ocr_carea' id='block_1_10' title="bbox 2805 2165 3527 2237">
    <p class='ocr_par' dir='ltr' id='par_1_10' title="bbox 2805 2165 3527 2237">
     <span class='ocr_line' id='line_1_35' title="bbox 2805 2165 3527 2237; baseline -0.003 -17"><span class='ocrx_word' id='word_1_217' title='bbox 2805 2165 3009 2220; x_wconf 75' lang='lat' dir='ltr'><strong>dinem</strong></span> <span class='ocrx_word' id='word_1_218' title='bbox 3035 2166 3247 2220; x_wconf 81' lang='lat' dir='ltr'><strong>carnis</strong></span> <span class='ocrx_word' id='word_1_219' title='bbox 3267 2165 3527 2237; x_wconf 84' lang='lat' dir='ltr'><strong>peccati.</strong></span> 
     </span>
    </p>
   </div>
   <div class='ocr_carea' id='block_1_11' title="bbox 2414 2359 4273 2934">
    <p class='ocr_par' dir='ltr' id='par_1_11' title="bbox 2414 2359 4273 2934">
     <span class='ocr_line' id='line_1_36' title="bbox 2561 2359 3919 2442; baseline -0.002 -18"><span class='ocrx_word' id='word_1_220' title='bbox 2561 2361 2946 2425; x_wconf 84' lang='lat' dir='ltr'><strong>UALITER</strong></span> <span class='ocrx_word' id='word_1_221' title='bbox 3010 2370 3225 2423; x_wconf 87' lang='lat' dir='ltr'><strong>autem</strong></span> <span class='ocrx_word' id='word_1_222' title='bbox 3295 2359 3685 2442; x_wconf 86' lang='lat' dir='ltr'><strong>intelligetur</strong></span> <span class='ocrx_word' id='word_1_223' title='bbox 3743 2360 3919 2442; x_wconf 87' lang='lat' dir='ltr'><strong>quod</strong></span> 
     </span>
     <span class='ocr_line' id='line_1_37' title="bbox 2423 2359 4273 2560; baseline -0.001 -38"><span class='ocrx_word' id='word_1_224' title='bbox 2423 2359 2552 2560; x_wconf 78' lang='lat' dir='ltr'><strong>Q</strong></span> <span class='ocrx_word' id='word_1_225' title='bbox 2578 2459 2917 2542; x_wconf 88' lang='lat' dir='ltr'><strong>Apostolus</strong></span> <span class='ocrx_word' id='word_1_226' title='bbox 2956 2461 3183 2522; x_wconf 90' lang='lat' dir='ltr'><strong>asserit</strong></span> <span class='ocrx_word' id='word_1_227' title='bbox 3212 2459 3533 2522; x_wconf 87' lang='lat' dir='ltr'><strong>Christum</strong></span> <span class='ocrx_word' id='word_1_228' title='bbox 3563 2459 3816 2521; x_wconf 87' lang='lat' dir='ltr'><strong>venisse</strong></span> <span class='ocrx_word' id='word_1_229' title='bbox 3850 2459 3919 2520; x_wconf 88' lang='lat' dir='ltr'><strong>in</strong></span> <span class='ocrx_word' id='word_1_230' title='bbox 3950 2478 4273 2528; x_wconf 71' lang='lat' dir='ltr'><strong>Rom.vn·‚³.</strong></span> 
     </span>
     <span class='ocr_line' id='line_1_38' title="bbox 2416 2556 3923 2638; baseline -0.001 -18"><span class='ocrx_word' id='word_1_231' title='bbox 2416 2559 2904 2620; x_wconf 89' lang='lat' dir='ltr'><strong>similitudinem</strong></span> <span class='ocrx_word' id='word_1_232' title='bbox 2940 2558 3147 2620; x_wconf 88' lang='lat' dir='ltr'><strong>carnis</strong></span> <span class='ocrx_word' id='word_1_233' title='bbox 3188 2557 3453 2638; x_wconf 84' lang='lat' dir='ltr'><strong>peccati,</strong></span> <span class='ocrx_word' id='word_1_234' title='bbox 3487 2557 3539 2619; x_wconf 92' lang='lat' dir='ltr'><strong>si</strong></span> <span class='ocrx_word' id='word_1_235' title='bbox 3572 2565 3637 2619; x_wconf 89' lang='lat' dir='ltr'><strong>et</strong></span> <span class='ocrx_word' id='word_1_236' title='bbox 3666 2575 3781 2620; x_wconf 93' lang='lat' dir='ltr'><strong>nos</strong></span> <span class='ocrx_word' id='word_1_237' title='bbox 3812 2556 3923 2618; x_wconf 87' lang='lat' dir='ltr'><strong>ha-</strong></span> 
     </span>
     <span class='ocr_line' id='line_1_39' title="bbox 2418 2653 3921 2739; baseline -0.002 -21"><span class='ocrx_word' id='word_1_238' title='bbox 2418 2655 2566 2718; x_wconf 86' lang='lat' dir='ltr'><strong>bere</strong></span> <span class='ocrx_word' id='word_1_239' title='bbox 2616 2674 2957 2739; x_wconf 91' lang='lat' dir='ltr'><strong>possumus</strong></span> <span class='ocrx_word' id='word_1_240' title='bbox 3005 2673 3261 2717; x_wconf 89' lang='lat' dir='ltr'><strong>carnem</strong></span> <span class='ocrx_word' id='word_1_241' title='bbox 3318 2655 3496 2717; x_wconf 86' lang='lat' dir='ltr'><strong>nulla</strong></span> <span class='ocrx_word' id='word_1_242' title='bbox 3543 2654 3733 2736; x_wconf 89' lang='lat' dir='ltr'><strong>culpa</strong></span> <span class='ocrx_word' id='word_1_243' title='bbox 3782 2653 3921 2736; x_wconf 91' lang='lat' dir='ltr'><strong>pol·</strong></span> 
     </span>
     <span class='ocr_line' id='line_1_40' title="bbox 2416 2751 3919 2834; baseline 0 -20"><span class='ocrx_word' id='word_1_244' title='bbox 2416 2753 2669 2816; x_wconf 70' lang='lat' dir='ltr'><strong>lutam?</strong></span> <span class='ocrx_word' id='word_1_245' title='bbox 2718 2753 2872 2816; x_wconf 88' lang='lat' dir='ltr'><strong>Nam</strong></span> <span class='ocrx_word' id='word_1_246' title='bbox 2936 2761 2999 2815; x_wconf 91' lang='lat' dir='ltr'><strong>et</strong></span> <span class='ocrx_word' id='word_1_247' title='bbox 3053 2754 3175 2816; x_wconf 90' lang='lat' dir='ltr'><strong>hoc</strong></span> <span class='ocrx_word' id='word_1_248' title='bbox 3232 2761 3533 2834; x_wconf 83' lang='lat' dir='ltr'><strong>tanquam</strong></span> <span class='ocrx_word' id='word_1_249' title='bbox 3592 2751 3919 2833; x_wconf 87' lang='lat' dir='ltr'><strong>singulare</strong></span> 
     </span>
     <span class='ocr_line' id='line_1_41' title="bbox 2414 2850 3920 2934; baseline -0.002 -20"><span class='ocrx_word' id='word_1_250' title='bbox 2414 2852 2656 2934; x_wconf 89' lang='lat' dir='ltr'><strong>aliquid</strong></span> <span class='ocrx_word' id='word_1_251' title='bbox 2705 2851 2909 2913; x_wconf 84' lang='lat' dir='ltr'><strong>fertur</strong></span> <span class='ocrx_word' id='word_1_252' title='bbox 2952 2852 3028 2914; x_wconf 89' lang='lat' dir='ltr'><strong>de</strong></span> <span class='ocrx_word' id='word_1_253' title='bbox 3075 2852 3214 2933; x_wconf 91' lang='lat' dir='ltr'><strong>ipso</strong></span> <span class='ocrx_word' id='word_1_254' title='bbox 3261 2851 3372 2932; x_wconf 88' lang='lat' dir='ltr'><strong>qui</strong></span> <span class='ocrx_word' id='word_1_255' title='bbox 3422 2850 3595 2913; x_wconf 88' lang='lat' dir='ltr'><strong>solus</strong></span> <span class='ocrx_word' id='word_1_256' title='bbox 3636 2858 3733 2912; x_wconf 90' lang='lat' dir='ltr'><strong>est</strong></span> <span class='ocrx_word' id='word_1_257' title='bbox 3774 2850 3920 2912; x_wconf 86' lang='lat' dir='ltr'><strong>sine</strong></span> 
     </span>
    </p>
   </div>
   <div class='ocr_carea' id='block_1_12' title="bbox 2416 2948 4221 3032">
    <p class='ocr_par' dir='ltr' id='par_1_12' title="bbox 2416 2948 4221 3032">
     <span class='ocr_line' id='line_1_42' title="bbox 2416 2948 4221 3032; baseline -0.001 -20"><span class='ocrx_word' id='word_1_258' title='bbox 2416 2958 2696 3032; x_wconf 85' lang='lat' dir='ltr'><strong>peccato,</strong></span> <span class='ocrx_word' id='word_1_259' title='bbox 2730 2950 2895 3012; x_wconf 85' lang='lat' dir='ltr'><strong>Misit</strong></span> <span class='ocrx_word' id='word_1_260' title='bbox 2924 2951 3090 3012; x_wconf 88' lang='lat' dir='ltr'><strong>Deus</strong></span> <span class='ocrx_word' id='word_1_261' title='bbox 3130 2949 3359 3011; x_wconf 85' lang='lat' dir='ltr'><strong>Filium</strong></span> <span class='ocrx_word' id='word_1_262' title='bbox 3400 2969 3587 3011; x_wconf 92' lang='lat' dir='ltr'><strong>suum</strong></span> <span class='ocrx_word' id='word_1_263' title='bbox 3629 2949 3693 3010; x_wconf 88' lang='lat' dir='ltr'><strong>in</strong></span> <span class='ocrx_word' id='word_1_264' title='bbox 3736 2948 3917 3011; x_wconf 90' lang='lat' dir='ltr'><strong>simi·</strong></span> <span class='ocrx_word' id='word_1_265' title='bbox 3994 2976 4221 3021; x_wconf 53' lang='lat' dir='ltr'><strong>stiam,</strong></span> 
     </span>
    </p>
   </div>
   <div class='ocr_carea' id='block_1_13' title="bbox 802 3047 3916 3130">
    <p class='ocr_par' dir='ltr' id='par_1_13' title="bbox 802 3047 3916 3130">
     <span class='ocr_line' id='line_1_43' title="bbox 802 3047 3916 3130; baseline 0 -22"><span class='ocrx_word' id='word_1_266' title='bbox 802 3047 1156 3108; x_wconf 88' lang='lat' dir='ltr'><strong>secundum</strong></span> <span class='ocrx_word' id='word_1_267' title='bbox 1206 3047 1696 3109; x_wconf 88' lang='lat' dir='ltr'><strong>similitudinem</strong></span> <span class='ocrx_word' id='word_1_268' title='bbox 1744 3056 2047 3122; x_wconf 91' lang='lat' dir='ltr'><strong>nostram,</strong></span> <span class='ocrx_word' id='word_1_269' title='bbox 2098 3067 2297 3129; x_wconf 90' lang='lat' dir='ltr'><strong>quum</strong></span> <span class='ocrx_word' id='word_1_270' title='bbox 2339 3049 2383 3113; x_wconf 91' lang='lat' dir='ltr'>C</span> <span class='ocrx_word' id='word_1_271' title='bbox 2416 3049 2749 3111; x_wconf 89' lang='lat' dir='ltr'><strong>litudinem</strong></span> <span class='ocrx_word' id='word_1_272' title='bbox 2784 3047 2991 3110; x_wconf 91' lang='lat' dir='ltr'><strong>carnis</strong></span> <span class='ocrx_word' id='word_1_273' title='bbox 3032 3047 3275 3130; x_wconf 88' lang='lat' dir='ltr'><strong>peccati</strong></span> <span class='ocrx_word' id='word_1_274' title='bbox 3312 3064 3325 3109; x_wconf 91' lang='lat'>:</span> <span class='ocrx_word' id='word_1_275' title='bbox 3359 3066 3690 3108; x_wconf 89' lang='lat' dir='ltr'><strong>assumens</strong></span> <span class='ocrx_word' id='word_1_276' title='bbox 3735 3065 3916 3108; x_wconf 87' lang='lat' dir='ltr'><strong>nam-</strong></span> 
     </span>
    </p>
   </div>
   <div class='ocr_carea' id='block_1_14' title="bbox 801 3145 2303 4222">
    <p class='ocr_par' dir='ltr' id='par_1_14' title="bbox 801 3145 2303 4222">
     <span class='ocr_line' id='line_1_44' title="bbox 803 3145 2299 3218; baseline 0.001 -12"><span class='ocrx_word' id='word_1_277' title='bbox 803 3145 1046 3206; x_wconf 88' lang='lat' dir='ltr'><strong>dictum</strong></span> <span class='ocrx_word' id='word_1_278' title='bbox 1086 3153 1182 3206; x_wconf 88' lang='lat' dir='ltr'><strong>est</strong></span> <span class='ocrx_word' id='word_1_279' title='bbox 1226 3145 1282 3208; x_wconf 88' lang='lat' dir='ltr'><strong>ei</strong></span> <span class='ocrx_word' id='word_1_280' title='bbox 1329 3165 1342 3208; x_wconf 90' lang='lat'><strong>:</strong></span> <span class='ocrx_word' id='word_1_281' title='bbox 1387 3145 1450 3208; x_wconf 90' lang='lat' dir='ltr'><strong>Si</strong></span> <span class='ocrx_word' id='word_1_282' title='bbox 1497 3145 1692 3207; x_wconf 88' lang='lat' dir='ltr'><strong>Filius</strong></span> <span class='ocrx_word' id='word_1_283' title='bbox 1736 3146 1847 3207; x_wconf 90' lang='lat' dir='ltr'><strong>Dei</strong></span> <span class='ocrx_word' id='word_1_284' title='bbox 1889 3165 1978 3218; x_wconf 84' lang='lat' dir='ltr'><strong>eS‚</strong></span> <span class='ocrx_word' id='word_1_285' title='bbox 2014 3147 2195 3208; x_wconf 90' lang='lat' dir='ltr'><strong>mitte</strong></span> <span class='ocrx_word' id='word_1_286' title='bbox 2239 3155 2299 3208; x_wconf 89' lang='lat' dir='ltr'><strong>tc</strong></span> 
     </span>
     <span class='ocr_line' id='line_1_45' title="bbox 803 3243 2300 3324; baseline -0.001 -18"><span class='ocrx_word' id='word_1_287' title='bbox 803 3244 1119 3306; x_wconf 88' lang='lat' dir='ltr'><strong>deorsum.</strong></span> <span class='ocrx_word' id='word_1_288' title='bbox 1156 3243 1276 3305; x_wconf 91' lang='lat' dir='ltr'><strong>Sed</strong></span> <span class='ocrx_word' id='word_1_289' title='bbox 1317 3253 1538 3324; x_wconf 88' lang='lat' dir='ltr'><strong>captus</strong></span> <span class='ocrx_word' id='word_1_290' title='bbox 1580 3262 1706 3306; x_wconf 91' lang='lat' dir='ltr'><strong>non</strong></span> <span class='ocrx_word' id='word_1_291' title='bbox 1745 3251 1840 3305; x_wconf 90' lang='lat' dir='ltr'><strong>est</strong></span> <span class='ocrx_word' id='word_1_292' title='bbox 1878 3244 2144 3306; x_wconf 92' lang='lat' dir='ltr'><strong>subdola</strong></span> <span class='ocrx_word' id='word_1_293' title='bbox 2184 3244 2300 3305; x_wconf 85' lang='lat' dir='ltr'><strong>hac</strong></span> 
     </span>
     <span class='ocr_line' id='line_1_46' title="bbox 803 3341 2301 3422; baseline 0.001 -20"><span class='ocrx_word' id='word_1_294' title='bbox 803 3341 1204 3422; x_wconf 87' lang='lat' dir='ltr'><strong>suggestione</strong></span> <span class='ocrx_word' id='word_1_295' title='bbox 1253 3341 1512 3416; x_wconf 92' lang='lat' dir='ltr'><strong>diaboli,</strong></span> <span class='ocrx_word' id='word_1_296' title='bbox 1561 3342 1690 3404; x_wconf 92' lang='lat' dir='ltr'><strong>imo</strong></span> <span class='ocrx_word' id='word_1_297' title='bbox 1738 3343 2158 3404; x_wconf 90' lang='lat' dir='ltr'><strong>vanissimum</strong></span> <span class='ocrx_word' id='word_1_298' title='bbox 2210 3361 2301 3404; x_wconf 92' lang='lat' dir='ltr'><strong>se-</strong></span> 
     </span>
     <span class='ocr_line' id='line_1_47' title="bbox 803 3439 2303 3503; baseline 0.001 -2"><span class='ocrx_word' id='word_1_299' title='bbox 803 3439 1124 3501; x_wconf 86' lang='lat' dir='ltr'><strong>ductorem</strong></span> <span class='ocrx_word' id='word_1_300' title='bbox 1154 3439 1499 3501; x_wconf 79' lang='lat' dir='ltr'><strong>confutavit</strong></span> <span class='ocrx_word' id='word_1_301' title='bbox 1527 3441 1892 3502; x_wconf 86' lang='lat' dir='ltr'><strong>auctoritate</strong></span> <span class='ocrx_word' id='word_1_302' title='bbox 1921 3460 2113 3503; x_wconf 84' lang='lat' dir='ltr'><strong>sacrae</strong></span> <span class='ocrx_word' id='word_1_303' title='bbox 2143 3441 2303 3503; x_wconf 91' lang='lat' dir='ltr'><strong>Scri·</strong></span> 
     </span>
     <span class='ocr_line' id='line_1_48' title="bbox 804 3537 2297 3619; baseline 0.001 -21"><span class='ocrx_word' id='word_1_304' title='bbox 804 3546 1027 3619; x_wconf 81' lang='lat' dir='ltr'><strong>pturae,</strong></span> <span class='ocrx_word' id='word_1_305' title='bbox 1072 3538 1341 3600; x_wconf 89' lang='lat' dir='ltr'><strong>dicendo</strong></span> <span class='ocrx_word' id='word_1_306' title='bbox 1388 3555 1402 3598; x_wconf 72' lang='grc' dir='ltr'>ε</span> <span class='ocrx_word' id='word_1_307' title='bbox 1449 3538 1584 3600; x_wconf 88' lang='lat' dir='ltr'><strong>Non</strong></span> <span class='ocrx_word' id='word_1_308' title='bbox 1633 3537 1906 3600; x_wconf 85' lang='lat' dir='ltr'><strong>tentabis</strong></span> <span class='ocrx_word' id='word_1_309' title='bbox 1955 3539 2297 3602; x_wconf 90' lang='lat' dir='ltr'><strong>Dominum</strong></span> 
     </span>
     <span class='ocr_line' id='line_1_49' title="bbox 805 3636 2301 3717; baseline 0.001 -21"><span class='ocrx_word' id='word_1_310' title='bbox 805 3636 1004 3697; x_wconf 90' lang='lat' dir='ltr'><strong>Deum</strong></span> <span class='ocrx_word' id='word_1_311' title='bbox 1055 3642 1256 3696; x_wconf 90' lang='lat' dir='ltr'><strong>tuum.</strong></span> <span class='ocrx_word' id='word_1_312' title='bbox 1311 3636 1609 3697; x_wconf 88' lang='lat' dir='ltr'><strong>Tentatus</strong></span> <span class='ocrx_word' id='word_1_313' title='bbox 1668 3643 1763 3696; x_wconf 91' lang='lat' dir='ltr'><strong>est</strong></span> <span class='ocrx_word' id='word_1_314' title='bbox 1811 3654 2064 3717; x_wconf 90' lang='lat' dir='ltr'><strong>quoque</strong></span> <span class='ocrx_word' id='word_1_315' title='bbox 2119 3637 2301 3717; x_wconf 88' lang='lat' dir='ltr'><strong>juxta</strong></span> 
     </span>
     <span class='ocr_line' id='line_1_50' title="bbox 803 3734 2295 3816; baseline 0.001 -20"><span class='ocrx_word' id='word_1_316' title='bbox 803 3734 1292 3797; x_wconf 81' lang='lat' dir='ltr'><strong>similitudinem</strong></span> <span class='ocrx_word' id='word_1_317' title='bbox 1343 3741 1624 3796; x_wconf 89' lang='lat' dir='ltr'><strong>nostram</strong></span> <span class='ocrx_word' id='word_1_318' title='bbox 1667 3741 1914 3796; x_wconf 87' lang='lat' dir='ltr'><strong>tumore</strong></span> <span class='ocrx_word' id='word_1_319' title='bbox 1959 3735 2295 3816; x_wconf 79' lang='lat' dir='ltr'><strong>superbiae,</strong></span> 
     </span>
     <span class='ocr_line' id='line_1_51' title="bbox 801 3833 2301 3915; baseline 0.001 -21"><span class='ocrx_word' id='word_1_320' title='bbox 801 3835 1055 3915; x_wconf 86' lang='lat' dir='ltr'><strong>quando</strong></span> <span class='ocrx_word' id='word_1_321' title='bbox 1095 3833 1385 3896; x_wconf 87' lang='lat' dir='ltr'><strong>diabolus</strong></span> <span class='ocrx_word' id='word_1_322' title='bbox 1427 3833 1722 3914; x_wconf 91' lang='lat' dir='ltr'><strong>promisit</strong></span> <span class='ocrx_word' id='word_1_323' title='bbox 1760 3833 1818 3896; x_wconf 90' lang='lat' dir='ltr'><strong>ei</strong></span> <span class='ocrx_word' id='word_1_324' title='bbox 1853 3835 2068 3896; x_wconf 88' lang='lat' dir='ltr'><strong>omnia</strong></span> <span class='ocrx_word' id='word_1_325' title='bbox 2107 3853 2301 3915; x_wconf 89' lang='lat' dir='ltr'><strong>regna</strong></span> 
     </span>
     <span class='ocr_line' id='line_1_52' title="bbox 804 3931 2299 4013; baseline 0.001 -21"><span class='ocrx_word' id='word_1_326' title='bbox 804 3932 1024 3992; x_wconf 92' lang='lat' dir='ltr'><strong>mundi</strong></span> <span class='ocrx_word' id='word_1_327' title='bbox 1075 3931 1468 4013; x_wconf 84' lang='lat' dir='ltr'><strong>gloriamque</strong></span> <span class='ocrx_word' id='word_1_328' title='bbox 1517 3949 1774 4010; x_wconf 85' lang='lat' dir='ltr'><strong>eorum;</strong></span> <span class='ocrx_word' id='word_1_329' title='bbox 1825 3932 1935 3994; x_wconf 88' lang='lat' dir='ltr'><strong>sed</strong></span> <span class='ocrx_word' id='word_1_330' title='bbox 1995 3933 2177 3995; x_wconf 87' lang='lat' dir='ltr'><strong>irrisa</strong></span> <span class='ocrx_word' id='word_1_331' title='bbox 2224 3952 2299 3994; x_wconf 87' lang='lat' dir='ltr'><strong>ac</strong></span> 
     </span>
     <span class='ocr_line' id='line_1_53' title="bbox 801 4029 2296 4112; baseline 0 -20"><span class='ocrx_word' id='word_1_332' title='bbox 801 4029 1134 4111; x_wconf 88' lang='lat' dir='ltr'><strong>objurgata</strong></span> <span class='ocrx_word' id='word_1_333' title='bbox 1172 4037 1268 4091; x_wconf 88' lang='lat' dir='ltr'><strong>est</strong></span> <span class='ocrx_word' id='word_1_334' title='bbox 1297 4031 1585 4112; x_wconf 88' lang='lat' dir='ltr'><strong>nequitia</strong></span> <span class='ocrx_word' id='word_1_335' title='bbox 1615 4031 1963 4104; x_wconf 78' lang='lat' dir='ltr'><strong>tentatoriS,</strong></span> <span class='ocrx_word' id='word_1_336' title='bbox 1999 4050 2199 4112; x_wconf 91' lang='lat' dir='ltr'><strong>quum</strong></span> <span class='ocrx_word' id='word_1_337' title='bbox 2239 4033 2296 4092; x_wconf 91' lang='lat' dir='ltr'><strong>ei</strong></span> 
     </span>
     <span class='ocr_line' id='line_1_54' title="bbox 803 4128 2300 4222; baseline 0.001 -32"><span class='ocrx_word' id='word_1_338' title='bbox 803 4128 1131 4222; x_wconf 61' lang='lat' dir='ltr'><strong>respondit</strong></span> <span class='ocrx_word' id='word_1_339' title='bbox 1191 4147 1205 4191; x_wconf 73' lang='grc' dir='ltr'>ε</span> <span class='ocrx_word' id='word_1_340' title='bbox 1267 4128 1458 4201; x_wconf 82' lang='lat' dir='ltr'><strong>Vade,</strong></span> <span class='ocrx_word' id='word_1_341' title='bbox 1521 4129 1766 4200; x_wconf 89' lang='lat' dir='ltr'><strong>Satana,</strong></span> <span class='ocrx_word' id='word_1_342' title='bbox 1829 4129 2139 4210; x_wconf 88' lang='lat' dir='ltr'><strong>scriptum</strong></span> <span class='ocrx_word' id='word_1_343' title='bbox 2204 4139 2300 4192; x_wconf 90' lang='lat' dir='ltr'><strong>est</strong></span> 
     </span>
    </p>
   </div>
   <div class='ocr_carea' id='block_1_15' title="bbox 2410 3145 3917 4192">
    <p class='ocr_par' dir='ltr' id='par_1_15' title="bbox 2410 3145 3917 4192">
     <span class='ocr_line' id='line_1_55' title="bbox 2412 3145 3915 3228; baseline -0.001 -19"><span class='ocrx_word' id='word_1_344' title='bbox 2412 3167 2537 3228; x_wconf 90' lang='lat' dir='ltr'><strong>que</strong></span> <span class='ocrx_word' id='word_1_345' title='bbox 2586 3165 2800 3208; x_wconf 88' lang='lat' dir='ltr'><strong>veram</strong></span> <span class='ocrx_word' id='word_1_346' title='bbox 2854 3165 2928 3208; x_wconf 88' lang='lat' dir='ltr'><strong>ac</strong></span> <span class='ocrx_word' id='word_1_347' title='bbox 2978 3146 3287 3227; x_wconf 88' lang='lat' dir='ltr'><strong>integram</strong></span> <span class='ocrx_word' id='word_1_348' title='bbox 3349 3145 3645 3209; x_wconf 83' lang='lat' dir='ltr'><strong>humanae</strong></span> <span class='ocrx_word' id='word_1_349' title='bbox 3702 3145 3915 3208; x_wconf 87' lang='lat' dir='ltr'><strong>carnis</strong></span> 
     </span>
     <span class='ocr_line' id='line_1_56' title="bbox 2412 3243 3911 3325; baseline -0.002 -18"><span class='ocrx_word' id='word_1_350' title='bbox 2412 3245 2857 3319; x_wconf 85' lang='lat' dir='ltr'><strong>substantiam,</strong></span> <span class='ocrx_word' id='word_1_351' title='bbox 2876 3262 3003 3307; x_wconf 90' lang='lat' dir='ltr'><strong>non</strong></span> <span class='ocrx_word' id='word_1_352' title='bbox 3034 3245 3317 3325; x_wconf 85' lang='lat' dir='ltr'><strong>suscepit</strong></span> <span class='ocrx_word' id='word_1_353' title='bbox 3348 3243 3413 3306; x_wconf 92' lang='lat' dir='ltr'><strong>in</strong></span> <span class='ocrx_word' id='word_1_354' title='bbox 3444 3262 3519 3305; x_wconf 87' lang='lat' dir='ltr'><strong>ea</strong></span> <span class='ocrx_word' id='word_1_355' title='bbox 3549 3251 3911 3325; x_wconf 87' lang='lat' dir='ltr'><strong>peccatum,</strong></span> 
     </span>
     <span class='ocr_line' id='line_1_57' title="bbox 2411 3341 3913 3422; baseline -0.001 -17"><span class='ocrx_word' id='word_1_356' title='bbox 2411 3343 2521 3405; x_wconf 89' lang='lat' dir='ltr'><strong>sed</strong></span> <span class='ocrx_word' id='word_1_357' title='bbox 2553 3343 3041 3405; x_wconf 90' lang='lat' dir='ltr'><strong>similitudinem</strong></span> <span class='ocrx_word' id='word_1_358' title='bbox 3074 3343 3234 3422; x_wconf 91' lang='lat' dir='ltr'><strong>ejus.</strong></span> <span class='ocrx_word' id='word_1_359' title='bbox 3271 3342 3521 3404; x_wconf 89' lang='lat' dir='ltr'><strong>Etenim</strong></span> <span class='ocrx_word' id='word_1_360' title='bbox 3551 3341 3913 3404; x_wconf 91' lang='lat' dir='ltr'><strong>similitudo</strong></span> 
     </span>
     <span class='ocr_line' id='line_1_58' title="bbox 2412 3440 3911 3522; baseline -0.002 -18"><span class='ocrx_word' id='word_1_361' title='bbox 2412 3441 2531 3504; x_wconf 88' lang='lat' dir='ltr'><strong>ista</strong></span> <span class='ocrx_word' id='word_1_362' title='bbox 2580 3441 2910 3504; x_wconf 85' lang='lat' dir='ltr'><strong>referenda</strong></span> <span class='ocrx_word' id='word_1_363' title='bbox 2956 3448 3052 3503; x_wconf 92' lang='lat' dir='ltr'><strong>est</strong></span> <span class='ocrx_word' id='word_1_364' title='bbox 3098 3441 3176 3502; x_wconf 90' lang='lat' dir='ltr'><strong>ad</strong></span> <span class='ocrx_word' id='word_1_365' title='bbox 3227 3441 3467 3522; x_wconf 89' lang='lat' dir='ltr'><strong>peccati</strong></span> <span class='ocrx_word' id='word_1_366' title='bbox 3523 3440 3911 3520; x_wconf 85' lang='lat' dir='ltr'><strong>imaginem3</strong></span> 
     </span>
     <span class='ocr_line' id='line_1_59' title="bbox 2411 3539 3915 3620; baseline -0.003 -16"><span class='ocrx_word' id='word_1_367' title='bbox 2411 3559 2537 3604; x_wconf 89' lang='lat' dir='ltr'><strong>non</strong></span> <span class='ocrx_word' id='word_1_368' title='bbox 2582 3541 2659 3602; x_wconf 90' lang='lat' dir='ltr'><strong>ad</strong></span> <span class='ocrx_word' id='word_1_369' title='bbox 2705 3541 2913 3602; x_wconf 90' lang='lat' dir='ltr'><strong>carnis</strong></span> <span class='ocrx_word' id='word_1_370' title='bbox 2957 3539 3311 3614; x_wconf 87' lang='lat' dir='ltr'><strong>veritatem,</strong></span> <span class='ocrx_word' id='word_1_371' title='bbox 3354 3539 3707 3602; x_wconf 90' lang='lat' dir='ltr'><strong>secundum</strong></span> <span class='ocrx_word' id='word_1_372' title='bbox 3754 3557 3915 3620; x_wconf 89' lang='lat' dir='ltr'><strong>quo-</strong></span> 
     </span>
     <span class='ocr_line' id='line_1_60' title="bbox 2412 3636 3917 3718; baseline -0.001 -18"><span class='ocrx_word' id='word_1_373' title='bbox 2412 3639 2700 3700; x_wconf 89' lang='lat' dir='ltr'><strong>rumdam</strong></span> <span class='ocrx_word' id='word_1_374' title='bbox 2733 3638 3176 3701; x_wconf 84' lang='lat' dir='ltr'><strong>haereticorum</strong></span> <span class='ocrx_word' id='word_1_375' title='bbox 3208 3637 3537 3700; x_wconf 88' lang='lat' dir='ltr'><strong>insaniam.</strong></span> <span class='ocrx_word' id='word_1_376' title='bbox 3556 3636 3700 3699; x_wconf 90' lang='lat' dir='ltr'><strong>Erat</strong></span> <span class='ocrx_word' id='word_1_377' title='bbox 3731 3636 3917 3718; x_wconf 88' lang='lat' dir='ltr'><strong>quip-</strong></span> 
     </span>
     <span class='ocr_line' id='line_1_61' title="bbox 2411 3734 3915 3819; baseline -0.003 -19"><span class='ocrx_word' id='word_1_378' title='bbox 2411 3757 2490 3819; x_wconf 88' lang='lat' dir='ltr'><strong>pe</strong></span> <span class='ocrx_word' id='word_1_379' title='bbox 2535 3737 2599 3799; x_wconf 91' lang='lat' dir='ltr'><strong>in</strong></span> <span class='ocrx_word' id='word_1_380' title='bbox 2642 3737 2892 3800; x_wconf 87' lang='lat' dir='ltr'><strong>Christo</strong></span> <span class='ocrx_word' id='word_1_381' title='bbox 2929 3756 3078 3799; x_wconf 87' lang='lat' dir='ltr'><strong>vera</strong></span> <span class='ocrx_word' id='word_1_382' title='bbox 3120 3755 3288 3811; x_wconf 85' lang='lat' dir='ltr'><strong>caro,</strong></span> <span class='ocrx_word' id='word_1_383' title='bbox 3326 3736 3437 3799; x_wconf 88' lang='lat' dir='ltr'><strong>sed</strong></span> <span class='ocrx_word' id='word_1_384' title='bbox 3478 3734 3720 3817; x_wconf 88' lang='lat' dir='ltr'><strong>absque</strong></span> <span class='ocrx_word' id='word_1_385' title='bbox 3768 3753 3915 3816; x_wconf 90' lang='lat' dir='ltr'><strong>pec-</strong></span> 
     </span>
     <span class='ocr_line' id='line_1_62' title="bbox 2411 3833 3915 3916; baseline -0.002 -19"><span class='ocrx_word' id='word_1_386' title='bbox 2411 3843 2571 3910; x_wconf 78' lang='lat' dir='ltr'><strong>catu,</strong></span> <span class='ocrx_word' id='word_1_387' title='bbox 2624 3834 2855 3897; x_wconf 90' lang='lat' dir='ltr'><strong>similis</strong></span> <span class='ocrx_word' id='word_1_388' title='bbox 2905 3835 3079 3896; x_wconf 85' lang='lat' dir='ltr'><strong>carni</strong></span> <span class='ocrx_word' id='word_1_389' title='bbox 3140 3835 3499 3916; x_wconf 87' lang='lat' dir='ltr'><strong>peccatrici.</strong></span> <span class='ocrx_word' id='word_1_390' title='bbox 3552 3833 3707 3896; x_wconf 88' lang='lat' dir='ltr'><strong>Nam</strong></span> <span class='ocrx_word' id='word_1_391' title='bbox 3757 3851 3915 3895; x_wconf 84' lang='lat' dir='ltr'><strong>vera</strong></span> 
     </span>
     <span class='ocr_line' id='line_1_63' title="bbox 2410 3932 3913 4016; baseline -0.001 -22"><span class='ocrx_word' id='word_1_392' title='bbox 2410 3952 2555 3996; x_wconf 87' lang='lat' dir='ltr'><strong>caro</strong></span> <span class='ocrx_word' id='word_1_393' title='bbox 2594 3933 2870 4016; x_wconf 89' lang='lat' dir='ltr'><strong>pertinet</strong></span> <span class='ocrx_word' id='word_1_394' title='bbox 2908 3933 2985 3994; x_wconf 95' lang='lat' dir='ltr'><strong>ad</strong></span> <span class='ocrx_word' id='word_1_395' title='bbox 3018 3932 3349 3994; x_wconf 77' lang='lat' dir='ltr'><strong>veritat-em</strong></span> <span class='ocrx_word' id='word_1_396' title='bbox 3390 3932 3759 3995; x_wconf 81' lang='lat' dir='ltr'><strong>substantiae</strong></span> <span class='ocrx_word' id='word_1_397' title='bbox 3792 3932 3913 3993; x_wconf 89' lang='lat' dir='ltr'><strong>hu-</strong></span> 
     </span>
     <span class='ocr_line' id='line_1_64' title="bbox 2410 4029 3909 4111; baseline 0 -19"><span class='ocrx_word' id='word_1_398' title='bbox 2410 4049 2648 4109; x_wconf 81' lang='lat' dir='ltr'><strong>1nanae3</strong></span> <span class='ocrx_word' id='word_1_399' title='bbox 2691 4048 2836 4092; x_wconf 93' lang='lat' dir='ltr'><strong>caro</strong></span> <span class='ocrx_word' id='word_1_400' title='bbox 2878 4038 3090 4092; x_wconf 89' lang='lat' dir='ltr'><strong>autem</strong></span> <span class='ocrx_word' id='word_1_401' title='bbox 3141 4029 3465 4111; x_wconf 85' lang='lat' dir='ltr'><strong>peccatrix</strong></span> <span class='ocrx_word' id='word_1_402' title='bbox 3514 4029 3785 4091; x_wconf 86' lang='lat' dir='ltr'><strong>refertur</strong></span> <span class='ocrx_word' id='word_1_403' title='bbox 3826 4031 3909 4092; x_wconf 90' lang='lat' dir='ltr'><strong>ad</strong></span> 
     </span>
     <span class='ocr_line' id='line_1_65' title="bbox 2410 4128 2948 4192; baseline -0.006 -1"><span class='ocrx_word' id='word_1_404' title='bbox 2410 4148 2616 4192; x_wconf 86' lang='lat' dir='ltr'><strong>mores</strong></span> <span class='ocrx_word' id='word_1_405' title='bbox 2659 4148 2732 4191; x_wconf 87' lang='lat' dir='ltr'><strong>ac</strong></span> <span class='ocrx_word' id='word_1_406' title='bbox 2774 4128 2948 4191; x_wconf 90' lang='lat' dir='ltr'><strong>vitia.</strong></span> 
     </span>
    </p>
   </div>
   <div class='ocr_carea' id='block_1_16' title="bbox 802 4225 3907 4307">
    <p class='ocr_par' dir='ltr' id='par_1_16' title="bbox 802 4225 3907 4307">
     <span class='ocr_line' id='line_1_66' title="bbox 802 4225 3907 4307; baseline -0.001 -19"><span class='ocrx_word' id='word_1_407' title='bbox 802 4227 998 4299; x_wconf 86' lang='lat' dir='ltr'><strong>enim,</strong></span> <span class='ocrx_word' id='word_1_408' title='bbox 1033 4225 1376 4288; x_wconf 87' lang='lat' dir='ltr'><strong>Dominum</strong></span> <span class='ocrx_word' id='word_1_409' title='bbox 1423 4226 1622 4287; x_wconf 88' lang='lat' dir='ltr'><strong>Deum</strong></span> <span class='ocrx_word' id='word_1_410' title='bbox 1663 4233 1844 4287; x_wconf 91' lang='lat' dir='ltr'><strong>tuum</strong></span> <span class='ocrx_word' id='word_1_411' title='bbox 1888 4227 2203 4302; x_wconf 83' lang='lat' dir='ltr'><strong>adorabiS,</strong></span> <span class='ocrx_word' id='word_1_412' title='bbox 2236 4235 2298 4289; x_wconf 90' lang='lat' dir='ltr'><strong>et</strong></span> <span class='ocrx_word' id='word_1_413' title='bbox 2329 4234 2376 4295; x_wconf 88' lang='lat' dir='ltr'>D</span> <span class='ocrx_word' id='word_1_414' title='bbox 2488 4228 2769 4290; x_wconf 86' lang='lat' dir='ltr'><strong>Habebat</strong></span> <span class='ocrx_word' id='word_1_415' title='bbox 2829 4226 3319 4288; x_wconf 90' lang='lat' dir='ltr'><strong>similitudinem</strong></span> <span class='ocrx_word' id='word_1_416' title='bbox 3373 4226 3582 4287; x_wconf 89' lang='lat' dir='ltr'><strong>carnis</strong></span> <span class='ocrx_word' id='word_1_417' title='bbox 3636 4225 3907 4307; x_wconf 88' lang='lat' dir='ltr'><strong>peccati,</strong></span> 
     </span>
    </p>
   </div>
   <div class='ocr_carea' id='block_1_17' title="bbox 800 4322 2301 5191">
    <p class='ocr_par' dir='ltr' id='par_1_17' title="bbox 801 4322 2298 4699">
     <span class='ocr_line' id='line_1_67' title="bbox 801 4322 2297 4403; baseline 0.002 -19"><span class='ocrx_word' id='word_1_418' title='bbox 801 4324 896 4385; x_wconf 92' lang='lat' dir='ltr'><strong>illi</strong></span> <span class='ocrx_word' id='word_1_419' title='bbox 954 4323 1072 4386; x_wconf 92' lang='lat' dir='ltr'><strong>soli</strong></span> <span class='ocrx_word' id='word_1_420' title='bbox 1131 4323 1388 4385; x_wconf 83' lang='lat' dir='ltr'><strong>servies.</strong></span> <span class='ocrx_word' id='word_1_421' title='bbox 1443 4322 1532 4383; x_wconf 86' lang='lat' dir='ltr'><strong>Ex</strong></span> <span class='ocrx_word' id='word_1_422' title='bbox 1591 4323 1826 4403; x_wconf 92' lang='lat' dir='ltr'><strong>quibus</strong></span> <span class='ocrx_word' id='word_1_423' title='bbox 1877 4325 2180 4387; x_wconf 90' lang='lat' dir='ltr'><strong>docemur</strong></span> <span class='ocrx_word' id='word_1_424' title='bbox 2228 4334 2297 4388; x_wconf 91' lang='lat' dir='ltr'><strong>ut</strong></span> 
     </span>
     <span class='ocr_line' id='line_1_68' title="bbox 801 4419 2298 4502; baseline 0.002 -19"><span class='ocrx_word' id='word_1_425' title='bbox 801 4439 916 4483; x_wconf 91' lang='lat' dir='ltr'><strong>nos</strong></span> <span class='ocrx_word' id='word_1_426' title='bbox 974 4421 1342 4482; x_wconf 87' lang='lat' dir='ltr'><strong>resistamus</strong></span> <span class='ocrx_word' id='word_1_427' title='bbox 1402 4419 1824 4482; x_wconf 86' lang='lat' dir='ltr'><strong>fraudulentis</strong></span> <span class='ocrx_word' id='word_1_428' title='bbox 1883 4425 2298 4502; x_wconf 85' lang='lat' dir='ltr'><strong>suggestioni-</strong></span> 
     </span>
     <span class='ocr_line' id='line_1_69' title="bbox 801 4519 2298 4599; baseline 0.002 -19"><span class='ocrx_word' id='word_1_429' title='bbox 801 4520 922 4581; x_wconf 91' lang='lat' dir='ltr'><strong>bus</strong></span> <span class='ocrx_word' id='word_1_430' title='bbox 960 4519 1343 4592; x_wconf 81' lang='lat' dir='ltr'><strong>daemonnm,</strong></span> <span class='ocrx_word' id='word_1_431' title='bbox 1379 4537 1492 4599; x_wconf 89' lang='lat' dir='ltr'><strong>per</strong></span> <span class='ocrx_word' id='word_1_432' title='bbox 1532 4519 1905 4580; x_wconf 89' lang='lat' dir='ltr'><strong>memoriam</strong></span> <span class='ocrx_word' id='word_1_433' title='bbox 1946 4520 2298 4584; x_wconf 86' lang='lat' dir='ltr'><strong>considera·</strong></span> 
     </span>
     <span class='ocr_line' id='line_1_70' title="bbox 801 4616 1806 4699; baseline -0.001 -20"><span class='ocrx_word' id='word_1_434' title='bbox 801 4618 1168 4699; x_wconf 87' lang='lat' dir='ltr'><strong>tionemque</strong></span> <span class='ocrx_word' id='word_1_435' title='bbox 1212 4616 1702 4698; x_wconf 88' lang='lat' dir='ltr'><strong>Scripturarum.</strong></span> <span class='ocrx_word' id='word_1_436' title='bbox 1798 4647 1806 4654; x_wconf 91' lang='lat'><strong>·</strong></span> 
     </span>
    </p>

    <p class='ocr_par' dir='ltr' id='par_1_18' title="bbox 800 4713 2301 5191">
     <span class='ocr_line' id='line_1_71' title="bbox 880 4713 2294 4794; baseline 0.001 -18"><span class='ocrx_word' id='word_1_437' title='bbox 880 4715 1184 4776; x_wconf 81' lang='lat' dir='ltr'><strong>Praeterea</strong></span> <span class='ocrx_word' id='word_1_438' title='bbox 1232 4713 1413 4794; x_wconf 85' lang='lat' dir='ltr'><strong>juxta</strong></span> <span class='ocrx_word' id='word_1_439' title='bbox 1470 4714 1958 4776; x_wconf 87' lang='lat' dir='ltr'><strong>similitudinem</strong></span> <span class='ocrx_word' id='word_1_440' title='bbox 2015 4725 2294 4777; x_wconf 86' lang='lat' dir='ltr'><strong>nostram</strong></span> 
     </span>
     <span class='ocr_line' id='line_1_72' title="bbox 800 4813 2297 4894; baseline -0.001 -18"><span class='ocrx_word' id='word_1_441' title='bbox 800 4821 1078 4876; x_wconf 89' lang='lat' dir='ltr'><strong>tentatus</strong></span> <span class='ocrx_word' id='word_1_442' title='bbox 1118 4821 1215 4874; x_wconf 88' lang='lat' dir='ltr'><strong>est</strong></span> <span class='ocrx_word' id='word_1_443' title='bbox 1251 4813 1330 4874; x_wconf 85' lang='lat' dir='ltr'><strong>de</strong></span> <span class='ocrx_word' id='word_1_444' title='bbox 1373 4813 1692 4894; x_wconf 90' lang='lat' dir='ltr'><strong>superbia,</strong></span> <span class='ocrx_word' id='word_1_445' title='bbox 1733 4814 1888 4875; x_wconf 93' lang='lat' dir='ltr'><strong>dum</strong></span> <span class='ocrx_word' id='word_1_446' title='bbox 1929 4813 2158 4875; x_wconf 85' lang='lat' dir='ltr'><strong>artifex</strong></span> <span class='ocrx_word' id='word_1_447' title='bbox 2203 4815 2297 4874; x_wconf 91' lang='lat' dir='ltr'><strong>in-</strong></span> 
     </span>
     <span class='ocr_line' id='line_1_73' title="bbox 801 4910 2297 4974; baseline 0 0"><span class='ocrx_word' id='word_1_448' title='bbox 801 4913 1107 4974; x_wconf 89' lang='lat' dir='ltr'><strong>sidiarum</strong></span> <span class='ocrx_word' id='word_1_449' title='bbox 1169 4910 1459 4973; x_wconf 89' lang='lat' dir='ltr'><strong>diabolus</strong></span> <span class='ocrx_word' id='word_1_450' title='bbox 1519 4911 1900 4973; x_wconf 89' lang='lat' dir='ltr'><strong>moliebatur</strong></span> <span class='ocrx_word' id='word_1_451' title='bbox 1953 4912 2012 4973; x_wconf 92' lang='lat' dir='ltr'><strong>ei</strong></span> <span class='ocrx_word' id='word_1_452' title='bbox 2063 4912 2297 4974; x_wconf 85' lang='lat' dir='ltr'><strong>offerre</strong></span> 
     </span>
     <span class='ocr_line' id='line_1_74' title="bbox 803 5010 2301 5094; baseline 0 -21"><span class='ocrx_word' id='word_1_453' title='bbox 803 5031 916 5094; x_wconf 90' lang='lat' dir='ltr'><strong>per</strong></span> <span class='ocrx_word' id='word_1_454' title='bbox 953 5010 1247 5072; x_wconf 88' lang='lat' dir='ltr'><strong>homines</strong></span> <span class='ocrx_word' id='word_1_455' title='bbox 1287 5028 1552 5090; x_wconf 86' lang='lat' dir='ltr'><strong>regnum</strong></span> <span class='ocrx_word' id='word_1_456' title='bbox 1592 5010 1758 5090; x_wconf 86' lang='lat' dir='ltr'><strong>quod</strong></span> <span class='ocrx_word' id='word_1_457' title='bbox 1794 5010 1926 5091; x_wconf 84' lang='lat' dir='ltr'><strong>jam</strong></span> <span class='ocrx_word' id='word_1_458' title='bbox 1964 5019 2112 5072; x_wconf 87' lang='lat' dir='ltr'><strong>ante</strong></span> <span class='ocrx_word' id='word_1_459' title='bbox 2155 5029 2301 5073; x_wconf 89' lang='lat' dir='ltr'><strong>con-</strong></span> 
     </span>
     <span class='ocr_line' id='line_1_75' title="bbox 803 5106 2300 5191; baseline 0 -20"><span class='ocrx_word' id='word_1_460' title='bbox 803 5109 1062 5191; x_wconf 89' lang='lat' dir='ltr'><strong>tempsit</strong></span> <span class='ocrx_word' id='word_1_461' title='bbox 1104 5106 1184 5169; x_wconf 95' lang='lat' dir='ltr'><strong>ab</strong></span> <span class='ocrx_word' id='word_1_462' title='bbox 1233 5125 1308 5170; x_wconf 88' lang='lat' dir='ltr'><strong>eo</strong></span> <span class='ocrx_word' id='word_1_463' title='bbox 1357 5107 1482 5169; x_wconf 90' lang='lat' dir='ltr'><strong>sibi</strong></span> <span class='ocrx_word' id='word_1_464' title='bbox 1526 5107 1848 5186; x_wconf 88' lang='lat' dir='ltr'><strong>oblatum;</strong></span> <span class='ocrx_word' id='word_1_465' title='bbox 1899 5109 2008 5171; x_wconf 90' lang='lat' dir='ltr'><strong>sed</strong></span> <span class='ocrx_word' id='word_1_466' title='bbox 2058 5110 2300 5191; x_wconf 88' lang='lat' dir='ltr'><strong>absque</strong></span> 
     </span>
    </p>
   </div>
   <div class='ocr_carea' id='block_1_18' title="bbox 530 5204 2300 5321">
    <p class='ocr_par' dir='ltr' id='par_1_19' title="bbox 530 5204 2300 5321">
     <span class='ocr_line' id='line_1_76' title="bbox 530 5204 2300 5321; baseline 0.002 -54"><span class='ocrx_word' id='word_1_467' title='bbox 530 5215 770 5321; x_wconf 59' lang='grc' dir='ltr'><strong>ζωππ-νι,</strong></span> <span class='ocrx_word' id='word_1_468' title='bbox 803 5215 1062 5290; x_wconf 87' lang='lat' dir='ltr'><strong>peceato</strong></span> <span class='ocrx_word' id='word_1_469' title='bbox 1093 5205 1290 5268; x_wconf 90' lang='lat' dir='ltr'><strong>irrisit</strong></span> <span class='ocrx_word' id='word_1_470' title='bbox 1315 5205 1575 5267; x_wconf 89' lang='lat' dir='ltr'><strong>insidias</strong></span> <span class='ocrx_word' id='word_1_471' title='bbox 1607 5204 1870 5267; x_wconf 88' lang='lat' dir='ltr'><strong>inimici.</strong></span> <span class='ocrx_word' id='word_1_472' title='bbox 1890 5206 2094 5279; x_wconf 89' lang='lat' dir='ltr'><strong>Quum</strong></span> <span class='ocrx_word' id='word_1_473' title='bbox 2126 5209 2300 5269; x_wconf 91' lang='lat' dir='ltr'><strong>enim</strong></span> 
     </span>
    </p>
   </div>
   <div class='ocr_carea' id='block_1_19' title="bbox 803 5303 2303 5386">
    <p class='ocr_par' dir='ltr' id='par_1_20' title="bbox 803 5303 2303 5386">
     <span class='ocr_line' id='line_1_77' title="bbox 803 5303 2303 5386; baseline 0.001 -20"><span class='ocrx_word' id='word_1_474' title='bbox 803 5304 1204 5386; x_wconf 83' lang='lat' dir='ltr'><strong>cognovisset</strong></span> <span class='ocrx_word' id='word_1_475' title='bbox 1244 5303 1423 5365; x_wconf 89' lang='lat' dir='ltr'><strong>Jesus</strong></span> <span class='ocrx_word' id='word_1_476' title='bbox 1472 5303 1640 5383; x_wconf 92' lang='lat' dir='ltr'><strong>quod</strong></span> <span class='ocrx_word' id='word_1_477' title='bbox 1687 5304 1934 5364; x_wconf 91' lang='lat' dir='ltr'><strong>venturi</strong></span> <span class='ocrx_word' id='word_1_478' title='bbox 1981 5313 2194 5366; x_wconf 88' lang='lat' dir='ltr'><strong>essent</strong></span> <span class='ocrx_word' id='word_1_479' title='bbox 2233 5314 2303 5367; x_wconf 92' lang='lat' dir='ltr'><strong>ut</strong></span> 
     </span>
    </p>
   </div>
   <div class='ocr_carea' id='block_1_20' title="bbox 2407 4323 4263 5385">
    <p class='ocr_par' dir='ltr' id='par_1_21' title="bbox 2407 4323 4263 4702">
     <span class='ocr_line' id='line_1_78' title="bbox 2407 4323 3913 4409; baseline -0.001 -21"><span class='ocrx_word' id='word_1_480' title='bbox 2407 4346 2607 4409; x_wconf 89' lang='lat' dir='ltr'><strong>quum</strong></span> <span class='ocrx_word' id='word_1_481' title='bbox 2644 4334 2946 4408; x_wconf 90' lang='lat' dir='ltr'><strong>tanquam</strong></span> <span class='ocrx_word' id='word_1_482' title='bbox 2986 4325 3177 4387; x_wconf 90' lang='lat' dir='ltr'><strong>homo</strong></span> <span class='ocrx_word' id='word_1_483' title='bbox 3218 4324 3471 4405; x_wconf 87' lang='lat' dir='ltr'><strong>ignarus</strong></span> <span class='ocrx_word' id='word_1_484' title='bbox 3514 4331 3577 4386; x_wconf 77' lang='lat' dir='ltr'><strong>et·</strong></span> <span class='ocrx_word' id='word_1_485' title='bbox 3609 4341 3721 4405; x_wconf 87' lang='lat' dir='ltr'><strong>pro</strong></span> <span class='ocrx_word' id='word_1_486' title='bbox 3759 4323 3913 4386; x_wconf 86' lang='lat' dir='ltr'><strong>cibo</strong></span> 
     </span>
     <span class='ocr_line' id='line_1_79' title="bbox 2408 4420 4263 4506; baseline -0.004 -19"><span class='ocrx_word' id='word_1_487' title='bbox 2408 4425 2718 4488; x_wconf 88' lang='lat' dir='ltr'><strong>sollicitus</strong></span> <span class='ocrx_word' id='word_1_488' title='bbox 2759 4433 3069 4506; x_wconf 80' lang='lat' dir='ltr'><strong>quaereret</strong></span> <span class='ocrx_word' id='word_1_489' title='bbox 3111 4441 3124 4485; x_wconf 91' lang='lat'><strong>:</strong></span> <span class='ocrx_word' id='word_1_490' title='bbox 3168 4423 3329 4496; x_wconf 84' lang='lat' dir='ltr'><strong>Quot</strong></span> <span class='ocrx_word' id='word_1_491' title='bbox 3371 4420 3618 4483; x_wconf 87' lang='lat' dir='ltr'><strong>habetis</strong></span> <span class='ocrx_word' id='word_1_492' title='bbox 3662 4424 3910 4502; x_wconf 63' lang='lat' dir='ltr'><strong>panes?</strong></span> <span class='ocrx_word' id='word_1_493' title='bbox 3960 4451 4263 4500; x_wconf 42' lang='lat' dir='ltr'><strong>,wanhu-</strong></span> 
     </span>
     <span class='ocr_line' id='line_1_80' title="bbox 2409 4517 4033 4603; baseline -0.002 -18"><span class='ocrx_word' id='word_1_494' title='bbox 2409 4523 2528 4585; x_wconf 78' lang='lat' dir='ltr'><strong>Sed</strong></span> <span class='ocrx_word' id='word_1_495' title='bbox 2572 4523 2737 4584; x_wconf 89' lang='lat' dir='ltr'><strong>sicut</strong></span> <span class='ocrx_word' id='word_1_496' title='bbox 2774 4539 2919 4584; x_wconf 88' lang='lat' dir='ltr'><strong>caro</strong></span> <span class='ocrx_word' id='word_1_497' title='bbox 2962 4522 3100 4602; x_wconf 88' lang='lat' dir='ltr'><strong>ejus</strong></span> <span class='ocrx_word' id='word_1_498' title='bbox 3142 4539 3545 4603; x_wconf 90' lang='lat' dir='ltr'><strong>nequaquam</strong></span> <span class='ocrx_word' id='word_1_499' title='bbox 3586 4518 3914 4600; x_wconf 87' lang='lat' dir='ltr'><strong>subjacuit</strong></span> <span class='ocrx_word' id='word_1_500' title='bbox 3946 4517 4033 4558; x_wconf 71' lang='lat'><strong>³⁴·</strong></span> 
     </span>
     <span class='ocr_line' id='line_1_81' title="bbox 2409 4617 3915 4702; baseline -0.001 -20"><span class='ocrx_word' id='word_1_501' title='bbox 2409 4621 2635 4702; x_wconf 81' lang='lat' dir='ltr'><strong>culpae‚</strong></span> <span class='ocrx_word' id='word_1_502' title='bbox 2666 4621 2753 4681; x_wconf 92' lang='lat' dir='ltr'><strong>ita</strong></span> <span class='ocrx_word' id='word_1_503' title='bbox 2785 4637 2899 4680; x_wconf 91' lang='lat' dir='ltr'><strong>nec</strong></span> <span class='ocrx_word' id='word_1_504' title='bbox 2930 4619 3145 4681; x_wconf 91' lang='lat' dir='ltr'><strong>anima</strong></span> <span class='ocrx_word' id='word_1_505' title='bbox 3171 4618 3311 4699; x_wconf 87' lang='lat' dir='ltr'><strong>ejus</strong></span> <span class='ocrx_word' id='word_1_506' title='bbox 3344 4617 3731 4700; x_wconf 85' lang='lat' dir='ltr'><strong>ignorantiae.</strong></span> <span class='ocrx_word' id='word_1_507' title='bbox 3764 4617 3915 4680; x_wconf 87' lang='lat' dir='ltr'><strong>Pro-</strong></span> 
     </span>
    </p>

    <p class='ocr_par' dir='ltr' id='par_1_22' title="bbox 2409 4715 4261 4895">
     <span class='ocr_line' id='line_1_82' title="bbox 2409 4715 4261 4802; baseline -0.001 -22"><span class='ocrx_word' id='word_1_508' title='bbox 2409 4727 2549 4801; x_wconf 89' lang='lat' dir='ltr'><strong>pter</strong></span> <span class='ocrx_word' id='word_1_509' title='bbox 2577 4719 2748 4799; x_wconf 92' lang='lat' dir='ltr'><strong>quod</strong></span> <span class='ocrx_word' id='word_1_510' title='bbox 2780 4717 3179 4797; x_wconf 89' lang='lat' dir='ltr'><strong>Evangelista</strong></span> <span class='ocrx_word' id='word_1_511' title='bbox 3219 4715 3557 4797; x_wconf 83' lang='lat' dir='ltr'><strong>subjunxit</strong></span> <span class='ocrx_word' id='word_1_512' title='bbox 3589 4732 3604 4777; x_wconf 77' lang='lat' dir='ltr'><strong>t</strong></span> <span class='ocrx_word' id='word_1_513' title='bbox 3638 4715 3765 4778; x_wconf 86' lang='lat' dir='ltr'><strong>Hoc</strong></span> <span class='ocrx_word' id='word_1_514' title='bbox 3798 4735 3915 4778; x_wconf 88' lang='lat' dir='ltr'><strong>au·</strong></span> <span class='ocrx_word' id='word_1_515' title='bbox 3974 4749 4178 4796; x_wconf 39' lang='lat' dir='ltr'><strong>Jmm</strong></span> <span class='ocrx_word' id='word_1_516' title='bbox 4202 4767 4261 4802; x_wconf 46' lang='lat' dir='ltr'><strong>w,</strong></span> 
     </span>
     <span class='ocr_line' id='line_1_83' title="bbox 2410 4813 4003 4895; baseline -0.001 -18"><span class='ocrx_word' id='word_1_517' title='bbox 2410 4825 2537 4879; x_wconf 85' lang='lat' dir='ltr'><strong>tem</strong></span> <span class='ocrx_word' id='word_1_518' title='bbox 2583 4815 2835 4878; x_wconf 90' lang='lat' dir='ltr'><strong>dicebat</strong></span> <span class='ocrx_word' id='word_1_519' title='bbox 2876 4822 3120 4876; x_wconf 86' lang='lat' dir='ltr'><strong>tentans</strong></span> <span class='ocrx_word' id='word_1_520' title='bbox 3165 4831 3353 4892; x_wconf 82' lang='lat' dir='ltr'><strong>eum3</strong></span> <span class='ocrx_word' id='word_1_521' title='bbox 3401 4814 3537 4895; x_wconf 90' lang='lat' dir='ltr'><strong>ipse</strong></span> <span class='ocrx_word' id='word_1_522' title='bbox 3575 4813 3745 4877; x_wconf 90' lang='lat' dir='ltr'><strong>enim</strong></span> <span class='ocrx_word' id='word_1_523' title='bbox 3788 4815 3917 4876; x_wconf 86' lang='lat' dir='ltr'><strong>sci-</strong></span> <span class='ocrx_word' id='word_1_524' title='bbox 3946 4814 4003 4855; x_wconf 77' lang='lat'><strong>⁶-</strong></span> 
     </span>
    </p>

    <p class='ocr_par' dir='ltr' id='par_1_23' title="bbox 2408 4911 3913 4996">
     <span class='ocr_line' id='line_1_84' title="bbox 2408 4911 3913 4996; baseline -0.001 -19"><span class='ocrx_word' id='word_1_525' title='bbox 2408 4915 2554 4977; x_wconf 87' lang='lat' dir='ltr'><strong>ebat</strong></span> <span class='ocrx_word' id='word_1_526' title='bbox 2590 4914 2745 4996; x_wconf 90' lang='lat' dir='ltr'><strong>quid</strong></span> <span class='ocrx_word' id='word_1_527' title='bbox 2785 4922 2951 4976; x_wconf 85' lang='lat' dir='ltr'><strong>esset</strong></span> <span class='ocrx_word' id='word_1_528' title='bbox 2988 4912 3291 4974; x_wconf 90' lang='lat' dir='ltr'><strong>facturus.</strong></span> <span class='ocrx_word' id='word_1_529' title='bbox 3328 4911 3611 4975; x_wconf 86' lang='lat' dir='ltr'><strong>Habebat</strong></span> <span class='ocrx_word' id='word_1_530' title='bbox 3649 4931 3913 4975; x_wconf 87' lang='lat' dir='ltr'><strong>carnem</strong></span> 
     </span>
    </p>

    <p class='ocr_par' dir='ltr' id='par_1_24' title="bbox 2409 5009 4245 5190">
     <span class='ocr_line' id='line_1_85' title="bbox 2409 5009 4245 5091; baseline 0.003 -18"><span class='ocrx_word' id='word_1_531' title='bbox 2409 5010 2687 5073; x_wconf 88' lang='lat' dir='ltr'><strong>similem</strong></span> <span class='ocrx_word' id='word_1_532' title='bbox 2746 5010 2919 5071; x_wconf 88' lang='lat' dir='ltr'><strong>carni</strong></span> <span class='ocrx_word' id='word_1_533' title='bbox 2980 5010 3247 5091; x_wconf 86' lang='lat' dir='ltr'><strong>peccati,</strong></span> <span class='ocrx_word' id='word_1_534' title='bbox 3307 5010 3459 5071; x_wconf 90' lang='lat' dir='ltr'><strong>dum</strong></span> <span class='ocrx_word' id='word_1_535' title='bbox 3518 5009 3743 5071; x_wconf 86' lang='lat' dir='ltr'><strong>sitiens</strong></span> <span class='ocrx_word' id='word_1_536' title='bbox 3800 5028 3917 5091; x_wconf 85' lang='lat' dir='ltr'><strong>po—</strong></span> <span class='ocrx_word' id='word_1_537' title='bbox 3964 5031 4245 5078; x_wconf 51' lang='lat' dir='ltr'><strong>uffan-J.</strong></span> 
     </span>
     <span class='ocr_line' id='line_1_86' title="bbox 2410 5107 3917 5190; baseline 0 -20"><span class='ocrx_word' id='word_1_538' title='bbox 2410 5117 2546 5171; x_wconf 91' lang='lat' dir='ltr'><strong>tum</strong></span> <span class='ocrx_word' id='word_1_539' title='bbox 2589 5108 2877 5190; x_wconf 87' lang='lat' dir='ltr'><strong>poposcit</strong></span> <span class='ocrx_word' id='word_1_540' title='bbox 2916 5127 2952 5169; x_wconf 99' lang='lat' dir='ltr'><strong>a</strong></span> <span class='ocrx_word' id='word_1_541' title='bbox 2988 5107 3412 5186; x_wconf 85' lang='lat' dir='ltr'><strong>Samaritana3</strong></span> <span class='ocrx_word' id='word_1_542' title='bbox 3454 5108 3565 5171; x_wconf 90' lang='lat' dir='ltr'><strong>sed</strong></span> <span class='ocrx_word' id='word_1_543' title='bbox 3606 5125 3734 5170; x_wconf 89' lang='lat' dir='ltr'><strong>non</strong></span> <span class='ocrx_word' id='word_1_544' title='bbox 3772 5117 3917 5170; x_wconf 83' lang='lat' dir='ltr'><strong>erat</strong></span> 
     </span>
    </p>

    <p class='ocr_par' dir='ltr' id='par_1_25' title="bbox 2412 5205 3917 5289">
     <span class='ocr_line' id='line_1_87' title="bbox 2412 5205 3917 5289; baseline 0.001 -21"><span class='ocrx_word' id='word_1_545' title='bbox 2412 5215 2671 5289; x_wconf 87' lang='lat' dir='ltr'><strong>peccato</strong></span> <span class='ocrx_word' id='word_1_546' title='bbox 2725 5205 2988 5288; x_wconf 88' lang='lat' dir='ltr'><strong>polluta,</strong></span> <span class='ocrx_word' id='word_1_547' title='bbox 3041 5206 3345 5287; x_wconf 89' lang='lat' dir='ltr'><strong>quoniam</strong></span> <span class='ocrx_word' id='word_1_548' title='bbox 3399 5206 3631 5268; x_wconf 89' lang='lat' dir='ltr'><strong>mulier</strong></span> <span class='ocrx_word' id='word_1_549' title='bbox 3682 5223 3917 5288; x_wconf 83' lang='lat' dir='ltr'><strong>provo-</strong></span> 
     </span>
    </p>

    <p class='ocr_par' dir='ltr' id='par_1_26' title="bbox 2412 5305 4257 5385">
     <span class='ocr_line' id='line_1_88' title="bbox 2412 5305 4257 5385; baseline 0.003 -18"><span class='ocrx_word' id='word_1_550' title='bbox 2412 5314 2549 5367; x_wconf 87' lang='lat' dir='ltr'><strong>cata</strong></span> <span class='ocrx_word' id='word_1_551' title='bbox 2590 5313 2683 5366; x_wconf 90' lang='lat' dir='ltr'><strong>est</strong></span> <span class='ocrx_word' id='word_1_552' title='bbox 2726 5305 3081 5367; x_wconf 88' lang='lat' dir='ltr'><strong>econtrario</strong></span> <span class='ocrx_word' id='word_1_553' title='bbox 3132 5313 3345 5385; x_wconf 89' lang='lat' dir='ltr'><strong>petere</strong></span> <span class='ocrx_word' id='word_1_554' title='bbox 3393 5323 3621 5385; x_wconf 89' lang='lat' dir='ltr'><strong>aquam</strong></span> <span class='ocrx_word' id='word_1_555' title='bbox 3667 5305 3913 5382; x_wconf 86' lang='lat' dir='ltr'><strong>vivam,</strong></span> <span class='ocrx_word' id='word_1_556' title='bbox 3948 5325 4257 5378; x_wconf 57' lang='lat' dir='ltr'><strong>neumam.</strong></span> 
     </span>
    </p>
   </div>
  </div>
 </body>
</html>
