4359 6267
848 469 927 534 72

1739 487 1818 533 DE
1861 488 2189 534 INSTITUTIS
2230 488 2315 533 SS.
2350 487 2611 532 PATRUM.
2658 505 2738 514 —
2778 487 2954 533 LIBER
2994 488 3056 533 VI

846 666 1219 741 arguuntur,
1254 658 1442 720 citius
1486 657 1564 718 ad
1610 658 2002 719 curationem
2052 657 2344 739 perveni·
2378 656 2429 718 A
2459 655 2646 731 tiunt,
2692 664 2864 718 metu
2913 657 3219 738 gehennae
3262 664 3371 718 aut
3414 656 3729 720 desiderio
3774 657 3979 739 regni

847 764 980 818 unt.
1017 755 1268 819 Morbus
1313 773 1465 818 vero
1507 774 1620 817 seu
1667 754 2186 837 concupiscentia
2227 753 2349 816 for-

847 855 1207 929 nicationis,
1260 855 1426 915 ultra
1477 854 1760 935 corporis
1816 852 2235 915 afflictionem
2287 860 2348 914 et

847 954 1057 1015 cordis
1103 952 1572 1027 contritionem,
1608 952 1848 1031 indiget
1890 952 2082 1013 etiam
2132 951 2349 1013 solitu-

848 1051 998 1112 dine
1027 1058 1091 1113 et
1120 1050 1469 1118 remotione
1501 1048 1580 1111 ab
1617 1048 2010 1122 hominibus,
2046 1055 2115 1109 ut
2144 1047 2350 1109 valeat

851 1148 1184 1231 pervenire
1240 1149 1318 1209 ad
1379 1155 1614 1210 statum
1674 1148 1994 1227 integrum
2058 1146 2347 1208 sanitatis

850 1267 962 1309 seu
1006 1248 1332 1321 castitatis,
1377 1248 1664 1329 deposita
1705 1246 1881 1308 omni
1924 1244 2102 1307 febre
2141 1244 2350 1326 perni-

852 1346 1022 1408 ciosa
1071 1354 1260 1409 aestus
1311 1346 1600 1407 carnalis.
1650 1345 1958 1426 Denique,
2004 1343 2171 1405 sicut
2220 1342 2350 1424 ple-

852 1463 1122 1525 rumque
1159 1444 1312 1505 utile
1350 1451 1446 1505 est
1485 1442 1919 1505 laborantibus
1959 1448 2130 1502 certa
2173 1438 2352 1501 infir-

854 1542 1094 1615 mitate,
1146 1561 1225 1604 ne
1277 1542 1405 1604 cibi
1461 1542 1554 1604 eis
1614 1540 1826 1603 nocivi
1887 1546 2350 1622 praesententur

853 1658 1069 1703 eorum
1097 1641 1538 1723 adspectui,ne
1568 1658 1645 1701 ex
1678 1640 1816 1721 ipso
1846 1638 2078 1700 intuitu
2108 1637 2351 1699 oriatur

853 1738 921 1799 in
961 1740 1053 1801 eis
1103 1738 1490 1801 desiderium
1539 1738 1838 1815 noxium3
1881 1738 1968 1799 ita
2012 1738 2090 1798 ad
2140 1735 2350 1797 debel-

2457 743 2731 817 coelestis
2762 755 3175 836 exstinguunt
3204 762 3393 837 atque
3424 766 3873 836 compescunt.
3894 755 3978 816 Et

2456 852 2621 913 sicut
2670 853 2949 915 seniores
3008 852 3339 915 affirmant
3388 854 3529 915 illos
3590 872 3775 935 posse
3830 871 3977 915 non

2458 950 2712 1030 penitus
2742 949 2929 1013 obrui
2970 950 3309 1013 incentivis
3350 970 3463 1013 seu
3498 952 3979 1033 concupiscen—

2457 1047 2562 1109 tiis
2602 1048 2930 1122 vitiorum,
2964 1048 3051 1110 ita
3091 1056 3401 1111 testantur
3444 1068 3552 1112 eos
3596 1067 3725 1111 non
3768 1067 3977 1131 posse

2458 1163 2711 1227 semper
2740 1164 2878 1209 esse
2911 1146 3139 1209 illaesos
3168 1165 3241 1208 ac
3272 1154 3441 1210 tutos
3471 1167 3485 1210 ε
3514 1147 3665 1229 quia
3694 1165 3977 1209 necesse

2456 1251 2553 1305 est
2591 1262 3117 1325 unumquemque
3158 1245 3223 1306 in
3260 1245 3607 1307 certamine
3646 1247 3971 1327 positum,

2459 1342 2780 1404 interdum
2841 1341 3103 1417 turbari,
3166 1343 3461 1424 quamvis
3518 1344 3973 1406 adversarium

2459 1440 2672 1501 vincat
2714 1440 3083 1522 frequenter
3124 1448 3187 1503 et
3230 1448 3505 1523 superet.

2883 1696 3387 1760 CAPITULUM
3448 1696 3530 1758 V.

855 1837 1116 1900 landum
1156 1838 1276 1899 hoc
1316 1837 1567 1910 vitium,
1603 1836 1955 1918 plurimum
1995 1854 2068 1896 ac
2105 1834 2346 1915 specia-
2384 1836 2431 1899 B
2462 1835 2633 1901 Quod
2660 1836 3042 1908 impuynatio
3070 1834 3511 1906 fornicationis
3538 1835 3665 1891 solo
3692 1836 3971 1892 humano

854 1935 999 1997 liter
1041 1936 1287 1998 confert
1327 1935 1602 1997 solitudo
1645 1942 1709 1995 et
1751 1934 1933 2015 quies
1977 1952 1990 1996 :
2034 1939 2347 2014 quatenus

855 2052 1035 2096 mens
1086 2034 1343 2096 infirma
1390 2033 1659 2095 diversis
1709 2030 2097 2113 imaginibus
2147 2030 2347 2091 nulla-

854 2140 1038 2194 tenus
1068 2140 1258 2204 mota,
1281 2133 1358 2193 ad
1391 2131 1714 2213 puriorem
1746 2128 2347 2210 contemplationem

854 2231 1256 2312 pervenienS,
1292 2230 1490 2311 possit
1518 2229 1770 2291 facilius
1811 2228 2158 2309 exstirpare
2192 2226 2350 2287 radi-

855 2329 1020 2390 citus
1059 2328 1435 2411 pestiferum
1469 2326 1999 2407 concupiscentiae
2033 2325 2343 2387 fomitem.

1256 2579 1762 2644 CAPITULUM
1826 2578 1940 2641 IV.

856 2729 1019 2797 Quid
1057 2728 1306 2783 intersit
1343 2728 1508 2782 inter
1537 2725 1975 2780 concinentiam
2011 2730 2068 2779 et
2099 2725 2350 2779 castita-

992 2823 1126 2881 tem,
1155 2822 1212 2871 et
1239 2832 1322 2871 an
1351 2821 1625 2887 utroeque
1653 2813 1837 2869 simul
1861 2812 2223 2869 habeantur.

2814 1924 3019 1980 studio
3046 1926 3215 1980 vinci
3244 1942 3364 1981 non
3386 1927 3600 1997 possit.

2464 2118 3067 2329 QUAPROPTER,
3124 2123 3177 2183 si
3236 2122 3597 2185 cordialiter
3652 2125 3967 2206 cupimus

4014 2147 4051 2189 u
4076 2148 4185 2191 Tim.
4204 2162 4249 2193 rt.

2621 2220 3017 2301 spiritualem
3058 2238 3324 2303 agonem
3359 2240 3507 2284 cum
3538 2222 3840 2304 Apostolo
3876 2223 3971 2286 le—
4006 2228 4046 2252 ¹·

2458 2318 2679 2399 gitime
2729 2318 3071 2391 decertare,
3113 2317 3491 2381 festinemus
3539 2327 3669 2383 tota
3719 2322 3971 2384 mentis

2460 2416 2811 2478 intentione
2861 2416 3450 2480 immundissimum
3502 2418 3697 2481 istum
3755 2417 3971 2482 forni-

2460 2515 2727 2576 cationis
2758 2513 3054 2596 spiritum
3086 2533 3385 2596 superare
3416 2516 3650 2579 auxilio
3678 2517 3972 2591 Dei,non

2462 2612 2857 2675 confidentes
2886 2613 3132 2674 viribus
3173 2614 3425 2676 nostris.
3458 2614 3589 2678 Hoc
3618 2616 3789 2677 enirn
3826 2634 3971 2679 non

2462 2712 2628 2773 valet
2671 2711 2949 2773 humana
2992 2711 3305 2773 industria
3338 2732 3352 2775 :
3390 2713 3519 2776 imo
3560 2714 3801 2776 tamdiu
3850 2734 3970 2777 ne-

2462 2828 2637 2872 cesse
2695 2816 2791 2871 est
2839 2828 3364 2891 unumquemque
3424 2812 3785 2894 impugnari
3832 2814 3967 2876 hoc

2462 2908 2640 2982 vitio,
2674 2909 2875 2969 donec
2913 2914 3209 2989 agnoscat
3239 2908 3359 2971 hoc
3396 2908 3635 2971 bellum
3675 2928 3813 2973 esse
3852 2931 3967 2973 su-

995 3014 1152 3077 ΕΜΟ
1191 3020 1404 3082 tamen
1445 3019 1622 3094 putet
1661 3030 1738 3073 ex
1779 3010 1920 3083 hoc,
1955 3011 2124 3092 quod
2171 3030 2355 3092 nege·
2388 3010 2430 3075 C
2463 3026 2578 3088 pra
2601 3007 2889 3089 proprias
2910 3007 3092 3077 vireS,
3113 3025 3230 3069 nec
3254 3025 3371 3070 suo
3396 3008 3610 3071 labore
3638 3028 3713 3070 ac
3742 3010 3968 3073 studio

1015 3134 1156 3176 mus
1197 3130 1305 3175 eos
1338 3131 1476 3174 esse
1517 3110 1915 3173 continentes
1947 3109 2056 3191 qui
2101 3110 2166 3170 in
2209 3127 2355 3171 con-

855 3213 1216 3293 gregatione
1268 3212 1556 3273 Fratrum
1616 3216 2107 3270 commorantur.
2163 3207 2351 3270 Aliud

856 3309 1028 3371 enim
1060 3316 1155 3372 est
1186 3327 1322 3370 esse
1355 3308 1824 3383 continentem3
1865 3304 2038 3366 aliud
2079 3312 2348 3379 castum,

854 3414 919 3469 et
962 3414 1034 3468 ut
1077 3408 1168 3468 sic
1217 3407 1458 3487 loquar,
1505 3403 1570 3466 in
1617 3402 1924 3465 affectum
1974 3402 2351 3482 integritatis

854 3512 918 3567 et
949 3503 1447 3586 incorruptionis
1481 3501 1766 3563 transire.
1802 3501 1948 3573 Quae
1978 3500 2180 3562 virtus
2225 3500 2350 3562 illis

856 3602 1007 3665 solis
1039 3602 1342 3664 tribuitur
1383 3599 1678 3671 maxime,
1712 3598 1820 3680 qui
1854 3598 2130 3679 virgines
2162 3617 2350 3660 carne

856 3707 919 3763 et
964 3708 1176 3762 mente
1223 3699 1567 3781 perdurant
1601 3714 1614 3758 ε
1649 3697 1814 3757 sicut
1864 3702 2129 3776 uterque
2171 3698 2353 3759 Joan-

854 3817 967 3861 nes
1008 3798 1074 3859 in
1112 3814 1278 3859 novo
1307 3797 1726 3869 Testamento,
1760 3794 1826 3855 in
1855 3794 2054 3855 veteri
2095 3791 2350 3876 quoque

853 3896 1042 3970 Elias,
1075 3894 1376 3959 Jeremias
1408 3892 1755 3975 Danielque
1784 3891 2062 3954 fuerunt.
2099 3893 2166 3953 ln
2200 3912 2352 3975 quo-

853 4013 996 4056 rum
1035 3994 1232 4074 gradu
1273 4012 1400 4055 non
1446 3992 1766 4053 immerito
1808 3998 2203 4072 reputantur,
2238 3992 2349 4073 qui

853 4100 996 4175 post
1053 4090 1478 4173 corruptionis
1539 4090 1998 4171 experientiam
2063 4090 2351 4171 perveni-

2464 3125 2531 3167 se
2571 3122 2755 3186 posse
2785 3104 3117 3166 victoriam
3160 3105 3469 3181 obtinere,
3502 3107 3627 3169 nisi
3658 3106 3967 3189 Omnipo—

2461 3202 2654 3265 tentis
2695 3203 3085 3283 protectione
3124 3211 3313 3286 atque
3352 3205 3590 3267 auxilio
3628 3204 3957 3268 fulciatur.

2870 3459 3373 3521 CAPITULUM
3434 3460 3548 3523 VI.

2460 3608 2547 3663 De
2568 3606 2878 3678 peculiari
2902 3612 2958 3661 et
2986 3606 3245 3679 speciali
3267 3609 3477 3677 ,qratia
3496 3608 3611 3663 Dei
3634 3609 3702 3664 in
3726 3610 3964 3666 virtute

3048 3697 3375 3751 castitatis.

2596 3894 2641 3956 Τ
2682 3914 2919 3967 revera,
2954 3912 3153 3975 quum
3193 3895 3393 3975 gratia
3431 3894 3543 3957 Dei
3582 3903 3645 3958 et
3684 3896 3823 3977 ejus
3862 3899 3965 3959 vi·-

2615 3992 2811 4055 ctoria
2849 3992 3012 4054 adsit
3048 3991 3294 4055 homini
3335 3992 3401 4054 in
3444 3994 3619 4054 omni
3664 3994 3959 4075 profectu

2462 4090 2771 4153 virtutum
2798 4096 2863 4151 et
2892 4090 3337 4153 universorum
3374 4092 3960 4173 expugnationibus

853 4198 969 4251 unt
1007 4190 1086 4251 ad
1128 4189 1406 4251 similem
1452 4188 1748 4270 puritatis
1789 4195 2024 4249 statum
2065 4206 2180 4268 per
2222 4188 2353 4249 lon·
2381 4192 2430 4253 D
2461 4188 2784 4262 vitiorum,
2811 4188 2877 4248 in
2907 4188 3373 4269 expugnatione
3403 4196 3612 4251 tamen
3642 4189 3963 4253 fornicati-

849 4308 1002 4371 gum
1044 4288 1325 4350 laborem
1364 4294 1553 4369 atque
1597 4286 2000 4359 industriam,
2037 4293 2101 4347 et
2141 4288 2349 4349 carnis

852 4387 1144 4451 stimulos
1185 4386 1467 4448 sentiunt
1497 4403 1624 4448 non
1657 4392 1784 4445 tam
1817 4404 1894 4446 ex
1927 4384 2349 4465 impugnatio—

853 4505 934 4547 ne
967 4486 1170 4567 turpis
1202 4483 1757 4564 concupiscentiae,
1783 4502 1974 4564 quam
2007 4483 2141 4545 solo
2172 4492 2348 4546 motu

855 4592 1113 4647 naturae.
1150 4584 1347 4657 Quem
1387 4589 1622 4643 statum
1654 4580 1928 4642 dicimus
1961 4580 2349 4643 difficillime

853 4700 1040 4764 posse
1084 4680 1329 4763 acquiri
1378 4680 1542 4741 inter
1593 4679 1925 4740 hominum
1977 4678 2229 4757 turbas3
2269 4699 2349 4741 an

852 4798 1003 4843 vero
1047 4787 1108 4842 et
1153 4776 1550 4861 impossibile
1594 4778 1716 4838 hoc
1759 4778 1862 4850 sit,
1908 4778 2349 4859 unusquisque

851 4884 1175 4959 exspectet
1223 4893 1602 4957 cognoscere
1653 4892 1780 4937 non
1836 4883 2051 4937 nostra
2099 4884 2351 4937 senten-

852 4977 961 5050 tia,
1007 4976 1117 5037 sed
1169 4982 1602 5057 perscrutetur
1653 4972 1716 5034 id
1765 4973 2057 5035 examine
2108 4974 2351 5036 consci-

851 5074 1038 5137 entiae
1069 5092 1218 5136 suae.
1255 5073 1548 5136 Ceterum
1585 5071 1820 5134 multos
1851 5090 1989 5133 esse
2021 5072 2351 5134 continen-

853 5180 948 5235 tes
1007 5190 1134 5235 non
1188 5171 1577 5245 dubitamus,
1630 5170 1740 5251 qui
1802 5170 2351 5251 impugnationem

857 5271 1088 5346 carniS,
1139 5289 1332 5353 quam
1379 5270 1482 5332 vel
1538 5286 1684 5332 raro
1731 5268 1831 5330 vel
1879 5267 2164 5350 quotidie
2215 5287 2353 5331 sen-

2460 4287 2600 4349 onis
2630 4286 2812 4348 valde
2843 4283 3163 4367 peculiare
3194 4285 3583 4348 beneficium
3616 4288 3727 4349 Dei
3756 4296 3871 4363 est,
3893 4298 3961 4351 et

2461 4385 2735 4466 speciale
2766 4385 3005 4446 donum
3036 4384 3238 4465 ipsius
3268 4404 3281 4448 :
3316 4385 3481 4446 sicut
3512 4386 3863 4448 declaratur
3893 4395 3962 4449 et

2460 4484 2857 4565 apertissime
2909 4484 3249 4545 innotescit
3296 4483 3397 4545 his
3447 4484 3557 4565 qui
3602 4486 3957 4548 castitatem

2462 4582 2784 4663 possidere
2829 4590 3339 4663 promeruerunt,
3374 4600 3451 4643 ex
3494 4584 3807 4645 sententia
3850 4585 3961 4647 Pa·

2462 4688 2630 4742 trum
2671 4687 2733 4742 et
2770 4680 3207 4761 experimento
3246 4700 3375 4742 suae
3416 4682 3827 4761 purgationis,
3862 4682 3959 4745 Si—

2461 4778 2720 4859 quidem
2752 4786 3247 4841 commorantem
3294 4778 3359 4840 in
3390 4796 3657 4861 corpore
3684 4787 3747 4842 et
3776 4779 3964 4861 fragi-

2462 4876 2505 4937 li
2536 4894 2723 4938 carne
2755 4876 3230 4949 circumdatum,
3248 4894 3374 4939 non
3406 4878 3641 4939 sentire
3670 4879 3959 4942 stimulos

2461 4974 2691 5050 carnis,
2734 4983 2830 5037 est
2877 4975 3345 5057 quodammodo
3392 4976 3566 5038 exire
3616 4978 3694 5039 de
3744 4996 3957 5053 carne,

2462 5080 2526 5135 et
2565 5092 2757 5154 supra
2798 5081 3108 5134 naturam.
3144 5072 3385 5135 Idcirco
3430 5074 3823 5156 impossibile
3859 5084 3961 5139 est

2464 5170 2789 5232 hominem
2840 5170 2971 5231 suis
3022 5171 3250 5251 pennis
3293 5171 3506 5233 volare
3548 5173 3629 5235 ad
3674 5180 3801 5235 tam
3851 5192 3961 5241 ex-

2466 5268 2709 5331 celsum
2758 5268 3140 5350 coelesteque
3188 5269 3546 5350 praemium,
3588 5270 3714 5334 nisi
3754 5272 3963 5352 gratia
