4359 6267
1148 494 1565 543 cotLATIONtm
1608 498 1693 543 SS.
1728 498 1973 544 PA'mtm
2013 498 2188 545 LIBER
2229 500 2269 544 1.
2315 517 2396 527 —
2435 498 2722 546 COLLATIO
2765 500 2786 545 1

3395 480 3513 545 135

1303 860 2035 973 COLLATIO
2148 864 2626 974 PRIMA

1454 1093 1825 1189 (Abbatis
1862 1094 2178 1196 Moysis
2209 1098 2519 1197 prima)

1030 1344 1147 1395 DE
1224 1340 1647 1393 MONACHI
1726 1338 2408 1393 DESTINATIONE
2485 1342 2594 1393 ET
2663 1344 2902 1397 FINE.

690 1672 1197 1737 CAPITULUM
1254 1670 1626 1735 PRIMUM.

548 1803 639 1858 De
676 1802 1059 1858 habitatione
1094 1802 1327 1873 Scythi,
1358 1807 1415 1856 et
1444 1800 1764 1873 proposito

902 1891 1145 1947 abbatis
1172 1892 1415 1963 Moysi&

584 2142 750 2203 inter
802 2141 943 2204 illos
994 2141 1279 2222 egregios
1330 2139 1524 2203 flores
1584 2137 1905 2202 redolebat

404 2238 691 2313 suaviuS,
726 2256 852 2301 non
893 2238 1101 2300 solum
1134 2238 1263 2300 vita
1301 2236 1556 2310 actuali,
1590 2236 1698 2299 sed
1731 2235 1902 2297 theo-

404 2336 543 2397 rica
584 2354 839 2417 quoque
886 2343 949 2397 et
996 2335 1490 2417 contemplativa
1535 2334 1791 2405 virtute,
1836 2333 1903 2394 in

405 2451 625 2496 eremo
662 2433 902 2516 Scythi,
936 2433 1044 2496 ubi
1086 2433 1494 2495 morabantur
1536 2431 1903 2514 probatissi-

406 2532 499 2592 mi
546 2531 1027 2605 monachorum,
1079 2539 1142 2592 et
1189 2531 1399 2593 omnis
1456 2528 1765 2611 perfectio
1810 2528 1902 2591 vi-

402 2630 543 2711 guit
578 2648 593 2691 :
628 2629 895 2711 cupiens
923 2628 1177 2690 fundari
1212 2628 1627 2691 instructione
1657 2628 1901 2690 abbatis

406 2727 679 2809 praefati,
712 2746 839 2789 una
878 2746 1024 2789 eum
1068 2733 1287 2789 sancto
1327 2726 1553 2789 abbate
1593 2726 1903 2789 Germano

408 2040 717 2241 QUUM
745 2042 1131 2124 expetissem
1159 2041 1453 2105 abbatem
1484 2042 1760 2123 Moysen,
1791 2040 1903 2121 qui

1934 1646 1987 1709 A
2160 1649 2366 1712 MNES
2409 1659 2574 1713 artes
2612 1669 2686 1713 ac
2725 1652 3081 1734 disciplinae
3123 1654 3359 1717 habent
3402 1655 3514 1717 ali-

2188 1766 2379 1828 quem
2427 1767 2664 1831 scopon
2714 1768 2826 1812 seu
2877 1750 3385 1828 destinationem,
3437 1772 3510 1815 ac

2018 1845 2350 1926 proprium
2388 1844 2589 1908 finem
2623 1864 2636 1909 :
2669 1848 2747 1909 ad
2787 1867 2979 1929 quem
3020 1851 3367 1931 respiciens
3405 1870 3512 1933 ap·

2018 1942 2250 2024 petitor
2297 1950 2360 2004 et
2402 1944 2778 2008 exercitator
2829 1946 3249 2010 industriosus
3300 1949 3511 2031 cujus-

2015 2038 2171 2100 libet
2208 2040 2384 2114 artiS,
2417 2042 2858 2122 aequanimiter
2895 2046 3164 2107 sustinet
3203 2064 3276 2107 ac
3319 2045 3512 2108 liben-

2014 2145 2111 2198 ter
2171 2145 2434 2201 cunctos
2498 2138 2741 2203 labores
2801 2149 2864 2203 et
2925 2143 3322 2205 occurrentia
3383 2143 3508 2205 sibi

2015 2234 2300 2315 pericula
2339 2243 2528 2317 atque
2566 2238 2916 2319 dispendia.
2950 2240 3108 2301 Nam
3142 2248 3206 2302 et
3233 2241 3509 2322 agricola

2014 2350 2141 2395 non
2172 2333 2449 2396 declinat
2478 2335 2757 2399 fervidos
2790 2337 2996 2400 radios
3027 2338 3201 2413 solis,
3235 2358 3351 2401 nec
3383 2340 3509 2421 gla-

2014 2430 2179 2492 ciem
2227 2450 2346 2493 nec
2389 2433 2672 2514 pruinaS,
2716 2436 2825 2497 sed
2870 2444 3103 2498 terram
3152 2435 3509 2519 infatigabi-

2014 2528 2157 2590 liter
2202 2528 2437 2591 scindit
2474 2540 2537 2592 et
2577 2541 2732 2606 arat,
2775 2541 2838 2594 et
2882 2534 3071 2596 duras
3115 2535 3247 2617 agri
3291 2536 3506 2617 glebas

2011 2626 2268 2689 assiduo
2310 2646 2566 2691 vomere
2609 2628 2863 2712 frangit,
2905 2632 3059 2694 dum
3103 2651 3340 2715 scopon
3384 2653 3508 2696 ser-

2011 2732 2135 2797 vat,
2172 2724 2236 2787 id
2271 2733 2386 2799 est,
2421 2729 2818 2809 propositum
2859 2748 3047 2791 suum
3087 2732 3356 2792 attendit
3388 2749 3402 2793 ε
3438 2741 3508 2794 ut

402 2826 583 2906 (cum
624 2842 752 2906 quo
790 2824 914 2886 fuit
944 2824 1101 2886 mihi
1144 2831 1270 2886 tam
1312 2824 1752 2906 inseparabilis
1795 2824 1903 2886 ha·
1930 2821 1977 2882 B
2010 2822 2258 2884 scilicet
2293 2830 2524 2886 terram
2563 2825 2852 2887 sentibus
2890 2835 3304 2908 expurgatam
3332 2837 3395 2890 et
3425 2829 3506 2891 ab

404 2923 653 2997 bitatio‚
668 2932 799 2984 tam
830 2922 895 2984 in
927 2922 1219 2986 coenobio
1248 2941 1440 3003 quam
1474 2922 1538 2983 in
1567 2940 1802 2995 eremo,
1821 2922 1901 2984 ab

405 3023 547 3104 ipso
586 3022 770 3084 initio
808 3040 881 3083 ac
922 3021 1301 3084 rudimentis
1345 3021 1697 3103 spiritualis
1740 3020 1903 3082 mili-

400 3121 530 3193 tiae,
582 3128 653 3181 ut
704 3138 925 3182 omnes
976 3126 1331 3181 assererent
1380 3138 1570 3181 unam
1620 3126 1900 3182 mentem

398 3236 477 3279 ac
514 3218 797 3280 animam
833 3217 1081 3281 duobus
1124 3218 1331 3280 inesse
1366 3217 1787 3301 corporibus),
1822 3218 1899 3280 ad

396 3314 847 3379 aedificandam
906 3334 979 3377 ac
1038 3314 1457 3377 roborandam
1516 3315 1898 3397 parilitatem

396 3413 753 3476 sodalitatis
790 3421 1019 3476 nostrae
1056 3420 1246 3495 atque
1286 3414 1631 3495 propositi3
1672 3432 1899 3495 quum-

396 3530 528 3593 que
566 3511 757 3575 ambo
800 3511 992 3573 simul
1032 3511 1113 3573 ab
1152 3510 1378 3573 abbate
1423 3512 1631 3595 Moyse
1668 3529 1902 3574 sermo-

396 3628 553 3672 nem
610 3608 1051 3673 aedificationis
1106 3616 1466 3691 peteremus
1516 3628 1663 3671 cum
1722 3610 1902 3671 lacri-

396 3709 527 3770 mis
584 3707 921 3789 (scivimus
979 3725 1255 3788 namque
1314 3707 1664 3769 clarissime
1722 3708 1895 3769 hunc

392 3826 539 3869 esse
591 3806 863 3887 rigorem
912 3805 1112 3865 animi
1162 3804 1325 3885 ejuS,
1378 3812 1448 3866 ut
1495 3824 1897 3887 nequaquam

392 3904 835 3985 acquiesceret
880 3901 1235 3964 doctrinam
1293 3900 1704 3983 perfectionis
1755 3922 1901 3984 ape-

2010 2920 2228 2983 herbis
2265 2928 2456 3003 atque
2485 2923 2881 3003 graminibus
2918 2924 3265 3006 superfluis
3293 2944 3366 2988 ac
3397 2945 3506 2990 no-

2011 3018 2169 3081 civis
2202 3028 2593 3095 evacuatam,
2628 3023 2978 3085 exercendo
3018 3024 3406 3087 comminuat
3441 3025 3505 3087 in

2011 3117 2272 3179 modum
2325 3118 2534 3181 mollis
2582 3138 2809 3193 arenae,
2853 3120 3062 3184 sciens
3110 3140 3177 3183 se
3222 3142 3349 3185 non
3397 3123 3507 3185 ali·

2011 3222 2105 3276 ter
2132 3216 2514 3298 adepturum
2549 3216 2771 3291 finem,
2806 3218 2872 3280 id
2901 3225 2997 3280 est
3026 3222 3504 3303 perceptionem

2006 3312 2268 3394 frugum
2317 3314 2718 3396 copiosarum
2767 3324 2831 3377 et
2877 3317 3365 3381 exuberantium
3414 3339 3507 3382 se-

2006 3419 2246 3491 getum,
2281 3412 2405 3473 nisi
2451 3413 2572 3475 hoc
2617 3414 2920 3477 exercitio
2964 3416 3174 3497 operis
3221 3417 3342 3489 sui,
3378 3437 3506 3499 quo

2008 3508 2146 3589 ipse
2175 3509 2478 3590 deinceps
2510 3510 2714 3572 valeat
2745 3510 2940 3573 vitam
2975 3512 3263 3577 securius
3293 3533 3500 3595 agere,

2006 3614 2115 3667 aut
2173 3626 2354 3669 suam
2415 3608 2835 3670 substantiam
2893 3610 3338 3692 multiplicare.
3392 3615 3506 3676 De-

2007 3704 2203 3785 nique
2250 3705 2474 3768 horrea
2522 3725 2636 3767 sua
2681 3706 2886 3770 bladis
2944 3709 3184 3789 repleta
3233 3710 3504 3773 libenter

2006 3809 2292 3875 evacuat,
2352 3810 2416 3863 et
2474 3822 2548 3864 ea
2611 3802 2883 3865 libenter
2944 3804 3168 3867 inserit
3229 3807 3502 3889 putridis

2005 3897 2139 3979 agri
2169 3898 2388 3973 sulcis,
2415 3918 2542 3963 non
2575 3918 2801 3963 curans
2832 3901 3321 3967 diminutionem
3353 3923 3506 3987 prae-

392 4002 527 4063 rire
574 3998 1031 4082 quaerentibuS,
1074 3999 1197 4061 nisi
1244 3999 1713 4081 postulantibus
1756 4020 1897 4063 eam
1933 4000 1976 4064 C
2007 4005 2253 4059 sentem
2309 3998 2542 4061 intuitu
2601 4006 2662 4061 et
2712 4017 2925 4062 amore
2979 4001 3284 4062 messium
3336 4001 3504 4064 futu-

394 4098 685 4161 fideliter
730 4116 879 4159 cum
930 4104 1060 4159 tota
1108 4097 1315 4160 cordis
1364 4098 1764 4173 contritione,
1817 4118 1897 4161 ne

394 4196 725 4259 videretur
763 4196 1089 4258 incurrere
1128 4195 1358 4257 vitium
1398 4195 1717 4276 jactantiae
1759 4216 1899 4279 pro-

394 4294 741 4357 ditionisve
781 4293 1047 4367 crimen,
1082 4293 1136 4355 si
1176 4293 1504 4355 exhiberet
1544 4312 1643 4356 res
1686 4313 1898 4357 neces-

392 4392 596 4454 sarias
648 4391 911 4473 passim,
964 4390 1329 4453 nolentibus
1376 4398 1486 4453 aut
1533 4392 1744 4473 tepide
1790 4411 1896 4455 eas

391 4489 792 4571 optantibuS,
824 4507 969 4570 quae
1008 4488 1273 4569 cognitae
1312 4507 1451 4551 esse
1482 4488 1714 4551 debent
1744 4490 1895 4553 solis

393 4586 859 4670 perfectionem
918 4586 1327 4668 cupientibus
1387 4605 1534 4648 cum
1590 4587 1891 4670 fervore),

393 4687 657 4749 tandem
684 4685 927 4767 Moyses
958 4684 1190 4747 nostris
1229 4684 1531 4766 precibus
1572 4684 1892 4768 fatigatus,

394 4785 487 4846 ita
528 4782 773 4865 incepit
805 4798 821 4844 ε

828 5026 1334 5092 CAPITULUM
1380 5028 1468 5092 H.

2008 4113 2244 4157 rarum.
2297 4095 2728 4177 Negotiatores
2787 4116 3040 4179 quoque
3099 4117 3226 4162 non
3275 4100 3504 4163 timent

2010 4193 2284 4257 incertos
2343 4193 2550 4275 pelagi
2600 4212 2803 4268 casus,
2854 4214 2973 4257 nec
3021 4196 3160 4277 ejus
3219 4198 3503 4279 pericula

2008 4290 2689 4371 perhorrescunt,dum
2719 4292 2796 4353 ad
2827 4291 3026 4354 finem
3058 4302 3336 4374 quaestus
3367 4314 3506 4378 pro-

2008 4395 2316 4450 vocantur
2373 4406 2485 4470 spe
2546 4388 2725 4451 lucri.
2785 4390 3208 4454 conformiter
3264 4394 3332 4456 hi
3389 4395 3502 4477 qui

2004 4486 2440 4548 accenduntur
2467 4486 2814 4550 ambitione
2844 4489 3190 4552 mundialis
3231 4491 3498 4568 militiae,

2007 4601 2135 4646 non
2196 4584 2536 4646 advertunt
2595 4584 3177 4666 peregrinationum
3241 4608 3502 4653 suarum

2007 4681 2201 4743 exitia
2257 4688 2447 4763 atque
2495 4681 2888 4757 discrimina,
2940 4684 3093 4746 dum
3140 4687 3504 4769 adspiciunt

2006 4779 2208 4842 finem
2239 4798 2369 4843 suae
2400 4779 2698 4861 potentiae
2727 4799 2802 4843 ac
2831 4781 3178 4864 honorum3
3201 4804 3320 4849 nec
3353 4806 3506 4869 prae-

2008 4876 2298 4939 sentibus
2355 4877 2658 4939 aerumnis
2718 4897 2794 4941 ac
2851 4878 3038 4943 bellis
3099 4881 3501 4965 franguntur,

2007 4975 2162 5036 dum
2203 4974 2472 5055 cupiunt
2510 4975 2779 5058 adipisci
2815 4976 3018 5040 finem
3056 4980 3382 5062 dignitatis
3414 4982 3506 5045 eis

2009 5072 2429 5153 propositum.

396 5186 811 5257 Interroyatio
845 5182 1093 5240 abbatis
1127 5184 1377 5255 Moysis,
1407 5184 1547 5257 quis
1582 5186 1663 5240 sit
1692 5202 1899 5260 scopos
1928 5172 1980 5235 D
2090 5167 2290 5230 Habet
2337 5186 2490 5250 ergo
2550 5169 2859 5252 professio
2907 5180 3120 5235 nostra
3174 5174 3503 5257 proprium

529 5288 635 5331 seu
660 5273 997 5331 destinatio
1024 5271 1324 5336 monachi,
1353 5278 1413 5328 et
1440 5274 1581 5346 quis
1606 5274 1773 5346 finis.

2012 5284 2251 5349 scopon
2284 5285 2359 5328 ac
2393 5266 2595 5330 finem
2635 5287 2847 5344 suum,
2882 5278 3140 5352 propter
3168 5289 3359 5352 quem
3399 5290 3504 5336 ex-
