4359 6267
575 856 752 899 Manli.
769 867 826 904 xi,

559 919 827 970 ¹⁴;Malach.

558 1151 824 1202 llMaeh.v1‚

555 1349 674 1392 Dan.
687 1361 744 1400 ix,
756 1350 823 1392 27.

569 4796 679 4841 Gen.
697 4811 724 4848 ι,
749 4800 816 4839 31.

857 454 978 519 230
1550 471 1966 519 cotLArtoNUu
2008 471 2092 517 SS.
2128 470 2372 516 PATnma
2413 468 2587 515 LIBER
2630 469 2669 514 t.
2715 487 2796 496 -
2834 467 3120 514 COLLA'rlo
3140 451 3271 514 'vm

856 644 1156 725 derogare
1215 661 1342 707 non
1398 644 1606 718 debet,
1659 661 1858 725 quum
1909 642 2086 704 nulla
2131 660 2351 704 earum
2384 639 2434 702 A
2464 647 3055 720 pturam,tanquam
3088 647 3427 702 creatorem
3456 657 3531 700 ac
3562 639 3963 700 inventorem

858 742 1219 805 inveniatur
1257 742 1411 806 fidei
1451 761 1590 805 esse
1629 741 1943 805 contraria
1977 759 1991 802 :
2029 741 2218 823 quale
2256 747 2351 802 est

857 840 1036 911 illud,
1071 841 1240 923 quod
1273 841 1440 903 Elias
1471 841 1717 904 venerit
1757 841 1823 903 in
1865 841 2122 913 Joanne,
2155 847 2219 901 et
2246 839 2351 900 ad-

855 945 1118 1001 ventum
1168 940 1422 1002 Domini
1474 940 1556 1002 sit
1601 940 1832 1001 iterum
1879 955 2348 1020 praecessurus3

853 1044 917 1098 et
944 1037 1022 1099 de
1051 1037 1525 1101 abominatione
1555 1037 1986 1110 desolationis,
2019 1037 2190 1119 quod
2229 1044 2349 1098 ste-

854 1135 1002 1197 terit
1044 1135 1110 1199 in
1151 1136 1290 1198 loco
1329 1144 1546 1199 sancto
1585 1156 1697 1218 per
1737 1137 1897 1198 illud
1932 1136 2347 1198 simulacrum

852 1234 1022 1296 Jovis
1080 1235 1250 1316 quod
1311 1235 1582 1317 legimus
1645 1236 1922 1317 positum
1982 1235 2049 1297 in
2105 1236 2348 1318 templo

851 1332 1222 1407 Jerusalem,
1267 1341 1327 1395 et
1378 1353 1598 1396 rursus
1647 1341 1810 1396 stare
1854 1334 2082 1396 debeat
2123 1334 2187 1395 in
2234 1334 2349 1396 Ec-

854 1431 1050 1494 clesia
1097 1450 1212 1512 per
1255 1432 1630 1494 Antichristi
1681 1433 2062 1512 adventum3
2109 1432 2346 1514 illaque

853 1529 1068 1591 omnia
1115 1549 1257 1611 quae
1305 1528 1369 1590 in
1415 1530 1754 1611 Evangelio
1801 1539 1943 1612 post
1988 1530 2106 1593 ista
2151 1530 2347 1592 verba

851 1635 1227 1709 sequuntur,
1270 1647 1411 1709 quae
1460 1634 1522 1690 et
1569 1628 1833 1711 impleta
1881 1635 2030 1690 sunt
2071 1637 2217 1692 ante
2258 1629 2348 1691 Je-

849 1726 1314 1808 rosolymorum
1380 1727 1836 1807 captivitatem,
1897 1735 1961 1789 et
2019 1727 2345 1808 implenda

849 1825 1197 1887 creduntur
1236 1825 1300 1886 in
1342 1823 1476 1887 fine
1519 1825 1741 1888 mundi
1776 1843 1790 1887 ε
1826 1826 1892 1888 in
1923 1825 2157 1908 quibus
2191 1844 2343 1888 neu·
2380 1823 2428 1886 B

846 1929 942 1983 tra
979 1922 1198 2004 opinio
1234 1922 1425 1985 aliam
1465 1931 1561 1985 est
1603 1924 2008 2006 impugnans,
2051 1943 2170 1986 nec
2216 1924 2343 2006 pri-

846 2037 917 2082 or
960 2020 1320 2083 intellectus
1363 2029 1737 2103 sequentem
1776 2029 2057 2084 evacuat.

1269 2278 1771 2342 CAPITULUM
1836 2277 1916 2340 V.

924 2425 1096 2492 Quod
1116 2427 1441 2499 proposita
1469 2427 1725 2498 quoestio
1753 2426 2161 2497 computanda
2188 2426 2272 2480 sit

1033 2517 1196 2571 inter
1223 2532 1296 2572 ea
1324 2532 1461 2589 quoe
1487 2515 1679 2572 medie
1705 2521 1846 2571 sunt
1876 2515 2150 2572 tenenda.

996 2713 1123 2776 INC
1181 2713 1448 2795 quaestio
1495 2731 1531 2775 a
1581 2712 1760 2777 vobis
1819 2714 2142 2796 proposita
2194 2715 2341 2777 licet

1023 2829 1152 2874 non
1183 2811 1471 2874 videatur
1512 2811 1676 2873 inter
1715 2812 2006 2875 homines
2036 2813 2342 2876 ventilata

843 2909 1209 2993 frequenter
1255 2919 1363 2973 aut
1412 2911 1586 2986 satis,
1639 2930 1757 2974 nec
1807 2912 1976 2994 apud
2027 2913 2340 2995 plurimos

2462 737 2797 810 malorum,
2840 744 3058 819 utpote
3100 737 3269 818 quod
3316 736 3623 818 pessimas
3671 735 3965 799 volunta-

2461 843 2553 898 tes
2584 854 2657 897 ac
2689 844 2942 898 naturas
2973 835 3348 909 condiderit,
3380 842 3445 898 et
3474 834 3827 896 instituerit
3854 851 3962 896 eas

2458 934 2536 995 ad
2567 933 2690 996 hoc
2722 940 2793 995 ut
2832 934 2897 994 in
2940 933 3226 1016 nequitia
3250 934 3491 1015 jugiter
3520 939 3957 1016 perseverent,

2458 1051 2578 1094 nec
2608 1050 2891 1114 unquam
2932 1032 3181 1115 possint
3217 1032 3486 1094 transire
3527 1031 3592 1092 in
3632 1030 3821 1093 bonae
3860 1048 3963 1092 vo-

2461 1129 2721 1191 luntatis
2779 1129 3104 1191 affectum.
3164 1129 3543 1212 Accepimus
3603 1128 3821 1210 itaque
3882 1129 3961 1190 de

2458 1227 2633 1290 sonte
2674 1227 3143 1309 Scripturarum
3186 1237 3548 1291 sanctarum
3590 1227 3961 1290 traditione-

2456 1344 2583 1408 que
2639 1326 2892 1389 Patrum
2958 1326 3123 1388 hanc
3192 1327 3502 1389 rationem
3569 1325 3961 1389 diversitatis

2457 1423 2733 1506 praefatae
2777 1424 3090 1486 malorum
3134 1424 3585 1506 spiritualium.

2839 1680 3095 1744 CAPIT
3098 1681 3345 1745 ULUM
3408 1681 3556 1744 VII.

2715 1835 2796 1889 De
2843 1829 3030 1890 init'io
3068 1835 3539 1906 principatuum
3586 1851 3687 1891 seu

3006 1929 3390 1997 potestatum.

2594 2119 2750 2184 ΕΜΟ
2779 2120 3073 2183 fidelium
3104 2120 3374 2194 dubitat,
3398 2122 3599 2184 Deum
3631 2129 3779 2184 ante
3806 2139 3962 2184 con·

2620 2219 2928 2282 ditionem
2967 2219 3161 2301 hujus
3199 2219 3479 2283 visibilis
3517 2227 3825 2283 creaturae
3868 2219 3961 2282 fe-

2453 2315 2615 2379 cisse
2645 2317 3009 2398 spirituales
3049 2336 3123 2380 ac
3160 2318 3451 2381 coelestes
3485 2319 3777 2394 virtuteS,
3810 2337 3963 2400 quae

2452 2433 2529 2476 ex
2567 2415 2689 2478 hoc
2731 2416 2872 2497 ipso
2911 2417 3081 2499 quod
3120 2417 3444 2480 sciverunt
3474 2436 3541 2480 se
3572 2425 3813 2481 creatas
3848 2419 3961 2480 be·

2452 2512 2688 2576 neficio
2732 2514 2845 2576 Dei
2894 2515 2973 2576 ad
3022 2514 3483 2578 beatitudinem
3532 2524 3795 2591 tantam,
3848 2517 3961 2579 de-

2453 2610 2731 2674 buerunt
2768 2613 2826 2674 ei
2868 2613 3101 2694 gratias
3142 2612 3379 2676 referre
3410 2622 3749 2696 perpetuas
3780 2615 3960 2696 ejus-

2452 2728 2577 2790 que
2610 2710 2904 2773 laudibus
2934 2710 3260 2775 inhaerere.
3280 2712 3407 2774 Nec
3436 2712 3609 2774 enim
3636 2713 3960 2776 {estimare

2452 2805 2780 2882 debemuS,
2800 2809 2971 2891 quod
3003 2809 3168 2871 Deus
3198 2810 3602 2891 omnipotens
3632 2829 3795 2892 opus
3826 2830 3964 2874 cre-

2451 2905 2681 2966 ationis
2726 2906 3020 2987 primitus
3062 2907 3383 2970 inchoavit
3420 2909 3503 2970 ab
3549 2909 3959 2972 institutione

841 3017 1052 3090 pateat
1092 3018 1199 3072 aut
1245 3010 1694 3073 certitudinem
1738 3011 1988 3086 habeat,
2020 3019 2211 3095 atque
2256 3011 2337 3074 ob
2378 3010 2421 3073 C
2452 3003 2645 3084 hujus
2686 3005 2909 3066 mundi
2954 3005 3299 3080 sensibilis,
3343 3008 3526 3088 quasi
3566 3007 3633 3069 in
3674 3006 3802 3070 illis
3847 3028 3963 3070 an-

841 3108 977 3171 haec
1023 3107 1346 3190 aliquibus
1395 3107 1660 3171 forsitan
1704 3109 2094 3172 videbuntur
2136 3109 2339 3172 ambi-

839 3225 964 3288 gua
1003 3226 1144 3288 quae
1188 3206 1474 3268 dicemus
1511 3223 1524 3267 :
1561 3206 1798 3270 idcirco
1841 3215 2195 3289 temperare
2240 3209 2341 3270 de-

843 3303 1070 3366 bemus
1100 3313 1381 3366 nostram
1413 3305 1813 3380 sententiam,
1837 3307 2143 3388 quoniam
2172 3306 2338 3368 nihil

843 3403 1263 3484 praejudicant
1304 3402 1458 3464 fidei
1503 3403 1824 3466 Trinitatis
1871 3413 1940 3466 ut
1984 3404 2341 3468 habeantur

837 3502 1011 3590 'inter
1045 3521 1118 3564 ea
1164 3520 1304 3583 quae
1347 3502 1550 3564 medie
1591 3522 1703 3565 seu
1743 3503 2153 3584 opinabiliter
2194 3511 2341 3566 sunt

843 3600 1136 3672 tenenda,
1205 3618 1592 3682 quamquam
1663 3619 1788 3663 non
1860 3601 1968 3664 tali
2038 3603 2341 3684 opinione

844 3697 1052 3779 qualis
1097 3698 1301 3779 accipi
1343 3698 1504 3760 solet
1545 3717 1622 3760 ex
1668 3699 2052 3780 conjecturis
2097 3709 2160 3762 et
2206 3720 2341 3762 sus-

845 3794 1208 3878 picionibus
1259 3795 1434 3870 solis,
1487 3797 1597 3858 sed
1658 3797 2010 3861 manifestis
2059 3799 2341 3881 Scriptu-

845 3912 1060 3955 rarum
1099 3894 1481 3957 testimoniis
1522 3895 1738 3957 omnia
1778 3895 2237 3977 probabuntur.

1247 4149 1753 4214 CAPITULUM
1819 4149 1934 4212 VI.

1047 4297 1219 4363 Quod
1263 4296 1427 4352 nihil
1471 4314 1512 4354 a
1554 4299 1675 4354 Deo
1721 4303 2010 4360 creatum,
2055 4297 2138 4351 sit

1474 4386 1718 4444 malum.

985 4581 1150 4645 BSIT
1193 4599 1344 4663 ergo
1391 4590 1460 4644 ut
1502 4581 1816 4645 fateamur
1855 4582 2055 4644 Deum
2096 4600 2341 4644 creasse

1011 4681 1254 4762 aliquid
1289 4680 1792 4742 substantialiter
1834 4680 2096 4754 malum,
2140 4698 2340 4762 quum

847 4778 1158 4859 scriptum
1189 4778 1272 4839 sit
1307 4794 1320 4838 :
1356 4777 1582 4840 Omnia
1610 4797 1752 4860 quae
1783 4777 1936 4840 fecit
1967 4779 2130 4840 Deus
2164 4785 2343 4839 erant

845 4876 1028 4939 valde
1060 4874 1242 4938 bona.
1270 4875 1334 4937 Si
1367 4876 1539 4938 enim
1570 4876 1890 4939 daemones
1921 4895 1959 4938 a
1990 4876 2116 4938 Deo
2148 4875 2342 4937 creati

845 4983 996 5038 sunt
1037 4975 1208 5049 mali,
1240 4982 1350 5036 aut
1387 4973 1537 5036 facti
1579 4974 1656 5035 ad
1697 4974 1817 5036 hoc
1859 4981 1928 5036 ut
1970 4981 2223 5036 teneant
2262 4980 2345 5035 at·

846 5093 970 5156 que
999 5080 1334 5136 exerceant
1365 5073 1517 5135 istos
1551 5072 1808 5136 malitiae
1846 5072 2099 5152 graduS,
2132 5079 2197 5134 et
2239 5072 2342 5135 de-

846 5171 1248 5255 ceptionibus
1307 5191 1380 5234 ac
1439 5171 1640 5234 ruinis
1697 5172 2033 5234 hominum
2094 5179 2340 5246 vacent,

845 5270 1319 5336 diffamabimus
1351 5270 1551 5333 Deum
1582 5278 1800 5334 contra
1831 5269 2156 5352 praefatam
2190 5270 2349 5333 Scri-

2451 3101 2793 3165 terioribus
2838 3103 3239 3187 infinitisque
3280 3106 3529 3168 saeculis
3568 3105 3764 3168 fuerit
3792 3107 3960 3170 otio-

2452 3219 2559 3262 sus
2587 3201 2669 3262 ab
2699 3202 2875 3264 omni
2907 3203 3307 3284 providentia
3334 3212 3445 3265 aut
3472 3204 3960 3286 dispensatione

2451 3298 2703 3377 divina3
2745 3308 2809 3361 et
2851 3300 3033 3382 quasi
3084 3317 3213 3364 non
3255 3300 3498 3363 habens
3547 3301 3613 3363 in
3658 3321 3819 3384 quos
3866 3303 3963 3366 ef-

2452 3396 2747 3460 funderet
2775 3418 2906 3462 suae
2939 3399 3241 3462 bonitatis
3281 3399 3620 3474 beneficia,
3655 3401 3963 3464 credatur

2450 3496 2649 3560 fuisse
2680 3496 2999 3560 solitarius
3030 3506 3220 3579 atque
3249 3497 3329 3560 ab
3360 3499 3534 3561 omni
3568 3498 3963 3562 munificen-

2451 3595 2539 3656 tia
2588 3595 2854 3658 alienuS.
2899 3597 3073 3670 Quod
3123 3597 3361 3660 sentire
3411 3597 3488 3659 de
3540 3597 3649 3660 illa
3688 3605 3957 3672 aeterna,

2452 3693 2766 3756 immensa
2814 3702 2877 3756 et
2926 3695 3555 3778 incomprehensibili
3618 3697 3961 3778 majestate

2452 3792 2604 3853 satis
2685 3792 2927 3854 humile
3008 3793 3559 3876 incongruumque
3631 3795 3959 3870 consistit,

2452 3908 2653 3970 quum
2711 3898 2775 3952 et
2832 3890 2968 3972 ipse
3028 3891 3335 3954 Dominus
3394 3893 3471 3955 de
3528 3893 3961 3974 potestatibus

2452 3989 2579 4052 illis
2629 3997 2894 4053 testetur
2946 4009 2959 4053 :
3011 3991 3271 4064 Quando
3320 3989 3486 4054 facta
3534 4000 3685 4054 sunt
3740 3993 3963 4056 sidera
3986 4017 4241 4065 svamm,
4301 4005 4302 4014 ’

3990 4083 4033 4126 7,
4080 4082 4199 4134 juta

3992 4141 4113 4186 mr.

2454 4088 2697 4162 mundi,
2719 4088 3132 4152 laudaverunt
3163 4108 3265 4152 mc
3296 4107 3451 4153 voce
3484 4110 3711 4173 magna
3738 4092 3959 4172 angeli

2371 4189 2421 4251 D
2454 4187 2597 4248 mei.
2642 4187 2759 4261 Qui
2809 4205 2959 4268 ergo
3008 4189 3310 4251 creationi
3356 4189 3637 4253 siderum
3682 4189 3963 4252 interfu-

2452 4293 2659 4359 erunt,
2704 4285 3038 4347 manifeste
3080 4287 3579 4369 comprobantur
3619 4289 3812 4351 creati
3855 4289 3963 4352 su-

2455 4386 2577 4447 isse
2608 4393 2752 4448 ante
2788 4385 3180 4467 principium
3220 4387 3391 4449 istud
3432 4387 3499 4450 in
3539 4404 3667 4469 quo
3706 4388 3957 4452 factum
4021 4411 4223 4460 omri.

2453 4484 2687 4547 dicitur
2731 4483 2962 4547 coelum
3004 4491 3068 4546 et
3108 4492 3271 4546 terra
3306 4503 3318 4546 :
3352 4485 3595 4567 quippe
3633 4487 3749 4568 qui
3788 4489 3959 4550 refe-

2454 4590 2682 4644 runtur
2736 4581 3094 4645 Creatorem
3159 4583 3447 4646 laudasse
3505 4602 3661 4646 voce
3722 4603 3961 4666 magna

2454 4699 2600 4742 cum
2650 4681 3066 4744 admiratione
3125 4700 3240 4763 pro
3290 4683 3608 4745 creatione
3656 4683 3961 4746 omnium

2452 4779 2678 4840 harum
2711 4778 3065 4841 visibilium
3097 4788 3550 4856 creaturarum,
3586 4801 3745 4866 quas
3776 4782 3963 4845 vide-

2453 4877 2605 4940 bant
2664 4895 2741 4938 ex
2799 4877 3002 4940 nihilo
3060 4879 3465 4960 processisse.
3528 4881 3746 4962 Itaque
3804 4890 3963 4944 ante

2454 4976 2623 5038 istud
2660 4975 3051 5058 principium
3086 4978 3435 5059 temporale
3474 4997 3511 5040 a
3550 4979 3761 5061 Moyse
3792 4981 3965 5043 reci-

2453 5075 2850 5157 tatum‚quod
2882 5074 3168 5156 designat
3197 5076 3422 5139 mundi
3452 5077 3645 5158 hujus
3674 5085 3961 5154 aetatem,

2454 5174 2807 5235 secundum
2846 5173 3245 5248 historicum,
3279 5175 3409 5237 imo
3438 5176 3773 5238 Judaicum
3808 5196 3965 5240 sen-

2457 5291 2601 5334 sum
2656 5271 2861 5354 (salvo
2916 5271 3215 5335 videlicet
3271 5280 3488 5336 nostro
3544 5292 3761 5350 sensu,
3820 5293 3961 5358 quo
