4359 6267
1046 539 1463 588 coLLATtONUu
1504 539 1590 584 SS.
1624 538 1868 584 PATnun
1906 536 2084 582 LIBER
2125 537 2187 581 n.
2232 553 2313 564 --
2352 534 2638 580 COLLATlo
2677 533 2763 578 XX

3338 510 3455 574 367

391 720 600 795 quanta
635 713 717 775 sit
755 713 896 793 ejus
940 712 1162 794 gratia,
1196 718 1432 794 quanta
1468 709 1730 784 utilitaS,
1769 709 1856 770 ita
1882 708 1933 769 A
1963 706 2424 788 exprimantur,
2459 712 2611 767 tunc
2656 703 2969 766 credenda
3010 709 3159 765 sunt
3200 707 3458 783 peccata

393 819 450 872 ut
473 812 548 890 (si
577 811 696 874 dici
731 810 826 874 fas
865 811 988 890 est)
1018 810 1198 893 quasi
1238 808 1503 873 obsistat
1534 809 1660 869 Deo
1700 826 1856 888 prae-

390 910 571 971 teritis
619 910 894 991 peccatis
943 908 1214 982 offenso,
1259 917 1449 989 atque
1500 923 1614 988 pro
1664 905 1855 967 tantis

391 1007 739 1069 criminibus
774 1007 1198 1089 justissimam
1239 1023 1492 1088 poenam
1538 1021 1684 1066 mox
1724 1002 1858 1064 illa—

387 1114 512 1168 turo
547 1115 652 1168 aut
689 1106 1011 1180 inferenti,
1044 1114 1108 1168 et
1139 1106 1240 1186 (ut
1269 1105 1360 1166 sic
1395 1101 1644 1184 loquar)
1674 1099 1856 1183 quasi

389 1204 705 1285 suspendat
746 1204 1070 1265 dexteram
1110 1201 1294 1264 inviti
1338 1200 1580 1263 ultoris.
1620 1200 1856 1260 Verum

388 1320 498 1363 non
525 1301 774 1382 ambigo
807 1301 1025 1364 omnia
1059 1301 1178 1362 ista
1207 1299 1387 1362 vobis
1427 1298 1678 1379 cognita
1717 1315 1854 1358 esse

387 1419 453 1461 ex
491 1399 792 1481 sapientia
832 1399 1147 1481 acquisita
1188 1407 1251 1460 et
1289 1397 1607 1460 indefesso
1644 1394 1854 1457 studio

387 1499 856 1579 Scripturarum,
893 1505 964 1559 ut
1004 1497 1210 1580 prima
1250 1495 1556 1578 plantatio
1599 1512 1856 1556 conver-

387 1597 624 1658 sationis
659 1603 884 1659 vestrae
924 1596 1258 1658 inoleverit
1296 1612 1374 1657 ex
1413 1593 1534 1656 his.
1571 1592 1855 1674 Denique

385 1694 616 1756 solliciti
658 1712 786 1757 non
832 1695 908 1756 de
952 1692 1343 1777 poenitentiae
1387 1691 1710 1775 qualitate,
1745 1690 1854 1752 sed

387 1793 452 1854 de
483 1792 612 1873 ejus
647 1792 778 1855 fine
818 1811 892 1854 ac
931 1791 1382 1854 satisfactionis
1418 1789 1676 1864 indicio,
1711 1808 1856 1870 pru-

387 1890 730 1952 dentissime
779 1889 1064 1973 quaeritis
1113 1890 1280 1972 quod
1331 1897 1428 1951 est
1475 1886 1853 1971 praetermis—
1889 1883 1934 1945 Β

385 2007 511 2050 sum
553 1989 629 2050 ab
677 1989 842 2051 aliis,
895 1989 1230 2070 Propterea
1284 1985 1648 2050 satisfacere
1705 1985 1852 2046 niti-

385 2106 514 2148 mur
552 2088 868 2150 desiderio
915 2093 1140 2149 vestrae
1193 2084 1647 2169 propositionis
1706 2103 1852 2146 cum

384 2186 537 2247 omni
578 2186 888 2249 brevitate
929 2193 1120 2266 atque
1165 2185 1560 2266 compendio.

777 2438 1282 2502 CAPITULUM
1335 2438 1418 2502 V.

495 2589 576 2644 De
602 2587 774 2643 modo
797 2585 1203 2658 poenitentioe,
1233 2590 1290 2640 et
1322 2583 1724 2655 indulqentiae

921 2675 1288 2731 documento,

491 2875 688 2938 LENA
735 2881 926 2956 atque
985 2873 1267 2956 perfecta
1314 2872 1608 2936 definitio
1655 2871 1855 2954 poeni-

508 2973 715 3036 tentiae
749 2980 866 3046 est,
900 2980 970 3033 ut
1001 2990 1402 3054 nequaquam
1444 2971 1709 3032 ulterius
1749 2971 1855 3031 ad-

1965 804 2284 887 praeterita
2327 803 2512 867 nobis
2556 821 2694 865 esse
2737 802 3023 874 dimissa,
3056 818 3256 882 quum
3299 798 3459 861 desi-

1963 903 2137 965 deria
2165 907 2229 964 et
2259 902 2585 983 passiones
2613 901 3013 982 voluptatum
3050 896 3457 981 praesentium

1963 1021 2037 1064 ac
2083 1001 2545 1084 praeteritarum
2594 999 2833 1062 fuerint
2876 998 3067 1060 simul
3117 996 3383 1079 depulsa
3422 1015 3459 1061 a

1965 1099 2265 1163 cordibus
2308 1098 2559 1162 nostris.

2369 1353 2895 1436 CAPITULUM,
2935 1352 3051 1416 VI.

1965 1501 2401 1572 Interroqatio,
2440 1515 2525 1555 an
2564 1504 2811 1570 peccata
2849 1499 2976 1554 sint
3013 1497 3459 1554 reminiscenda

2276 1604 2397 1660 pro
2426 1589 2629 1644 cordis
2657 1589 3131 1660 compunctione.

2109 1787 2469 1849 ERMANUS
2514 1806 2527 1850 :
2573 1787 2749 1848 Unde
2791 1786 2859 1846 in
2902 1785 3088 1848 nobis
3130 1784 3303 1866 gigni
3348 1803 3456 1866 po-

2121 1885 2271 1946 terit
2306 1885 2597 1947 salutaris
2632 1883 3041 1966 compunctio
3076 1882 3459 1945 humiliatio-

1965 1983 2085 2058 niS,
2118 1983 2196 2046 de
2234 2003 2361 2065 qua
2398 2002 2474 2045 ex
2520 2000 2791 2065 persona
2832 1981 3200 2064 poenitentis
3240 1981 3333 2044 sic
3369 1981 3459 2043 di-

1964 2083 2151 2156 citur,
2187 2083 2520 2145 Peccatum
2564 2100 2777 2143 meum
2820 2080 3144 2162 cognitum
3179 2079 3297 2141 tibi
3332 2079 3456 2142 feci
3486 2101 3749 2152 pannus.

1962 2187 2026 2242 et
2071 2181 2453 2262 injustitiam
2498 2199 2705 2242 meam
2749 2197 2874 2242 non
2920 2178 3256 2257 abscondi3
3300 2179 3456 2253 dixi,

1964 2277 2332 2341 Confitebor
2377 2279 2716 2341 adversum
2763 2296 2864 2339 me
2909 2276 3289 2357 injustitiam
3336 2296 3462 2339 me-

1962 2397 2064 2440 am
2111 2377 2417 2455 Domino;
2458 2384 2527 2438 ut
2574 2376 2927 2438 efficaciter
2968 2375 3179 2438 dicere
3223 2394 3463 2438 merea-

1967 2495 2111 2537 mur
2141 2476 2311 2557 quod
2347 2475 2656 2556 sequitur,
2693 2474 2769 2536 Et
2800 2481 2867 2535 tu
2899 2473 3201 2536 remisisti
3234 2473 3460 2556 impie·
3527 2492 3713 2538 amem.

1962 2581 2153 2637 tatem
2179 2573 2423 2656 peccati
2457 2573 2619 2635 mei?
2640 2574 2760 2635 Aut
2788 2573 3060 2655 qualiter
3088 2573 3155 2635 in
3184 2573 3462 2636 oratione

1964 2673 2283 2755 prostrati,
2317 2671 2673 2734 valebimus
2712 2671 2988 2734 excitare
3018 2689 3130 2734 nos
3173 2672 3344 2754 ipsos
3382 2673 3462 2735 ad

1964 2770 2477 2852 compunctionis
2532 2770 2823 2844 lamenta,
2876 2789 2990 2852 per
3037 2788 3179 2851 quae
3227 2789 3463 2832 merea-

1965 2889 2108 2932 mur
2153 2868 2457 2950 consequi
2502 2867 2757 2930 veniam
2802 2867 3204 2941 delictorum,
3236 2886 3460 2930 secun-

1963 2970 2116 3031 dum
2175 2967 2357 3042 illud,
2419 2966 2669 3029 Lavabo
2725 2984 2838 3048 per
2894 2965 3175 3046 singulas
3242 2973 3459 3028 noctes
3512 2992 3731 3044 aasz,

383 3071 686 3133 mittamus
729 3079 988 3152 peccata
1021 3070 1098 3131 de
1135 3068 1369 3150 quibus
1409 3069 1720 3142 dolemuS,
1755 3069 1854 3130 vel
1891 3062 1935 3125 C
1965 3068 2202 3129 lectum
2242 3084 2479 3138 meum,
2514 3065 2793 3126 lacrimis
2824 3065 2982 3127 meis
3022 3072 3289 3127 stratum
3330 3083 3460 3126 me-

379 3170 594 3250 quibus
625 3169 1019 3232 remordetur
1050 3169 1440 3230 conscientia
1467 3174 1698 3229 nostra.
1723 3168 1860 3230 Por-

379 3287 439 3329 ro
484 3267 787 3330 indicium
836 3266 1287 3328 satisfactionis
1336 3274 1399 3328 et
1443 3264 1854 3346 indulgentiae

378 3375 483 3440 est,
513 3367 826 3449 expulisse
870 3365 1142 3427 affectus
1189 3365 1491 3427 vitiorum
1533 3365 1612 3426 de
1656 3364 1854 3426 cordi-

379 3464 488 3527 bus
545 3465 792 3528 nostris.
852 3464 1111 3527 Noverit
1173 3464 1348 3525 enim
1412 3463 1852 3545 unusquisque

379 3565 643 3626 nondum
695 3583 762 3626 se
809 3563 1175 3625 absolutum
1222 3581 1260 3624 a
1309 3561 1595 3644 pristinis
1652 3561 1849 3634 vitiis,

376 3663 663 3743 quamdiu
723 3661 931 3742 imago
990 3661 1476 3723 commissorum
1540 3659 1850 3721 malorum

376 3769 478 3822 aut
503 3759 930 3823 consimilium
957 3759 1302 3820 criminum
1343 3758 1698 3841 praeluserit
1728 3757 1850 3820 sibi

375 3867 510 3920 ante
544 3859 756 3921 oculos
801 3875 971 3933 suOS,
1005 3857 1156 3919 dum
1199 3855 1613 3918 satisfactioni
1656 3855 1852 3936 gemi-

377 3957 658 4038 tibusque
717 3957 1002 4029 inhaeret,
1055 3964 1118 4017 et
1174 3973 1396 4016 eorum
1456 3971 1583 4016 non
1643 3953 1848 4015 dicam

376 4055 713 4128 delectatio,
755 4055 865 4116 sed
915 4054 1016 4116 vel
1066 4053 1274 4115 tenuis
1325 4052 1675 4114 recordatio
1723 4059 1852 4113 tur-

375 4152 604 4216 baverit
661 4153 893 4215 mentis
951 4171 1080 4215 suae
1127 4170 1374 4213 arcana.
1427 4151 1483 4212 Is
1533 4167 1682 4230 ergo
1741 4151 1850 4231 qui

1967 3186 2075 3228 um
2116 3164 2371 3246 rigabo;
2404 3165 2456 3226 si
2500 3163 2873 3226 memoriam
2914 3171 3317 3244 peccatorum
3354 3180 3461 3224 no-

1965 3272 2241 3326 strorum
2284 3261 2666 3345 expellimus
2710 3262 2787 3324 de
2833 3261 3132 3323 cordibus
3181 3261 3459 3324 nostris?

1963 3363 2098 3424 Imo
2134 3361 2490 3424 econtrario
2524 3359 2828 3440 jubemur
2870 3360 3238 3422 memoriam
3279 3360 3459 3422 vitio-

1962 3479 2106 3521 rum
2146 3467 2507 3522 nostrorum
2543 3458 2849 3521 tenaciter
2884 3458 3223 3534 custodire,
3256 3477 3457 3540 quum

1964 3558 2269 3620 Dominus
2316 3557 2484 3618 dicat
2518 3573 2531 3618 :
2566 3556 2982 3638 Iniquitatum
3028 3563 3280 3619 tuarum
3329 3575 3457 3619 non
3501 3581 3751 3634 zamma,

1964 3655 2362 3728 recordabor,
2437 3663 2501 3716 tu
2571 3673 2723 3717 vero
2794 3663 3131 3718 memento.
3204 3657 3458 3738 Propter
3481 3643 3749 3698 ''um'‘xx·

1963 3755 2129 3837 quod
2177 3773 2302 3817 non
2348 3755 2555 3816 solum
2595 3755 2935 3835 operand0‚
2970 3754 3080 3816 sed
3122 3761 3185 3816 et
3222 3753 3459 3816 orando

1963 3873 2259 3917 revocare
2305 3854 2528 3916 studeo
2570 3853 2761 3915 etiam
2802 3872 2880 3914 ex
2920 3852 3244 3935 proposito
3288 3871 3458 3914 men-

1962 3961 2090 4015 tem
2135 3971 2340 4014 meam
2369 3952 2447 4013 ad
2480 3959 2887 4033 peccatorum
2925 3969 3215 4013 meorum
3255 3968 3457 4012 recor-

1962 4052 2305 4124 dationem,
2332 4057 2399 4111 ut
2429 4050 2759 4112 efficacius
2792 4056 2999 4111 motus
3029 4050 3105 4111 ad
3136 4048 3459 4111 humilita-

1961 4156 2091 4211 tem
2126 4156 2188 4211 et
2220 4149 2426 4211 cordis
2468 4147 2936 4220 contritionem,
2969 4147 3179 4209 dicere
3208 4147 3453 4209 valeam

377 4271 482 4333 pro
525 4251 952 4315 satisfactione
1013 4249 1324 4331 invigilat,
1376 4249 1533 4310 sciat
1582 4267 1649 4310 se
1700 4256 1851 4310 tunc
1884 4249 1932 4310 D
1961 4269 2109 4311 cum
2159 4248 2467 4330 Propheta
2510 4265 2522 4309 :
2566 4247 2721 4310 Vide
2771 4246 3197 4309 humilitatem
3245 4265 3450 4308 meam
3480 4265 3745 4317 pamma.

375 4370 408 4411 a
443 4349 812 4413 criminibus
859 4348 1224 4411 absolutum
1273 4367 1346 4410 ac
1395 4348 1473 4409 de
1517 4346 1852 4428 praeteritis

377 4449 569 4531 culpis
598 4447 852 4512 veniam
891 4447 1271 4528 suscepisse,
1305 4466 1506 4529 quum
1547 4463 1674 4508 non
1713 4463 1853 4507 sen-

378 4549 518 4612 serit
563 4567 671 4612 cor
719 4567 908 4610 suum
969 4547 1308 4629 perstringi
1371 4545 1689 4609 illecebris
1746 4553 1857 4607 aut

379 4646 812 4730 imaginatione
854 4646 1244 4708 earumdem.
1279 4645 1438 4707 Hinc
1482 4644 1855 4707 verissimus

379 4745 752 4826 poenitentiae
789 4745 1181 4806 examinator
1214 4752 1275 4806 et
1306 4742 1718 4824 indulgentiae
1753 4743 1852 4824 ju-

376 4844 482 4906 dex
519 4843 755 4906 residet
793 4843 858 4905 in
899 4842 1290 4905 conscientia
1331 4848 1564 4914 nostra,
1599 4841 1709 4923 qui
1750 4843 1855 4903 de-

378 4943 516 5023 tegit
563 4941 749 5004 nobis
805 4940 1012 5002 adhuc
1062 4940 1128 5000 in
1177 4958 1364 5001 carne
1415 4939 1665 5001 mortali
1727 4957 1858 5002 mo-

377 5041 650 5104 rantibus
698 5039 1165 5102 absolutionem
1213 5037 1412 5100 nostri
1461 5045 1671 5100 reatus
1713 5047 1858 5099 ante

375 5141 533 5204 diem
573 5138 952 5221 cognitionis
996 5145 1188 5220 atque
1227 5137 1477 5218 judicii,
1513 5135 1858 5218 panditque

379 5240 552 5302 nobis
599 5239 802 5306 finem
849 5237 1302 5300 satisfactionis
1350 5242 1413 5297 et
1455 5235 1720 5316 gratiam
1771 5255 1864 5298 re-

1961 4355 2025 4410 et
2054 4347 2335 4409 laborem
2378 4364 2614 4420 meum,
2644 4353 2709 4408 et
2737 4345 2986 4408 dimitte
3027 4345 3327 4408 universa
3352 4345 3454 4407 de-

1963 4446 2112 4507 licta
2155 4464 2313 4507 mea.

2358 4697 2859 4762 CAPITULUM
2923 4696 3073 4760 VII.

1965 4847 2323 4920 Responsio,
2354 4861 2662 4918 quousque
2698 4843 2975 4901 habenda
3009 4844 3093 4898 sit
3121 4842 3464 4899 recordatio

2270 4935 2749 5008 proecedentium
2776 4932 3151 4989 delictorum.

2096 5133 2447 5197 lNUPHIUS
2483 5149 2495 5193 ε
2538 5130 2947 5211 interrogatio
2986 5137 3195 5192 vestra
3235 5147 3462 5212 propo-

2111 5233 2233 5296 sita
2275 5241 2371 5294 est
2414 5249 2540 5294 non
2585 5231 2661 5292 de
2705 5228 3005 5310 qualitate
3049 5227 3459 5308 poenitentiae,

385 5337 714 5401 missionis.
749 5337 994 5400 Interea
1023 5344 1094 5399 ut
1124 5337 1244 5399 ista
1271 5335 1403 5416 jam
1435 5335 1603 5397 dicta
1632 5334 1864 5396 clarius
1971 5333 2080 5396 sed
2121 5332 2200 5394 de
2239 5331 2370 5393 fine
2412 5329 2651 5413 ipsius3
2683 5327 2761 5389 ad
2801 5345 2991 5409 quam
3030 5327 3129 5406 (ut
3165 5325 3465 5408 arbitror)
