4359 6267
1137 530 1553 579 cotLArrona
1596 530 1680 577 ss.
1716 528 1959 575 urium
2002 530 2176 575 mnan
2219 528 2258 575 ι.
2306 548 2387 557 -
2427 528 2712 578 commo
2755 530 2823 577 111
3415 508 3526 576 171

414 702 745 781 junctum,
808 721 937 786 quo
996 722 1111 765 nos
1174 709 1482 764 sustentat
1542 718 1615 761 ac
1676 696 2007 761 roboratA

422 818 688 861 suarum
732 802 973 864 auxilio
1020 819 1347 873 manuum,
1381 816 1581 879 quum
1625 815 1739 859 nos
1781 814 1926 857 con-

422 898 619 979 spicit
650 898 968 973 vacillare,
1002 918 1081 961 ne
1124 918 1237 979 per
1276 898 1551 958 liberum
1591 895 1926 957 arbitrium

84 1016 389 1064 pneuma.
422 996 685 1077 penitus
716 1014 1101 1059 corruamus.
1126 997 1201 1057 Et
1232 1014 1449 1057 rursus
1475 1012 1490 1054 :
1516 993 1579 1055 Si
1611 992 1924 1065 dicebam,

424 1094 660 1175 inquit,
702 1096 903 1158 Motus
952 1103 1048 1157 est
1094 1114 1205 1176 pes
1258 1111 1435 1154 meus
1484 1092 1761 1173 (lubrica
1808 1090 1927 1151 sci-

424 1191 581 1253 licet
627 1193 876 1255 arbitrii
929 1192 1273 1273 facultate),
1318 1189 1753 1252 misericordia
1795 1195 1924 1263 tua,

422 1290 717 1364 Domine,
763 1291 1104 1371 adjuvabat
1146 1308 1247 1351 me
1281 1306 1295 1350 ε
1330 1307 1444 1370 ρει·
1482 1288 1650 1369 quod
1695 1286 1925 1347 iterum

423 1407 559 1449 suae
620 1386 960 1450 mobilitati
1023 1388 1315 1468 adjunxit
1372 1384 1731 1448 subsidium
1789 1383 1923 1457 Dei,

424 1485 579 1565 quia
623 1484 856 1547 fatetur
900 1504 1037 1547 esse
1080 1504 1239 1567 opus
1290 1482 1741 1546 misericordiae
1789 1481 1923 1555 Dei,

426 1600 557 1644 non
616 1602 748 1646 suae
798 1584 1147 1657 industriae,
1200 1582 1369 1663 quod
1429 1599 1540 1662 pes
1596 1598 1727 1641 suae
1774 1578 1927 1639 fidei

120 1702 249 1745 ma.
278 1705 361 1747 ιε».
426 1698 557 1743 non
598 1688 695 1743 est
729 1689 958 1743 motus.
992 1682 1279 1762 Itemque
1313 1696 1327 1740 ε
1362 1678 1725 1741 Secundum
1769 1675 1929 1737 mul-

429 1778 771 1840 titudinem
809 1779 1102 1841 dolorum
1142 1794 1429 1839 meorum
1471 1776 1535 1837 in
1568 1774 1755 1837 corde
1788 1791 1930 1835 meo

424 1876 569 1956 (qui
602 1876 805 1937 libero
842 1875 1109 1937 arbitrio
1138 1882 1287 1935 sunt
1327 1873 1446 1935 orti
1490 1872 1555 1933 in
1598 1871 1748 1951 me),
1782 1888 1927 1933 con·
1966 1872 2013 1933 B

428 1973 769 2035 solationes
802 1982 925 2037 tuae
959 1973 1442 2035 laetificaverunt
1481 1971 1761 2032 animam
1804 1987 1931 2030 me-

426 2090 535 2133 am
569 2091 584 2135 :
618 2092 761 2153 quae
802 2090 916 2154 per
955 2079 1151 2143 tuam,
1185 2088 1223 2132 o
1252 2070 1539 2142 Domine,
1575 2067 1932 2148 inspiratio-

426 2188 577 2231 nem
611 2169 841 2232 infusae
870 2176 1019 2231 sunt
1048 2169 1229 2243 mihi,
1260 2174 1739 2247 reserantesque
1772 2164 1928 2226 mihi

424 2268 695 2349 gloriam
746 2267 1104 2330 futurorum
1148 2266 1461 2328 bonorum
1506 2284 1647 2345 quae
1692 2282 1929 2345 praepa-

426 2366 582 2427 rasti
627 2364 1065 2427 laborantibus
1105 2382 1221 2446 pro
1262 2372 1342 2437 te,
1377 2382 1503 2426 non
1543 2363 1749 2425 solum
1794 2362 1932 2424 abs-

428 2463 717 2525 tulerunt
758 2463 918 2524 mihi
967 2480 1223 2525 omnem
1268 2462 1476 2524 cordis
1524 2462 1927 2534 anxietatem,

428 2579 654 2622 verum
707 2562 903 2622 etiam
962 2560 1367 2623 contulerunt
1427 2558 1583 2621 mihi
1643 2557 1927 2621 laetitiam

122 2689 247 2730 ma.
284 2690 363 2732 ιτ.
430 2678 727 2739 magnam
768 2678 841 2720 ac
882 2659 1169 2720 multam.
1206 2658 1282 2718 Et
1316 2658 1525 2719 denuo
1559 2675 1573 2718 :
1606 2657 1739 2719 Nisi
1779 2658 1929 2739 quia

430 2758 743 2819 Dominus
789 2757 1037 2837 adjuvit
1084 2774 1208 2829 me,
1254 2755 1445 2837 paulo
1494 2756 1703 2817 minus
1754 2755 1929 2817 habi-

428 2862 624 2916 tasset
673 2855 740 2915 in
800 2854 1052 2917 inferno
1101 2854 1315 2915 anima
1364 2870 1555 2915 mea:
1601 2872 1713 2935 per
1761 2853 1930 2934 quod

430 2959 699 3014 testatur
743 2952 1179 3014 habitaturum
1223 2970 1290 3013 se
1333 2951 1530 3013 fuisse
1574 2951 1640 3011 in
1684 2950 1933 3012 inferno

431 3048 621 3111 liberi
661 3048 911 3111 arbitrii
944 3050 1277 3131 pravitate,
1312 3049 1437 3111 nisi
1476 3047 1753 3110 salvatus
1783 3047 1936 3108 fuis·
1970 3056 2012 3118 C

430 3155 529 3209 set
558 3146 880 3227 adjutorio
920 3147 1441 3228 protectioneque
1472 3145 1741 3207 Domini.
1776 3144 1932 3207 Nam

124 3268 211 3311 Ρ..
235 3279 403 3315 xxm.
430 3263 689 3325 gressus
720 3245 1001 3307 hominis
1032 3245 1396 3325 diriguntur
1426 3262 1461 3305 a
1490 3243 1779 3315 Domino,
1806 3260 1933 3303 non

94 3333 171 3373 ²³·
430 3342 514 3404 ab
558 3342 827 3404 arbitrio
872 3342 1093 3405 libero.
1130 3342 1206 3403 Et
1248 3359 1450 3423 quum
1493 3340 1795 3402 ceciderit
1831 3340 1931 3419 ju-

126 3460 257 3503 leid.
285 3462 363 3503 ει.
432 3448 570 3501 stus
619 3458 739 3502 suo
796 3439 998 3502 libero
1054 3439 1339 3511 arbitrio,
1370 3432 1515 3499 ‘non
1575 3438 1927 3499 collidetur.

430 3538 693 3611 Quare?
740 3538 898 3611 Quia
955 3538 1261 3599 Dominus
1319 3535 1621 3618 supponit
1672 3553 1931 3596 manum

428 3654 633 3697 suam.
669 3636 800 3697 Hoc
844 3642 940 3697 est
976 3634 1376 3717 apertissime
1415 3632 1627 3695 dicere
1662 3651 1676 3694 :
1708 3631 1932 3693 Nullus

422 3733 749 3813 justorum
798 3731 1045 3795 sufficit
1086 3732 1210 3793 sibi
1258 3731 1337 3793 ad
1380 3730 1791 3793 obtinendam
1836 3728 1935 3809 ju-

424 3830 695 3903 stitiam,
729 3831 856 3892 nisi
897 3830 1113 3892 divina
1150 3828 1489 3891 clementia
1526 3828 1935 3909 supposuerit

427 3927 813 3990 fulcimenta
852 3947 981 3989 suae
1021 3927 1318 4008 potentiae
1358 3926 1416 3987 ei
1457 3944 1573 4007 per
1613 3933 1933 3988 momenta

424 4026 682 4107 singula
730 4025 1077 4098 vacillanti,
1128 4043 1208 4085 ne
1258 4031 1607 4105 prostratus
1666 4025 1935 4086 intereat

426 4124 688 4205 penitus
727 4141 928 4205 quum
970 4121 1165 4183 fuerit
1202 4121 1575 4184 infirmitate
1616 4121 1802 4183 liberi
1840 4140 1935 4183 ar-

429 4221 609 4283 bitrii
656 4220 894 4302 lapsus,
1962 4225 2012 4289 D

803 4474 1307 4540 CAPITULUM
1372 4477 1563 4541 XIII.

549 4614 721 4681 Quod
748 4613 1009 4670 directio
1038 4616 1183 4671 vitae
1209 4621 1435 4671 nostroe
1462 4620 1547 4670 sit
1575 4631 1656 4671 ex
1682 4617 1821 4671 Deo,

578 4811 895 4885 UNQUAM
940 4812 1141 4873 sancti
1183 4812 1304 4874 viri
1350 4812 1647 4874 dixerunt
1690 4831 1757 4874 se
1799 4830 1939 4893 pro—

598 4910 739 4990 pria
779 4910 1093 4971 industria
1130 4910 1484 4973 obtinuisse
1521 4910 1935 4972 directionem

442 5007 563 5069 viae
592 5027 718 5089 qua
746 5007 1199 5088 gradiebantur
1226 5008 1305 5069 ad
1336 5006 1794 5089 perfectionem
1824 5008 1943 5091 vir·

446 5112 675 5177 tutum,
708 5105 819 5167 sed
860 5104 1275 5167 directionem
1316 5106 1479 5166 hanc
1515 5105 1937 5186 deprecaban-

116 5220 422 5267 122.1m·‚5.
450 5209 555 5263 tur
580 5220 615 5264 a
643 5204 794 5275 Dec,
828 5203 1112 5264 dicentes
1145 5219 1159 5263 :
1192 5204 1411 5283 Dirige
1447 5221 1546 5264 me
1578 5203 1643 5264 in
1674 5202 1939 5264 veritate

154 5316 245 5359 Ρ..
270 5328 319 5365 v,
342 5316 391 5357 ⁹.
452 5306 602 5379 tua3
654 5308 739 5373 et,
796 5300 1011 5379 Dirige
1071 5299 1136 5361 in
1194 5306 1540 5380 conspectu
1599 5307 1709 5362 tuo
1767 5290 1937 5361 viam

2041 716 2288 776 meam3
2335 707 2417 772 et,
2463 700 2686 761 Notam
2734 699 2833 761 fac
2879 700 3038 761 mihi
3082 700 3252 762 viam
3298 700 3362 762 in
3405 719 3530 781 qua
3557 717 3822 769 Ρωωῃε.

2037 795 2379 858 ambulem.
2415 797 2593 858 Alius
2637 806 2851 859 autem
2898 797 3127 859 clamat
3166 817 3232 859 se
3270 798 3391 859 hoc
3429 798 3532 859 de-

2038 894 2450 975 prehendisse
2509 913 2636 956 non
2697 895 2903 957 solum
2960 896 3114 969 fide,
3172 896 3281 958 sed
3339 896 3530 957 etiam

2037 993 2496 1073 experimentO,
2529 999 2591 1054 et
2636 994 3105 1074 quodammodo
3149 993 3214 1056 in
3260 994 3398 1075 ipsa
3442 1013 3533 1056 re-

2038 1109 2180 1151 rum
2233 1098 2476 1164 natura,
2523 1092 2793 1153 dicendo
2836 1110 2850 1153 z
2895 1092 3193 1173 Cognovi,
3240 1092 3526 1166 Domine,
3572 1113 3806 1163 Jer.x,2a.

2038 1188 2190 1269 quia
2227 1206 2354 1249 non
2395 1196 2488 1250 est
2527 1188 2590 1249 in
2633 1188 2894 1251 homine
2923 1189 3028 1251 via
3065 1190 3226 1270 ejuS‚
3261 1208 3379 1251 nec
3409 1190 3529 1251 viri

2038 1292 2132 1347 est
2162 1292 2235 1345 ut
2261 1286 2545 1347 ambulet
2573 1294 2636 1347 et
2665 1288 2895 1368 dirigat
2923 1306 3175 1368 gressus
3212 1306 3378 1350 suos
3414 1288 3533 1349 Un-

2038 1384 2115 1443 de
2157 1383 2466 1445 Dominus
2510 1384 2598 1445 ait
2642 1386 2719 1446 ad
2769 1386 2957 1447 lsrael
3002 1402 3016 1445 :
3059 1385 3338 1466 Dirigam
3383 1403 3529 1446 eum
3563 1402 3821 1453 oceanus».

2039 1498 2155 1561 ego
2199 1488 2268 1541 ut
2315 1481 2588 1543 abietem
2634 1482 2968 1556 virentem,
3011 1502 3086 1545 ex
3137 1501 3238 1544 me
3290 1483 3532 1544 fructus

2039 1587 2188 1639 tuus
2233 1578 2530 1641 inventus
2573 1586 2686 1642 est.

2412 1832 2916 1897 CAPITULUM
2977 1836 3160 1899 XIV.

2122 1981 2294 2047 Quod
2333 1980 2592 2035 scientia
2635 1981 2786 2051 leyis
2829 1982 3062 2040 dz‘vinoe
3105 1983 3459 2054 conferatur

2238 2066 2693 2125 illuminatione
2722 2086 2793 2125 ac
2819 2074 3174 2143 magisterio
3203 2074 3333 2129 Dei.

2182 2265 2611 2327 ESIDERANT
2661 2285 2915 2348 quoque
2973 2269 3157 2331 electi
3211 2277 3272 2331 et
3325 2269 3535 2331 Sancti

2199 2363 2466 2444 adipisci
2499 2364 2832 2426 scientiam
2863 2366 3042 2446 legiS‚
3067 2386 3194 2430 non
3227 2367 3539 2428 industria

2043 2460 2356 2533 lectioniS‚
2394 2463 2503 2524 sed
2554 2464 2917 2543 magisterio
2959 2472 3021 2526 et
3071 2466 3537 2527 illuminatione

2044 2560 2176 2632 Dei,
2220 2567 2470 2621 orantes
2506 2578 2520 2621 z
2555 2561 2700 2621 Vias
2745 2569 2904 2635 tuaS,
2949 2562 3235 2637 Domine,
3279 2564 3536 2625 demon·
3565 2583 3828 2634 Panum.

2044 2665 2173 2719 stra
2217 2657 2398 2731 mihi,
2441 2665 2503 2719 et
2545 2659 2802 2720 semitas
2847 2667 2985 2721 tuas
3027 2660 3220 2722 edoce
3265 2678 3402 2738 me;
3449 2668 3532 2735 et,

2044 2755 2272 2817 Revela
2309 2755 2527 2816 oculos
2568 2774 2763 2829 meOS,
2799 2764 2858 2817 et
2899 2757 3309 2820 considerabo
3357 2758 3537 2820 mira·
3579 2776 3830 2833 Panum,

2042 2852 2198 2914 bilia
2254 2854 2331 2914 de
2391 2852 2526 2933 lege
2585 2862 2736 2931 tua3
2797 2862 2880 2927 et,
2942 2854 3106 2915 Doce
3167 2873 3268 2915 me
3326 2855 3533 2918 facere
3560 2845 3814 2949 {210¹qu

2043 2950 2434 3011 voluntatem
2478 2959 2671 3023 tuam,
2707 2952 2857 3032 quia
2895 2951 3059 3012 Deus
3101 2970 3279 3013 meus
3323 2970 3388 3013 es
3429 2960 3530 3031 tu3
3747 2938 3758 2957 '
3821 2939 3831 2950 ⁸

2044 3048 2346 3129 itemque,
2380 3048 2496 3121 Qui
2535 3050 2719 3110 docet
2757 3049 3084 3110 hominem
3123 3050 3475 3112 scientiam.
3563 3073 3830 3125 Ps.xcm,10.

2430 3302 2933 3365 CAPITULUM
3002 3302 3151 3365 XV.

2046 3449 2216 3515 Quod
2266 3465 2304 3503 a
2347 3450 2468 3509 Deo
2519 3449 2822 3505 donentur
2862 3448 3203 3505 intellectus
3246 3466 3363 3523 quo
3403 3467 3540 3522 pos-

2113 3552 2314 3592 sumus
2360 3538 2651 3593 mandata
2687 3537 2801 3593 Dei
2848 3554 3219 3609 coquoscere,
3261 3545 3318 3594 et
3366 3539 3536 3596 bonoe

2112 3626 2447 3681 voluntatis
2481 3625 2751 3699 affec-tua.

2174 3830 2419 3894 EATUS
2458 3848 2712 3913 quoque
2743 3831 2940 3893 David
2979 3833 3100 3894 scit
3131 3852 3197 3895 se
3233 3851 3360 3895 non
3401 3851 3540 3914 pos-

2202 3929 2407 3990 sidere
2437 3928 2560 3989 nisi
2590 3947 2626 3989 a
2660 3930 2928 3991 Domino
2969 3930 3180 4011 ipsum
3219 3930 3412 3992 etiam
3450 3930 3541 3992 in-

2041 4025 2390 4099 tellectum,
2426 4043 2552 4107 quo
2592 4034 2803 4107 posset
2836 4045 3176 4107 agnoscere
3219 4027 3328 4089 Dei
3368 4047 3540 4089 man-

2042 4124 2208 4197 data,
2255 4143 2394 4205 quae
2445 4124 2665 4204 utique
2711 4132 2971 4186 noverat
3014 4125 3251 4205 scripta
3291 4143 3429 4187 esse
3475 4125 3539 4185 in

2044 4221 2208 4284 libro
2240 4221 2431 4301 legis3
2465 4222 2614 4303 quia
2645 4222 2816 4283 hunc
2848 4222 3126 4303 postulat
3155 4242 3192 4283 a
3221 4222 3350 4283 Deo
3379 4223 3540 4283 acci-

2043 4337 2216 4399 pere,
2240 4318 2458 4380 dicens
2486 4336 2498 4380 :
2526 4317 2756 4381 Servus
2789 4326 2934 4380 tuus
2965 4337 3080 4399 ego
3111 4338 3276 4393 sum,
3311 4319 3390 4380 da
3421 4318 3538 4379 mi·
3591 4343 3672 4388 Ρ..
3693 4356 3831 4395 mm,

2044 4416 2110 4477 hi
2144 4416 2538 4478 intellectum
2571 4423 2640 4476 ut
2668 4416 2910 4478 discam
2944 4416 3237 4478 mandata
3270 4424 3395 4479 tua.
3422 4416 3540 4489 Qui
3571 4410 3663 4449 ¹²⁵·

2047 4515 2266 4596 utique
2313 4514 2511 4575 David
2570 4522 2904 4595 postquam
2964 4515 3245 4597 possedit
3294 4515 3541 4577 intelle-

2045 4618 2220 4674 ctum
2273 4631 2309 4673 a
2359 4611 2487 4673 Deo
2546 4611 2666 4673 sibi
2727 4612 3098 4674 naturaliter
3157 4612 3536 4693 praestitum,

2044 4709 2317 4772 habebat
2340 4726 2592 4791 quoque
2627 4710 2690 4769 in
2722 4718 3021 4791 promptu
3054 4710 3341 4773 notitiam
3376 4730 3544 4773 man-

2045 4810 2334 4870 datorum
2368 4808 2477 4868 Dei
2510 4826 2652 4889 quae
2683 4806 2917 4888 scripta
2947 4816 3125 4869 erant
3158 4808 3223 4870 in
3265 4809 3438 4889 lege;
3480 4816 3543 4870 et

2048 4914 2258 4968 tamen
2307 4906 2393 4966 ita
2435 4907 2807 4986 deprecatus
2852 4912 2948 4967 est
2988 4906 3353 4980 Dominum,
3391 4926 3543 4988 qua-

2046 5012 2230 5067 tenus
2271 5004 2602 5065 scientiam
2645 5003 2828 5064 istam
2872 5004 3376 5084 apprehenderet
3415 5004 3544 5084 ple-

2046 5103 2214 5175 niuS,
2248 5102 2454 5163 sciens
2493 5100 2616 5161 sibi
2658 5118 2785 5162 non
2826 5118 3009 5181 posse
3040 5099 3341 5163 sufficere
3372 5102 3541 5183 quod

2048 5219 2159 5282 per
2189 5197 2572 5262 creationem
2611 5198 2879 5279 accepit,
2914 5198 3037 5259 nisi
3075 5198 3358 5279 quotidie
3403 5198 3545 5260 illu-

2047 5298 2400 5360 minaretur
2438 5316 2475 5359 a
2519 5297 2646 5358 Deo
2693 5296 2770 5357 ad
2820 5295 3303 5377 intelligendum
3361 5296 3544 5379 spiri-
