4359 6267
1090 512 1505 560 coLLATIONUH
1548 513 1637 558 SS.
1669 513 1913 559 PATmm
1954 512 2130 559 LIBER
2169 513 2209 558 1.
2255 532 2336 541 ·—
2375 513 2661 561 COLLATIO
2699 515 2769 560 111

3360 494 3474 559 167

373 668 859 743 elimationibus
922 683 1202 764 expolita
1258 702 1333 745 ac
1394 682 1735 764 purificata
1794 682 1875 743 ab
1904 680 1956 745 A
1987 691 2130 765 post
2159 702 2340 746 esum
2372 702 2620 747 mannae
2649 683 2924 747 coelestis
2958 684 3476 747 desideraverunt

374 778 557 839 omni
606 778 950 842 affectione
999 788 1061 841 et
1109 779 1411 861 qualitate
1461 785 1729 853 terrena,
1766 798 1879 861 per

375 875 849 939 indesinentem
891 879 1367 941 meditationem
1408 878 1877 959 Scripturarum

372 982 743 1037 sanctarum
794 976 1289 1060 spiritualesque
1340 976 1615 1039 theorias
1665 995 1877 1038 ascen-

372 1072 545 1133 derit
583 1091 867 1155 eousque
910 1074 989 1135 ad
1029 1074 1381 1135 invisibilia
1419 1092 1492 1135 ac
1536 1073 1774 1146 divina,
1810 1080 1878 1134 ut

370 1171 675 1251 supernis
719 1172 1235 1253 incorporeisque
1278 1172 1539 1244 intenta,
1574 1190 1702 1233 non
1741 1190 1878 1233 sen-

372 1267 492 1328 tiat
522 1288 591 1331 se
622 1266 1083 1331 circumdatam
1113 1269 1450 1349 fragilitate
1487 1270 1695 1331 carnis
1726 1269 1878 1330 situ-

372 1384 505 1445 que
537 1368 864 1447 corporis3
898 1367 965 1428 in
994 1367 1361 1447 hujusmodi
1393 1384 1647 1449 quoque
1678 1366 1878 1447 rapia-

372 1470 482 1523 tur
510 1482 835 1535 excessus,
872 1473 940 1526 ut
971 1481 1095 1526 non
1128 1464 1334 1527 solum
1366 1465 1573 1526 nullas
1612 1463 1877 1544 recipiat

374 1578 570 1622 voces
602 1562 915 1642 corporali
946 1562 1191 1635 auditu,
1224 1580 1341 1623 nec
1372 1560 1693 1623 intuendis
1726 1580 1879 1643 prae·

372 1659 769 1720 tet-euntium
802 1659 1189 1741 imaginibus
1229 1666 1593 1740 occupetur,
1629 1660 1737 1721 sed
1768 1676 1875 1719 ne-

368 1774 507 1837 que
546 1756 856 1837 adspiciat
896 1757 1363 1837 magnitudines
1403 1756 1763 1837 adjacentes
1801 1774 1873 1817 ac

1984 780 2240 843 foetidos
2271 782 2447 844 cibos
2477 782 2776 843 vitiorum
2810 800 2882 843 ac
2916 780 3148 843 foetidae
3178 781 3472 859 vilitatis3

1985 886 2048 940 et
2086 898 2165 941 ne
2210 898 2680 941 murmuremus
2721 898 2866 941 cum
2908 879 3022 952 eiS,
3063 879 3424 941 dicentibus
3457 895 3470 939 :

1984 978 2151 1039 Bene
2197 985 2329 1039 erat
2367 977 2551 1041 nobis
2593 979 2658 1039 in
2689 979 2976 1060 AEgyptO,
3010 978 3262 1059 quando
3301 977 3475 1038 sede·
3515 982 3766 1047 snam.

1986 1075 2212 1136 bamus
2255 1095 2446 1157 super
2476 1076 2630 1138 ollas
2672 1077 2982 1151 carnium,
3017 1083 3079 1138 et
3109 1074 3477 1138 comedeba-
3504 1059 3768 1171 {ssm‘n'

1988 1192 2129 1235 mus
2174 1192 2346 1254 caepc
2397 1181 2461 1235 et
2512 1174 2661 1235 allia
2713 1181 2775 1235 et
2823 1192 3194 1237 cucumeres
3251 1182 3315 1235 et
3368 1192 3474 1254 pe-

1987 1288 2203 1351 poneS.
2268 1272 2416 1343 Quae
2473 1270 2682 1351 figura
2741 1272 2888 1333 licet
2948 1272 3010 1333 in
3071 1272 3308 1353 populo
3366 1271 3476 1334 illo

1986 1368 2402 1450 praecesserit,
2435 1376 2646 1430 tamen
2689 1370 2978 1431 videmus
3017 1388 3156 1432 eam
3193 1368 3477 1450 quotidie

1987 1466 2053 1526 in
2106 1472 2321 1529 nostro
2372 1466 2592 1528 ordine
2641 1473 2704 1527 et
2753 1466 3145 1548 professione
3199 1465 3472 1547 impleri.

1984 1564 2381 1645 Quicumque
2421 1565 2593 1625 enim
2635 1573 2776 1646 post
2816 1564 3036 1626 mundi
3075 1564 3480 1626 abrenuntia-

1984 1662 2224 1725 tionem
2277 1663 2439 1724 redit
2486 1664 2564 1724 ad
2615 1662 2882 1744 pristina
2924 1662 3090 1725 facta
3130 1681 3204 1724 ac
3246 1661 3476 1736 studia,

1984 1768 2174 1841 atque
2219 1760 2297 1822 ad
2337 1759 2651 1821 desideria
2694 1768 3024 1822 revocatur
3065 1760 3295 1841 priora,
3330 1778 3478 1821 cum

366 1854 645 1933 grandes
706 1854 1001 1916 materias
1054 1855 1259 1917 oculis
1311 1854 1519 1916 carnis
1566 1854 1867 1934 objectas.
1909 1858 1956 1919 B
1988 1858 2250 1938 ingratis
2294 1858 2421 1919 illis
2468 1857 2700 1920 Judaeis
2747 1857 3097 1939 proclamat
3143 1864 3355 1919 mente
3404 1875 3477 1919 ac

368 1951 575 2031 Cujus
618 1952 708 2013 rei
752 1951 1057 2014 virtutem
1100 1972 1173 2014 ac
1217 1951 1413 2014 fidem
1458 1951 1603 2033 quis
1648 1970 1873 2033 capere

369 2049 621 2129 nequit,
656 2049 783 2111 nisi
819 2068 939 2132 per
976 2050 1435 2132 experientiam
1473 2050 1767 2111 didicerit
1801 2068 1875 2111 ea

367 2166 522 2227 quae
567 2148 843 2209 dicimus
899 2166 913 2209 z
964 2148 1149 2228 cujus
1197 2147 1494 2210 videlicet
1543 2148 1873 2210 interiores

368 2244 597 2308 oculos
643 2246 811 2307 Deus
862 2245 949 2307 ita
996 2246 1374 2309 abstraxerit
1418 2246 1498 2307 ab
1558 2245 1873 2307 universis

368 2343 912 2423 praesentibuS,ut
940 2352 1191 2425 reputet
1219 2362 1293 2405 ea
1322 2360 1443 2406 non
1475 2344 1652 2426 quasi
1684 2350 1877 2406 trans-

373 2441 567 2514 itura,
610 2443 722 2503 sed
763 2442 945 2524 quasi
986 2449 1299 2503 transacta
1341 2449 1405 2503 et
1442 2443 1623 2523 quasi
1669 2442 1737 2503 in
1778 2442 1873 2503 ni-

106 2552 199 2594 cea.
218 2557 342 2601 vat.
372 2539 587 2600 hilum
616 2539 899 2602 resoluta
929 2546 999 2600 ut
1035 2538 1288 2601 fumum
1328 2541 1620 2619 inanem;
1651 2540 1872 2601 ambu-

374 2636 647 2718 lansque
711 2636 909 2699 instar
960 2637 1174 2699 Enoch
1233 2657 1381 2700 cum
1439 2639 1587 2711 Deo,
1640 2646 1704 2699 et
1760 2656 1875 2719 per

372 2754 631 2797 morum
674 2734 1155 2809 conversionem
1195 2736 1272 2797 de
1310 2736 1590 2799 humana
1618 2754 1875 2799 conver-

371 2831 622 2894 satione
654 2832 1016 2906 translatuS,
1050 2851 1177 2895 non
1218 2832 1579 2897 inveniatur
1607 2834 1675 2895 in
1704 2834 1877 2896 vani-

372 2939 507 2992 tate
536 2931 755 2993 saeculi
784 2930 1191 3012 hujuS.Quod
1220 2932 1532 3013 scriptura
1562 2932 1873 2995 Geneseos

1984 1974 2174 2037 opere
2212 1974 2225 2015 :
2259 1956 2425 2017 Bene
2468 1954 2628 2016 mihi
2665 1962 2798 2016 erat
2837 1954 2904 2016 in
2943 1956 3226 2037 AEgypto.
3263 1955 3339 2015 Et
3376 1973 3480 2016 ve-

1984 2071 2127 2115 reor
2154 2072 2234 2115 ne
2265 2060 2439 2115 tanta
2473 2052 2555 2113 sit
2584 2052 2812 2115 horum
2845 2052 3209 2125 multitude,
3242 2058 3478 2133 quanta

1985 2159 2137 2214 tunc
2166 2151 2290 2213 fuit
2329 2150 2513 2212 turba
2554 2150 2809 2212 illorum
2850 2149 2970 2211 sub
3009 2151 3236 2231 Moyse.
3270 2149 3476 2222 Quum

1983 2249 2155 2311 enim
2223 2256 2521 2310 sexcenta
2587 2246 2789 2309 millia
2854 2255 3241 2310 armatorum
3306 2263 3478 2309 com·
3533 2267 3770 2319 mnam,

1985 2353 2288 2428 putentur
2334 2346 2412 2407 de
2459 2347 2723 2428 AEgypto
2767 2362 3039 2425 egressa,
3091 2352 3305 2406 tamen
3352 2343 3480 2405 duo
3509 2332 3770 2441 ‘'kam-m,

1982 2443 2311 2505 dumtaxat
2339 2462 2416 2504 ex
2443 2444 2570 2505 illis
2602 2444 2869 2523 ingressi
2902 2450 3051 2504 sunt
3079 2450 3311 2504 terram
3343 2459 3484 2524 pro-
3509 2457 3575 2497 30.

1984 2541 2330 2603 missionis.

2063 2639 2224 2701 Hinc
2280 2637 2711 2701 festinandum
2762 2646 2857 2702 est
2903 2638 3112 2713 nobiS,
3165 2646 3234 2699 ut
3281 2638 3478 2700 virtu-

1984 2745 2121 2799 tum
2180 2738 2474 2818 exempla
2530 2756 2857 2800 sumamus
2914 2757 2951 2799 a
3010 2737 3230 2819 paucis
3288 2744 3478 2818 atque

1984 2835 2347 2909 rarissimiS‚
2397 2836 2700 2917 quoniam
2745 2836 2927 2916 juxta
2974 2834 3248 2916 figuram
3302 2834 3476 2895 illam

1984 2933 2375 3015 praedictam‚
2412 2932 2477 2994 in
2519 2931 2858 3013 Evangelio
2891 2951 3144 3013 quoque
3178 2932 3479 2993 dicuntur

374 3036 693 3090 memorat
749 3028 1161 3109 corporaliter
1208 3027 1449 3090 factum
1506 3029 1575 3090 in
1632 3028 1869 3101 Enoch,
1910 3034 1953 3097 C
1985 3030 2170 3092 multi
2214 3030 2443 3103 vocati,
2479 3030 2664 3111 pauci
2709 3047 2860 3091 vero
2902 3028 3108 3091 electi.
3141 3028 3242 3091 Nil
3285 3028 3478 3109 igitur
3505 3048 3777 3099 Matthxxn,

130 3138 224 3181 ma.
250 3141 314 3183 ἐι.
370 3126 701 3187 dicendo:
742 3125 1109 3189 Ambulavit
1156 3127 1375 3189 Enoch
1424 3145 1573 3188 cum
1620 3127 1769 3199 Deo,
1812 3133 1875 3187 et

370 3240 509 3285 non
570 3222 1040 3297 inveniebatur,
1102 3225 1254 3306 quia
1310 3224 1631 3286 transtulit
1691 3224 1873 3285 illum

370 3322 568 3383 Deus.
601 3320 943 3403 Apostolus
984 3341 1239 3404 quoque
1281 3323 1359 3384 ad
1402 3321 1693 3385 Hebraeos
1734 3322 1822 3384 ait
1856 3338 1870 3382 :

108 3440 336 3491 aeonas.
374 3420 532 3481 Fide
574 3418 792 3481 Enoch
832 3422 1170 3481 translatus
1209 3428 1326 3493 est,
1360 3428 1429 3481 ut
1465 3437 1593 3481 non
1633 3420 1876 3481 videret

370 3523 673 3579 mortem.
709 3517 798 3578 De
836 3536 962 3598 qua
996 3525 1196 3580 morte
1237 3516 1541 3579 Dominus
1582 3517 1647 3578 in
1678 3517 1878 3578 Evan-

130 3638 339 3691 Jmu..
366 3614 547 3695 gelio
586 3614 871 3697 loquitur
906 3632 919 3676 :
954 3616 1071 3688 Qui
1101 3616 1261 3678 vivit
1299 3622 1362 3676 et
1401 3615 1602 3677 credit
1641 3615 1708 3676 in
1747 3633 1872 3689 me,

108 3701 161 3741 ²³·
366 3731 509 3776 non
554 3713 863 3776 morietur
903 3713 971 3774 in
1013 3721 1343 3777 aeternum.

453 3812 854 3894 Quapropter
882 3811 935 3873 si
966 3829 1181 3873 veram
1220 3810 1677 3891 perfectionem
1718 3810 1878 3872 desi-

368 3910 677 3971 deramus
725 3909 1055 3989 attingere,
1102 3907 1403 3970 festinare
1452 3907 1758 3970 debemus
1808 3915 1878 3969 ut

368 4008 547 4069 sicut
587 4024 853 4087 corpore
891 4006 1299 4088 despeximus
1338 4013 1652 4088 parenteS,
1684 4008 1875 4087 patri-

368 4124 500 4178 am,
522 4104 779 4166 divitias
803 4104 1299 4185 voluptatesque·
1316 4104 1554 4177 mundi,
1574 4103 1661 4165 ita
1683 4104 1874 4165 etiam

1985 3127 2267 3209 proderit
2313 3128 2497 3190 nobis
2556 3126 3026 3189 abrenuntiatio
3084 3126 3366 3208 corporis
3415 3134 3479 3187 et
3510 3114 3574 3153 ¹⁴·

1983 3224 2452 3305 transmigratio
2480 3244 2557 3287 ex
2596 3225 2790 3305 hujus
2829 3224 3052 3286 mundi
3082 3225 3349 3307 AEgypto
3390 3223 3478 3285 lo-

1984 3322 2160 3396 calis,
2195 3323 2318 3384 nisi
2353 3323 2819 3385 obtinuerimus
2857 3322 3478 3384 abrenuntiationem

1984 3420 2350 3493 secundam,
2385 3440 2526 3501 quae
2565 3419 2903 3481 sublimior
2947 3418 3289 3501 utiliorque
3333 3435 3480 3480 con-

1984 3518 2169 3579 sistit.
2223 3518 2378 3579 Nam
2427 3519 2505 3580 de
2553 3518 3107 3580 abrenuntiatione
3167 3516 3480 3598 corporali

1983 3615 2071 3676 ait
2116 3604 2456 3697 Apostolus
2503 3636 2517 3679 :
2571 3616 2634 3678 Si
2683 3614 3070 3677 distribuero
3119 3632 3338 3677 omnes
3389 3614 3479 3676 fa·
3531 3631 3772 3683 mamm.

1985 3712 2251 3775 cultates
2298 3732 2468 3775 meas
2513 3713 2580 3774 in
2622 3712 2799 3775 cibos
2844 3731 3219 3794 pauperum,
3260 3720 3324 3773 et
3362 3719 3481 3774 tra·
3511 3698 3549 3737 ³·

1985 3811 2205 3873 didero
2237 3828 2466 3892 corpus
2497 3830 2710 3873 meum
2745 3819 2813 3872 ut
2840 3812 3116 3883 ardeam,
3153 3810 3477 3872 caritatem

1985 3917 2197 3972 autem
2248 3927 2375 3971 non
2425 3909 2728 3983 habuero,
2781 3908 2942 3970 nihil
2994 3908 3150 3969 mihi
3201 3908 3475 3989 prodest.

1986 4008 2158 4081 Quod
2201 4006 2422 4069 beatus
2451 4007 2789 4087 Apostolus
2826 4024 3155 4087 nunquam
3191 4005 3476 4079 dixisset,

1986 4106 2109 4167 nisi
2155 4104 2221 4166 in
2265 4104 2496 4185 spiritu
2541 4104 2935 4185 praevidisset
2978 4102 3267 4164 futurum
3309 4103 3478 4183 quod

370 4204 569 4265 corde
602 4203 737 4265 haec
766 4203 980 4264 omnia
1011 4201 1483 4283 relinquamus;
1517 4220 1633 4263 nec
1664 4201 1877 4283 aliqua
1905 4204 1954 4265 D
1984 4203 2182 4284 aliqui
2233 4201 2533 4264 omnibus
2593 4201 2782 4263 rebus
2831 4200 2963 4262 suis
3013 4199 3078 4261 in
3129 4220 3280 4261 usus
3332 4218 3481 4281 pau-

370 4300 901 4381 concupiscentia
929 4307 1323 4361 revertamur
1351 4300 1429 4361 ad
1459 4318 1533 4361 ea
1561 4318 1704 4380 quae
1737 4318 1877 4380 pro-

372 4408 522 4480 pter
544 4398 747 4459 Deum
777 4398 1717 4478 dimisimuS‚quemadmodum
1752 4397 1873 4459 filii

370 4496 569 4558 lsrael
602 4515 717 4577 per
744 4496 997 4577 Moysen
1029 4495 1108 4557 de
1129 4497 1396 4577 AEgypto
1425 4495 1660 4568 educti,
1685 4496 1874 4557 corde

372 4595 617 4657 reversi
658 4602 807 4656 sunt
846 4594 1022 4665 illuc,
1066 4613 1265 4675 quum
1308 4611 1569 4674 corpore
1614 4611 1742 4655 non
1784 4612 1876 4656 re-

372 4694 665 4755 diissent.
701 4692 859 4754 Nam
890 4691 1111 4754 relicto
1140 4692 1269 4753 Deo
1299 4691 1409 4773 qui
1438 4710 1545 4754 eos
1576 4693 1877 4754 eduxerat

376 4810 531 4852 cum
560 4798 736 4852 tanta
765 4791 1001 4852 virtute
1032 4789 1383 4870 signorum,
1416 4789 1697 4851 venerati
1728 4796 1877 4852 sunt

379 4889 552 4951 idola
607 4888 855 4970 AEgypti
916 4906 1059 4969 quae
1119 4894 1507 4968 spreverant,
1569 4887 1736 4949 sicut
1788 4888 1880 4949 ait

112 5004 353 5053 semma
383 4987 715 5068 Scriptura
751 5004 764 5047 ε
808 4986 1062 5048 Reversi
1107 4994 1256 5047 sunt
1293 4985 1590 5047 cordibus
1632 4985 1765 5047 suis
1810 4986 1876 5046 in

112 5100 359 5155 emma,
385 5087 749 5167 AEgyptum‚
793 5084 1077 5146 dicentes
1124 5085 1201 5145 ad
1251 5084 1478 5156 Aaron,
1524 5084 1642 5145 Fac
1692 5083 1877 5145 nobis

116 5168 147 5203 ¹·
384 5183 539 5244 deos
578 5182 691 5263 qui
735 5182 1094 5263 praecedant
1130 5198 1264 5243 nos.
1298 5181 1387 5243 Ne
1433 5182 1585 5243 item
1625 5182 1880 5244 damne-

384 5297 537 5341 mur
577 5297 727 5341 cum
770 5279 896 5342 illis
938 5278 1047 5360 qui
1090 5279 1155 5340 in
1198 5296 1413 5341 eremo
1449 5286 1873 5360 peragranteS,

1986 4319 2212 4381 perum
2256 4299 2523 4372 traditis,
2558 4298 2890 4380 pervenire
2933 4315 3063 4359 non
3113 4306 3357 4378 queunt
3401 4298 3480 4359 ad

1985 4398 2415 4478 evangelicam
2456 4395 2912 4477 perfectionem
2953 4394 3360 4476 caritatisque
3388 4413 3482 4457 ar-

1985 4496 2186 4557 duum
2230 4495 2486 4557 culmen
2529 4511 2542 4555 :
2586 4493 2738 4575 quia
2777 4492 3075 4554 videlicet
3113 4492 3481 4555 dominante

1987 4594 2053 4656 in
2095 4594 2189 4654 eis
2239 4591 2539 4673 superbia
2585 4598 2696 4653 aut
2745 4590 3162 4672 impatientia,
3205 4590 3481 4653 retinent

1988 4692 2053 4755 in
2096 4711 2163 4754 se
2203 4690 2472 4773 pristina
2514 4689 2670 4751 vitia
2719 4688 3202 4769 inconditosque
3247 4707 3478 4763 moreS,

1986 4809 2104 4853 nec
2151 4790 2231 4851 ab
2282 4789 2408 4850 illis
2457 4794 2750 4868 satagunt
2791 4806 2857 4849 se
2908 4804 3199 4868 purgare,
3243 4787 3481 4850 idcirco

1987 4889 2345 4970 pertingere
2375 4894 2702 4968 nequeunt
2729 4886 2808 4947 ad
2839 4886 3161 4947 caritatem
3190 4886 3480 4967 Dei,quae
3551 4899 3668 4943 [ιη-«ι.
3691 4904 3732 4945 s.

1986 5004 2316 5067 nunquam
2365 4984 2618 5045 excidit.
2663 4982 2780 5056 Qui
2829 5001 3029 5063 quum
3079 4999 3206 5044 non
3255 5001 3478 5063 appre-

1987 5082 2325 5146 henderint
2353 5082 2616 5163 gradum
2655 5079 3224 5142 abrenuntiationis
3259 5097 3480 5140 secun-

1987 5182 2163 5255 dum,
2199 5181 2401 5242 multo
2441 5179 2653 5240 minus
2697 5177 3177 5259 apprehendent
3219 5176 3477 5238 tertium

1987 5279 2277 5361 gradum,
2318 5277 2431 5359 qui
2471 5277 2656 5339 altior
2696 5284 2811 5338 est.
