4359 6267
150 2184 231 2228 Luc.
244 2199 280 2234 x,
290 2190 349 2235 2⁹,

156 2879 244 2921 ltu.
264 2885 321 2925 42.

158 3563 243 3609 ibid.
262 3570 321 3610 4⁰.

132 4138 349 4195 lautas.

1093 536 1511 585 coLLATmNUM
1553 536 1639 580 SS.
1674 534 1919 580 PA'mtm
1960 532 2135 580 LIBER
2177 533 2216 578 1.
2263 550 2344 561 ·-·-
2385 532 2671 581 COLLATIO
2712 534 2735 581 1

746 763 1251 827 CAPITULUM
1308 763 1493 827 VIII.

376 912 456 966 De
475 909 825 982 principali
857 915 1077 965 conatu
1110 912 1277 966 circa
1308 908 1869 980 contemplationem

443 999 815 1063 divinorum,
857 1004 916 1054 et
956 999 1031 1055 de
1080 998 1491 1055 similitudine
1535 998 1757 1054 Μανία
1811 1002 1867 1053 et

444 1090 720 1147 Marthoe.

520 1297 593 1361 IG
632 1314 782 1378 ergo
826 1294 1013 1358 debet
1054 1312 1193 1356 esse
1238 1301 1453 1356 noster
1494 1290 1867 1374 principalis

538 1402 824 1469 eonatuS,
859 1393 993 1455 haec
1034 1391 1385 1454 immobilis
1424 1390 1760 1453 destinatio
1790 1389 1870 1450 si-

373 1510 447 1554 ve
486 1492 758 1555 intentio
799 1490 997 1554 nostri
1037 1490 1244 1552 cordis
1284 1488 1523 1570 jugiter
1563 1486 1867 1550 affectan-

374 1590 469 1663 da,
504 1597 574 1651 ut
606 1608 785 1652 mens
825 1594 1039 1650 nostra
1079 1587 1383 1650 inhaereat
1414 1587 1541 1648 Deo
1570 1604 1645 1647 ac
1675 1584 1867 1647 rebus

373 1687 626 1749 divinis,
681 1686 901 1749 Cetera
945 1684 1162 1747 omnia
1211 1682 1503 1765 quamvis
1564 1683 1694 1744 sint
1739 1702 1867 1744 ma-

373 1802 512 1865 gna,
546 1790 761 1846 tamen
791 1790 940 1845 sunt
964 1782 1310 1863 judicanda
1340 1780 1733 1853 secundaria,
1757 1788 1869 1843 aut

3354 512 3473 579 139

1895 702 1948 763 A
1977 718 2139 783 opus
2187 709 2304 775 est,
2343 709 2453 764 aut
2495 703 2687 765 etiam
2732 719 2892 781 un03
2934 700 3266 765 collocavit
3303 720 3472 763 sum-

1979 818 2155 861 mum
2198 799 2436 862 bonum
2479 819 2604 864 non
2648 802 2713 863 in
2752 801 2882 863 vita
2918 801 3144 874 activa,
3178 800 3470 882 quamvis

1976 898 2256 959 abundet
2299 916 2488 981 opere
2531 899 2699 963 bono
2746 920 2818 962 ae
2861 899 3176 962 fructibus
3225 900 3467 974 multiS,

1976 997 2086 1057 sed
2118 996 2185 1058 in
2217 996 2350 1059 sola
2381 997 2935 1078 contemplatione,
2971 1017 3112 1081 quae
3142 1016 3288 1059 vere
3319 997 3473 1059 sim-

1977 1093 2124 1175 plex
2153 1112 2228 1156 ae
2258 1114 2385 1156 una
2413 1103 2526 1157 est.
2565 1095 2999 1157 Pronuntiavit
3029 1114 3282 1177 quoque
3318 1113 3470 1177 pau-

1978 1192 2067 1253 cis
2117 1192 2549 1254 necessarium
2598 1211 2737 1254 esse
2783 1193 2863 1254 ad
2910 1193 3280 1255 felicitatem
3330 1212 3474 1275 per-

1976 1288 2232 1364 fectam,
2287 1296 2506 1371 utpote
2555 1290 2665 1351 illa
2711 1290 2955 1353 theoria
3001 1308 3113 1352 seu
3159 1291 3474 1373 sapientia

1977 1407 2119 1469 quae
2177 1388 2469 1451 consistit
2527 1389 2591 1450 in
2650 1389 3183 1470 contemplatione
3243 1406 3473 1469 pauco-

1978 1505 2120 1547 rum
2165 1486 2529 1549 divinorum
2575 1506 2588 1549 ε
2633 1505 2748 1568 per
2787 1505 2978 1568 quam
3025 1486 3078 1547 is
3118 1487 3228 1567 qui
3264 1487 3473 1549 adhuc

1978 1584 2044 1644 in
2102 1583 2394 1665 profectu
2450 1592 2547 1646 est
2597 1586 2864 1666 posituS,
2917 1584 3285 1658 ascendenS,
3337 1603 3475 1665 per-

1976 1682 2192 1744 veniet
2239 1682 2507 1745 Domino
2555 1683 2896 1764 adjuvante
2937 1682 3016 1744 ad
3065 1682 3221 1743 illud
3273 1700 3472 1743 unum

1979 1781 2147 1861 quod
2193 1780 2401 1842 solum
2445 1789 2542 1842 est
2591 1780 3044 1855 necessarium,
3087 1781 3208 1843 hoe
3255 1788 3350 1842 est
3393 1779 3472 1841 ad

374 1882 560 1944 etiam
614 1881 860 1955 infima,
912 1880 1012 1944 vel
1062 1889 1231 1943 certe
1282 1880 1525 1942 nociva.
1580 1879 1864 1960 Denique
1902 1878 1949 1939 B
1978 1878 2175 1941 solius
2218 1879 2328 1940 Dei
2374 1879 2714 1957 intuitum3
2757 1886 3069 1960 quatenus
3113 1896 3473 1959 supergres-

374 1978 561 2061 hujus
604 1978 977 2061 principalis
1014 1978 1285 2041 actionis
1324 1976 1532 2058 figura
1572 1976 1637 2037 in
1668 1976 1867 2038 Evan-

372 2077 534 2157 gelio
574 2076 1003 2159 pulcherrime
1047 2076 1414 2157 designatur
1457 2093 1569 2155 per
1608 2073 1864 2135 Mariam

374 2181 431 2235 et
474 2175 801 2236 Martham.
846 2174 1051 2247 Quum
1097 2174 1269 2235 enim
1310 2172 1547 2234 Martha
1590 2172 1868 2234 deservi-

376 2280 465 2332 ret
502 2271 861 2333 ministerio
909 2271 1128 2352 utique
1178 2278 1417 2343 sanct0,
1460 2275 1680 2349 utpote
1724 2288 1865 2349 quae

375 2368 677 2431 Salvatori
734 2376 797 2430 et
850 2368 989 2449 ejus
1047 2368 1381 2449 discipulis
1442 2366 1862 2440 ministrabat,

373 2475 433 2527 et
468 2467 661 2529 Maria
707 2467 1055 2529 adhaereret
1099 2466 1371 2547 pedibus
1413 2467 1580 2537 Iesu,
1625 2465 1868 2527 intenta

378 2565 813 2627 tantummodo
842 2564 1161 2646 spirituali
1199 2562 1530 2625 refectioni
1561 2563 1866 2625 doctrinae

377 2663 597 2744 ipsiuS,
661 2663 848 2743 cujus
908 2663 1102 2744 pedes
1164 2661 1537 2724 deosculans
1602 2662 1867 2723 liniebat

376 2768 697 2840 unguento
725 2761 907 2823 bonae
938 2758 1392 2837 confessionis3
1433 2758 1637 2823 Maria
1653 2767 1865 2821 tamen

374 2856 707 2937 praefertur
743 2856 997 2918 Marthae
1026 2874 1063 2916 a
1093 2856 1363 2929 Christe,
1397 2856 1476 2917 de
1518 2874 1644 2939 qua
1682 2863 1867 2917 testa-

376 2959 493 3025 tur,
525 2952 701 3034 quod
743 2953 882 3034 ipsa
924 2952 1255 3014 meliorem
1291 2952 1553 3033 elegerit
1594 2959 1863 3033 partem,

1978 1996 2085 2037 sus
2136 1976 2414 2038 mirifica
2456 1976 2809 2039 ministeria
2855 1994 3172 2058 operaque
3216 1975 3471 2039 Sancto-

1978 2093 2143 2147 rum,
2206 2081 2500 2155 pascatur
2554 2074 2685 2155 jam
2746 2074 3223 2155 pulchritudine
3281 2080 3470 2155 atque

1976 2172 2264 2245 seientia,
2316 2191 2429 2233 seu
2487 2172 3022 2253 contemplatione
3077 2172 3188 2234 Dei
3247 2171 3463 2234 solius.

1976 2269 2168 2331 Maria
2198 2287 2346 2351 ergo
2378 2270 2608 2332 bonam
2649 2277 2893 2351 partem
2925 2270 3135 2351 elegit,
3169 2290 3311 2351 quae
3343 2288 3468 2332 non
3495 2295 3602 2339 Lac.
3625 2309 3666 2347 x,
3690 2298 3758 2339 ιε.

1978 2367 2301 2430 auferetur
2339 2368 2419 2429 ab
2449 2387 2540 2430 ea.
2577 2368 2653 2429 Et
2684 2369 2802 2431 hoc
2843 2377 2940 2431 est
2969 2369 3337 2450 diligentius
3380 2370 3470 2430 in-

1976 2467 2305 2528 tuendum.
2339 2466 2496 2529 Nam
2539 2486 2740 2548 quum
2783 2468 2960 2541 dicit,
3003 2468 3194 2530 Maria
3235 2467 3468 2530 bonam

1979 2571 2223 2646 partem
2272 2564 2493 2646 elegit3
2534 2565 2684 2627 licet
2732 2572 2932 2627 taceat
2977 2566 3055 2627 de
3103 2565 3362 2639 Martha,
3408 2573 3471 2628 et

1976 2682 2116 2725 eam
2168 2682 2570 2745 nequaquam
2620 2664 2981 2746 vituperare
3032 2666 3337 2739 intendat,
3381 2672 3470 2727 ta-

1980 2780 2126 2822 men
2174 2762 2432 2824 Mariam
2479 2781 2592 2824 seu
2640 2762 2780 2843 ejus
2839 2770 3083 2845 partem
3133 2764 3467 2839 laudande,

1980 2858 2261 2921 insinuat
2308 2859 2612 2922 Martham
2670 2880 2782 2923 seu
2831 2862 2971 2943 ejus
3030 2869 3274 2942 partem
3331 2880 3470 2924 esse

1979 2955 2366 3019 inferiorem.
2419 2958 2693 3020 Rursum
2753 2977 2952 3039 quum
3012 2958 3268 3033 dicitur,
3322 2959 3470 3031 Quae

371 3059 429 3111 et
458 3069 603 3112 eam
636 3069 779 3132 quae
806 3050 888 3111 ab
919 3069 993 3111 ea
1020 3068 1149 3112 non
1187 3050 1387 3132 possit
1415 3049 1672 3112 auferri.
1707 3050 1866 3112 Nam
1903 3058 1946 3121 C
1977 3072 2103 3116 non
2133 3054 2458 3116 auferetur
2486 3055 2566 3117 ab
2597 3072 2705 3135 ea;
2743 3056 3019 3118 ostendit
3049 3057 3217 3138 quod
3248 3075 3285 3118 a
3315 3057 3470 3118 Mar-

369 3166 568 3229 quum
620 3148 935 3210 laboraret
984 3148 1222 3209 Martha
1280 3148 1387 3230 pia
1434 3148 1864 3211 sollicitudine

368 3265 439 3307 ac
496 3246 864 3327 erogatione
920 3245 1214 3320 distenta,
1266 3246 1488 3309 videns
1547 3264 1613 3309 se
1664 3247 1864 3309 solam

370 3361 493 3407 non
544 3362 735 3427 posse
783 3344 861 3406 ad
913 3343 1339 3406 ministerium
1388 3352 1638 3407 tantum
1687 3344 1867 3406 suffi-

371 3460 531 3515 cere,
566 3442 916 3525 postulavit
942 3461 981 3504 a
1008 3442 1278 3505 Domino
1306 3443 1697 3524 adjutorium
1735 3461 1865 3506 suae

370 3540 627 3615 sororis,
660 3540 931 3604 dicendo
964 3558 978 3601 ε
1022 3540 1159 3603 Non
1195 3549 1293 3603 est
1331 3540 1448 3602 tibi
1488 3558 1657 3603 curae
1695 3542 1863 3622 quod

370 3656 545 3701 soror
590 3657 735 3701 mea
774 3638 1037 3720 reliquit
1076 3657 1177 3699 me
1216 3639 1416 3701 solam
1459 3638 1864 3700 ministrare?

370 3735 469 3797 dic
529 3754 683 3817 ergo
741 3735 836 3798 illi
892 3742 963 3797 ut
1023 3754 1122 3799 me
1179 3736 1456 3817 adjuvet.
1510 3736 1587 3797 Et
1645 3736 1865 3818 utique

370 3833 611 3895 Martha
666 3833 1035 3915 provocavit
1092 3834 1373 3907 Mariam,
1425 3850 1553 3896 non
1610 3835 1690 3896 ad
1738 3834 1865 3897 vile

371 3947 553 4011 opus,
604 3931 719 3992 sed
766 3930 843 3992 ad
894 3930 1211 3993 laudabile
1270 3948 1529 4012 prorsus
1576 3931 1867 4013 obsequi-

373 4047 517 4107 um3
551 4038 614 4091 et
650 4036 862 4090 tamen
899 4029 1055 4110 quid
1094 4028 1273 4091 audit
1299 4048 1338 4091 a
1366 4029 1680 4091 Domino?
1715 4030 1867 4091 Mar-

372 4126 498 4200 tha,
551 4126 785 4207 inquit,
829 4126 1103 4190 sollicita
1147 4145 1239 4201 eS,
1286 4134 1349 4189 et
1396 4127 1671 4189 turbaris
1719 4146 1867 4209 erga

1976 3153 2083 3214 tha
2136 3154 2338 3235 possit
2385 3174 2528 3235 pars
2585 3173 2703 3217 sua
2756 3154 2991 3216 auferri
3045 3172 3060 3217 ε
3113 3173 3238 3217 non
3296 3156 3468 3217 enim

1976 3252 2300 3332 corporale
2333 3252 2762 3315 ministerium
2793 3260 3000 3334 potest
3031 3271 3178 3315 cum
3208 3254 3468 3316 homine

1972 3348 2211 3430 jugiter
2258 3367 2664 3431 permanere3
2705 3358 2920 3413 actum
2960 3369 3112 3413 vero
3161 3368 3274 3412 seu
3323 3369 3471 3414 eon-

1975 3448 2453 3529 templationem
2492 3449 2699 3511 Mariae
2726 3450 2910 3511 docet
2939 3449 3118 3512 nullo
3159 3448 3291 3511 fine
3332 3468 3471 3531 pos—

1975 3564 2043 3607 se
2086 3544 2284 3607 finiri.

2378 3788 2880 3853 CAPITULUM
2945 3790 3066 3854 IX.

1976 3936 2408 4007 Inter-rogatio,
2426 3935 2696 4008 qualiter
2718 3939 2995 4007 operatio
3025 3939 3320 3995 virtutum
3345 3953 3465 3993 non

2321 4031 2667 4097 perseveret
2691 4041 2824 4081 cum
2851 4027 3109 4083 homine.

373 4224 686 4303 plurima3
720 4225 939 4306 paucis
978 4242 1130 4288 vero
1174 4244 1334 4307 opus
1378 4234 1494 4300 est,
1526 4232 1637 4288 aut
1672 4226 1863 4288 etiam
1894 4232 1944 4293 D
2116 4230 2163 4291 D
2218 4229 2352 4292 haec
2412 4246 2526 4291 nos
2575 4229 2986 4291 vehementer
3035 4229 3306 4311 permoti
3367 4247 3468 4291 re·-

370 4339 495 4385 uno
529 4342 545 4387 :
578 4322 772 4385 Maria
817 4323 1126 4404 optimam
1176 4332 1420 4406 partem
1467 4324 1678 4405 elegit,
1724 4344 1865 4406 quae

368 4437 492 4483 non
537 4420 864 4483 auferetur
908 4420 991 4482 ab
1034 4439 1127 4483 ea.
1170 4422 1412 4484 Videtis
1460 4440 1610 4503 ergo
1657 4423 1866 4485 Domi-

368 4538 523 4581 num
554 4520 845 4601 posuisse
874 4520 1229 4601 principale
1262 4520 1501 4583 bonum
1533 4522 1599 4583 in
1630 4521 1864 4583 virtute

368 4616 669 4691 theorica,
702 4618 823 4680 hoc
865 4624 963 4679 est
1005 4616 1071 4679 in
1120 4618 1657 4699 contemplatione
1702 4618 1863 4681 divi-

366 4734 463 4777 na.
498 4716 677 4778 Unde
718 4716 1013 4797 quamvis
1056 4722 1296 4778 ceteras
1342 4716 1608 4778 virtutes
1652 4734 1865 4778 neees-

367 4814 562 4875 sarias
620 4814 907 4876 dicamus
968 4832 1043 4875 ac
1102 4814 1312 4890 utileS,
1375 4822 1586 4876 tamen
1644 4832 1865 4877 secun-

369 4910 573 4973 darias
630 4930 703 4973 ae
754 4910 1087 4974 inferiores
1137 4930 1241 4974 eas
1299 4930 1439 4975 esse
1494 4913 1859 4987 asserimuS,

370 5009 672 5088 quoniam
705 5010 1020 5073 universae
1047 5010 1423 5073 ordinantur
1452 5011 1530 5073 ad
1562 5010 1863 5073 virtutem

370 5104 555 5168 istam
580 5106 933 5170 theoricam
976 5128 1089 5171 seu
1129 5108 1735 5190 contemplationem
1776 5110 1866 5171 di-

370 5204 603 5266 vinam.
658 5205 965 5268 Dominus
1012 5206 1186 5268 enim
1245 5206 1465 5268 dicens
1518 5226 1531 5270 :
1584 5206 1866 5271 Sollicita

368 5319 456 5375 es,
488 5310 555 5365 et
598 5302 877 5366 turbaris
918 5322 1068 5385 erga
1108 5305 1407 5387 plurima,
1451 5306 1671 5387 paucis
1714 5321 1866 5367 vero

2139 4327 2514 4409 spondimus
2549 4344 2562 4387 ε
2597 4327 2758 4399 Quid
2797 4331 2986 4408 ergo?
3020 4325 3396 4389 auferentur
3431 4346 3470 4389 a

1974 4425 2158 4487 nobis
2218 4425 2394 4488 labor
2438 4424 2854 4505 jejuniorum,
2907 4425 3205 4487 instantia
3254 4425 3470 4488 lectio-

1974 4524 2303 4605 niS,opera
2332 4541 2586 4604 quoque
2617 4523 3066 4587 misericordiae
3095 4531 3158 4586 et
3183 4524 3466 4604 justitiae,

1972 4620 2225 4702 pietatis
2273 4627 2336 4682 et
2382 4621 2816 4695 humanitati3‚
2849 4628 2913 4682 et
2962 4638 3089 4683 non
3139 4640 3470 4703 permane-

1970 4719 2133 4781 bunt
2161 4719 2282 4780 ista
2316 4736 2463 4779 cum
2497 4718 2629 4779 suis
2669 4718 3074 4781 auctoribus?
3111 4720 3468 4783 Praesertim

1971 4835 2171 4899 quum
2226 4815 2530 4877 Dominus
2580 4815 2979 4897 repromittat
3025 4817 3328 4899 operibus
3387 4817 3470 4880 is-

3537 2978 3725 3023 Ibidem.

1971 4914 2052 4976 tis
2104 4912 2588 4975 retributionem
2639 4913 2817 4994 regni
2873 4914 3172 4990 coelestiS‚
3220 4915 3466 4990 Venite,
3497 4944 3768 4997 Mamm·

1972 5010 2290 5093 inquiens,
2341 5009 2662 5073 benedicti
2713 5011 2910 5074 Patris
2972 5012 3121 5086 mei,
3187 5013 3470 5093 posside·
3499 5010 3652 5057 ³⁴¹³&

1972 5116 2033 5171 te
2074 5126 2343 5190 regnum
2381 5107 2564 5170 vobis
2610 5116 2899 5189 paratum
2940 5128 2977 5171 a
3015 5110 3468 5173 constitutione

1974 5207 2199 5268 mundi
2255 5224 2270 5268 :
2321 5205 2560 5268 esurivi
2619 5206 2814 5281 enim,
2868 5214 2930 5269 et
2987 5207 3248 5269 dedistis
3308 5208 3467 5271 mihi

1978 5305 2391 5381 manducare3
2422 5302 2616 5377 sitivi,
2645 5311 2708 5366 et
2738 5303 2998 5367 dedistis
3030 5304 3189 5367 mihi
3221 5305 3464 5383 bibere,
