4359 6267
154 1401 228 1444 Jer.
239 1414 290 1448 ιιι,
299 1405 356 1450 19,

137 1467 185 1506 ἐν).

145 3761 302 3815 Fumat
311 3771 324 3810 l
333 3799 342 3808 .

1039 529 1456 580 coLLATIONUM
1499 531 1584 576 SS.
1620 526 1862 575 PA'mtm
1902 526 2076 574 Lmen
2119 527 2181 574 11.
2225 548 2306 558 --
2345 525 2632 579 contulo
2670 529 2782 579 xm

3346 511 3466 580 297

387 705 538 786 piam
568 723 706 766 eam
741 704 1036 776 maceria,
1056 711 1115 765 et
1149 703 1406 766 semitas
1438 721 1583 764 suas
1615 718 1741 763 non
1773 699 1860 760 in·
1886 697 1937 758 A
1968 701 2451 784 errantibusque
2482 703 2868 766 demonstrat
2900 703 3314 767 directionem
3345 704 3466 766 viae

386 801 599 874 veniet,
631 810 694 864 et
724 803 914 872 dicet,
950 803 1250 865 Revertar
1277 802 1355 863 ad
1386 801 1596 863 virum
1641 817 1856 860 meum

385 901 663 982 priorem,
695 902 848 982 quia
887 901 1048 963 bene
1089 901 1245 963 mihi
1290 906 1419 962 erat
1465 909 1615 960 tunc
1659 897 1857 978 magis

387 1017 558 1080 quam
592 1019 778 1061 nunc.
816 1001 1054 1062 Rursus
1090 998 1392 1061 describit
1426 996 1856 1060 contumacias

385 1105 608 1159 nostras
643 1105 706 1159 et.
741 1105 1166 1179 contemptus,
1199 1096 1435 1178 quibus
1477 1095 1696 1158 rebelli
1730 1093 1857 1175 spiss

384 1195 517 1268 ritu,
557 1195 974 1277 dedignamur
1013 1214 1161 1258 eum
1205 1212 1319 1257 nos
1365 1195 1740 1256 invitantem
1780 1193 1856 1254 ad

385 1293 638 1356 reditum
685 1295 1050 1360 salutarem,
1102 1294 1318 1355 dicens
1371 1312 1482 1374 per
1535 1311 1856 1374 compara-

384 1391 599 1454 tionem
629 1393 998 1472 hujusmodi
1034 1411 1047 1456 ε
1083 1393 1325 1454 Patrem
1357 1391 1615 1453 vocabis
1649 1409 1770 1464 me,
1795 1399 1854 1452 et

383 1497 508 1571 post
543 1509 642 1552 me
674 1491 918 1572 ingredi
951 1508 1076 1552 non
1109 1490 1418 1568 cessabis3
1451 1490 1559 1551 sed
1599 1507 1856 1571 quomo-

381 1587 453 1649 do
486 1587 535 1648 si
578 1595 938 1650 contemnat
982 1588 1213 1650 mulier
1251 1595 1595 1650 amatorem
1641 1607 1851 1661 suum,

381 1687 462 1748 sic
491 1687 868 1770 contempsit
899 1706 1000 1749 me
1030 1688 1257 1750 domus
1288 1685 1497 1759 lsrael,
1529 1687 1620 1749 ait
1649 1687 1856 1748 Domi-

383 1805 505 1847 nus.
531 1787 742 1868 ltaque
775 1786 926 1848 satis
957 1803 1234 1866 congrue
1266 1786 1656 1866 comparavit
1683 1803 1854 1847 amo-

381 1902 502 1946 rem
550 1891 608 1946 et
668 1883 1125 1965 benignitatem
1183 1883 1667 1967 perseverantiae
1724 1903 1852 1946 suae
1889 1885 1937 1948 B
1965 1894 2028 1948 et
2077 1884 2388 1968 perficere
2439 1904 2554 1968 pro
2602 1885 2768 1947 bona
2814 1885 3181 1964 voluntate3
3230 1892 3293 1946 et
3338 1877 3507 1947 boc¹

383 1983 504 2044 viro
531 2003 719 2064 quem
751 1982 991 2045 femina
1025 1983 1278 2057 deserit,
1312 1981 1614 2064 quoniam
1648 1982 1849 2063 ipsam

378 2081 704 2143 Jerusalem
750 2081 1142 2162 comparavit
1183 2081 1485 2143 adulterae
1528 2080 1852 2142 disceden-

382 2179 420 2239 ti
455 2198 488 2240 a
517 2179 772 2262 proprio
806 2189 1104 2242 amatore.
1143 2179 1392 2241 Etenim
1429 2179 1629 2260 pietas
1663 2187 1853 2261 atque

379 2277 616 2341 dilectio
656 2298 848 2361 quam
893 2280 1057 2342 Deus
1097 2297 1349 2361 semper
1388 2278 1700 2360 impendit
1738 2279 1854 2339 cir-

379 2395 444 2437 ca
472 2395 664 2458 genus
702 2378 1079 2450 humanum,
1114 2377 1341 2459 aptiori
1384 2377 1853 2458 comparatione

378 2493 490 2536 non
520 2476 722 2557 potuit
751 2475 1024 2558 exprimi
1061 2495 1254 2558 quam
1287 2475 1582 2557 exemplo
1612 2475 1733 2536 viri
1765 2494 1857 2536 ar-

375 2565 730 2635 dentissimo
776 2591 990 2636 amore
1025 2572 1330 2635 feminam
1365 2573 1710 2653 diligentis,
1743 2572 1853 2654 qui

375 2679 533 2734 tanto
569 2672 1030 2735 vehementiori
1072 2673 1293 2734 ardore
1326 2671 1443 2734 zeli
1473 2672 1550 2734 ad
1583 2691 1722 2734 eam
1753 2691 1852 2734 ac-

373 2771 670 2845 cenditur,
721 2779 959 2853 quanto
1013 2771 1159 2853 plus
1212 2771 1481 2833 senserit
1533 2790 1600 2833 se
1646 2770 1725 2833 ab
1780 2790 1854 2833 ea

373 2869 590 2950 negligi
629 2877 692 2932 et
723 2871 1047 2933 contemni
1083 2887 1096 2931 :
1131 2888 1207 2933 eo
1246 2869 1416 2951 quod
1453 2870 1618 2931 Deus
1658 2869 1853 2931 nullis

373 2967 610 3048 injuriis
652 2969 740 3030 ita
772 2968 1087 3043 vincatur,
1123 2975 1192 3029 ut
1224 2987 1261 3029 a
1299 2986 1451 3029 cura
1491 2975 1718 3030 nostrae
1758 2988 1851 3030 sa-

1969 799 2262 862 salubris.
2290 801 2462 862 Unde
2494 801 2570 863 tit
2601 809 2670 863 ut
2701 802 3062 864 inveniatur
3083 821 3120 863 a
3146 820 3273 864 non
3304 820 3467 883 quae-
3493 815 3754 865 Iamm-

1969 898 2259 960 rentibus
2302 917 2389 972 se,
2424 907 2487 960 et
2526 901 2733 982 palam
2774 909 3072 983 appareat
3116 901 3281 963 inter
3321 900 3463 963 illos

1968 997 2080 1078 qui
2131 1015 2279 1058 eum
2332 1015 2460 1060 non
2511 997 3003 1080 interrogabant,
3057 1007 3311 1080 totaque
3360 999 3463 1062 die

1967 1097 2279 1177 expandat
2309 1116 2531 1158 manus
2562 1116 2707 1158 suas
2736 1097 2814 1159 ad
2848 1097 3155 1178 populum
3185 1115 3311 1160 non
3337 1117 3465 1160 cre-

1967 1193 2224 1256 dentem
2269 1203 2331 1258 et
2376 1195 2913 1258 contradicentem
2956 1195 3121 1274 sibi3
3165 1196 3461 1258 resisten-

1969 1297 2059 1354 tes
2105 1311 2360 1375 quoque
2410 1302 2473 1356 et
2523 1294 2703 1374 longe
2754 1294 2995 1375 positos
3048 1302 3251 1368 vocet,
3304 1295 3463 1357 invi-

1965 1398 2062 1452 tos
2099 1391 2334 1454 alliciat
2364 1392 2442 1454 ad
2476 1391 2768 1466 salutem,
2802 1411 3065 1474 peccare
3098 1392 3459 1455 volentibus

1965 1490 2293 1553 subtrahat
2334 1491 2583 1573 copiam
2625 1491 2969 1554 voluntatis
3008 1491 3356 1573 explendae,
3398 1499 3461 1552 et

1965 1590 2238 1671 benigne
2270 1589 2520 1652 resistat
2549 1589 3039 1672 properantibus
3069 1591 3145 1651 ad
3181 1588 3365 1662 mala,
3392 1597 3462 1650 ut

1961 1687 2094 1768 jam
2135 1706 2262 1751 non
2302 1689 2381 1750 sit
2424 1689 2695 1750 volentis
2734 1707 2941 1770 neque
2981 1687 3315 1760 currentiS,
3350 1689 3458 1749 sed
3488 1710 3750 1760 nomme.

1967 1787 2327 1849 miserentis
2360 1786 2493 1859 Dei,
2516 1786 2627 1868 qui
2659 1794 2956 1869 operatur
2987 1786 3050 1848 in
3082 1785 3266 1848 nobis
3295 1785 3459 1847 velle
3490 1810 3689 1866 Philipp.
3708 1825 3751 1861 ιι.

3515 1877 3689 1990 Ξἓρὶιετιε.
3710 1950 3752 1987 ιι,

1966 2003 2093 2048 non
2133 2003 2209 2047 ex
2252 1984 2456 2058 nobiS,
2491 1985 2602 2046 sed
2636 1984 2873 2047 donum
2908 1983 3018 2046 Dei
3053 1992 3185 2062 est;
3218 2001 3343 2046 non
3380 2003 3457 2044 ex
3488 2001 3589 2048 aa.

1963 2082 2288 2163 operibuS,
2332 2100 2411 2144 ne
2455 2081 2600 2162 quis
2642 2080 2967 2161 glorietur.

2042 2180 2201 2254 Quid
2237 2187 2330 2242 est
2364 2179 2537 2242 enim
2572 2179 2740 2261 quod
2776 2179 2861 2240 ait
2898 2178 3183 2241 Salvator
3213 2198 3226 2241 :
3261 2179 3458 2242 Nemo
3498 2203 3644 2248 Jomm
3666 2219 3750 2257 nv,

1963 2280 2133 2341 venit
2186 2280 2261 2340 ad
2304 2278 2572 2352 Patrem,
2616 2277 2738 2339 nisi
2786 2297 2900 2361 per
2944 2295 3087 2356 me3
3132 2285 3215 2350 et,
3261 2278 3458 2341 Nemo
3486 2271 3657 2373 {bid-w
3684 2335 3734 2376 u

1962 2377 2136 2440 venit
2184 2377 2262 2438 ad
2316 2397 2440 2450 me,
2494 2376 2618 2438 nisi
2679 2377 2877 2450 Pater,
2932 2375 3043 2458 qui
3098 2375 3268 2437 misit
3332 2394 3454 2451 me,
3660 2365 3669 2382 '
3740 2364 3750 2374 ⁸

1940 2471 2221 2539 'traxerit
2270 2475 2499 2537 illum?
2549 2475 2709 2548 Quid
2759 2475 2909 2536 item
2962 2481 3058 2536 est
3106 2474 3275 2556 quod
3324 2492 3459 2537 ora·

1965 2595 2106 2637 mus
2147 2595 2159 2637 :
2206 2574 2418 2654 Dirige
2463 2575 2529 2636 in
2574 2580 2917 2655 conspectu
2962 2581 3072 2634 tuo
3114 2573 3282 2634 viam
3330 2591 3458 2635 me·
3512 2589 3710 2640 Pax-‚2

1961 2691 2101 2753 am3
2144 2681 2229 2746 et,
2271 2671 2512 2736 Perfice
2563 2690 2815 2752 gressus
2867 2688 3043 2732 meos
3096 2671 3161 2732 in
3211 2671 3457 2733 semitis
3499 2687 3733 2738 Pauus.

1961 2771 2110 2845 tuis,
2176 2779 2247 2833 ut
2308 2788 2433 2833 non
2498 2776 2871 2833 moveantur
2934 2769 3202 2849 vestigia
3263 2774 3458 2832 meat

1961 2872 2120 2945 Quid
2177 2871 2431 2932 tandem
2484 2876 2581 2932 est
2633 2869 2801 2950 quod
2854 2868 3019 2930 Deus
3076 2869 3393 2949 promittit
3440 2885 3452 2930 :

1964 2969 2134 3032 Dabo
2175 2969 2269 3031 eis
2314 2986 2424 3031 cor
2466 2986 2726 3041 novum,
2768 2975 2831 3029 et
2875 2966 3174 3048 spiritum
3218 2984 3455 3029 novum
3506 2983 3749 3036 Euclea..

375 3064 510 3126 lutis
553 3067 824 3140 recedat,
859 3075 968 3129 aut
1015 3066 1195 3148 quasi
1239 3073 1578 3147 superatus
1619 3066 1850 3147 iniqui·
1883 3065 1926 3128 C
1962 3067 2237 3130 tribuam
2270 3068 2336 3130 in
2366 3066 2721 3130 visceribus
2751 3082 3005 3144 eorum;
3040 3072 3123 3139 et,
3157 3065 3454 3126 Auferam
3485 3049 3750 3162 {gg-dmum,

369 3163 590 3226 tatibus
630 3165 866 3227 nostris
909 3173 1244 3227 revocetur
1278 3184 1315 3227 a
1354 3181 1470 3226 suo
1512 3164 1849 3247 principali

371 3261 694 3342 proposito.
733 3261 1247 3344 Inseparabiliter
1290 3262 1484 3343 igitur
1524 3261 1700 3323 adest
1744 3280 1849 3324 no-

371 3357 459 3419 bis
490 3359 706 3421 divina
737 3359 1144 3442 protectio,et
1169 3366 1340 3421 tanta
1370 3367 1464 3421 est
1493 3359 1692 3441 pietas
1724 3359 1849 3422 Sal-

376 3457 593 3519 vatoris
633 3459 805 3521 circa
839 3459 1162 3541 propriam
1206 3466 1582 3531 creaturam,
1620 3466 1682 3519 ut
1721 3476 1846 3520 non

369 3555 559 3617 solum
596 3556 957 3630 comitetur,
993 3557 1102 3618 sed
1136 3564 1198 3618 et
1234 3556 1548 3638 praecedat
1578 3575 1718 3618 eam
1747 3556 1846 3636 ju-

365 3653 518 3733 giter
556 3655 956 3736 provide-ntia
994 3674 1127 3717 sua.
1163 3655 1338 3729 Quod
1380 3662 1676 3737 expertus
1709 3655 1847 3717 Pro-

370 3751 545 3831 pheta
564 3753 833 3816 Domino
855 3754 1257 3836 apertissime
1288 3753 1661 3816 confitetur:
1682 3753 1847 3815 Deus

371 3868 556 3924 meus,
591 3850 1027 3915 misericordia
1067 3851 1210 3933 ejus
1250 3851 1557 3934 praevenit
1597 3851 1759 3913 me.¹

748 4080 1254 4144 CAPITULUM
1323 4080 1442 4143 IX.

437 4209 602 4277 Quod
623 4211 786 4266 Deua
812 4212 1077 4283 inspiret
1105 4210 1416 4268 desideria
1445 4215 1679 4274 sancta,
1710 4215 1767 4264 et

651 4301 996 4357 occasiones
1017 4305 1272 4372 proestet
1299 4300 1540 4356 salutis,

491 4451 584 4516 EC
633 4453 844 4515 solum
893 4452 1166 4534 benigne
1220 4452 1487 4534 inspirat
1535 4451 1849 4514 desideria

505 4559 744 4626 sancta,
787 4552 896 4615 sed
939 4560 999 4614 et
1045 4552 1408 4614 occasiones
1455 4557 1711 4632 praestat
1757 4568 1850 4611 sa—

366 4646 500 4711 lutis
542 4657 607 4712 et-
649 4650 1192 4732 opportunitatem
1243 4649 1429 4712 bonis
1478 4648 1842 4722 effectibuS,

1961 3185 2069 3230 cor
2128 3166 2451 3248 lapideum
2510 3165 2587 3227 de
2647 3183 2833 3226 carne
2895 3171 3123 3237 vestra,
3175 3171 3237 3225 et
3295 3163 3458 3226 dabo
3487 3174 3642 3222 2⁰.st

1959 3265 2140 3327 vobis
2181 3283 2291 3328 cor
2335 3282 2658 3336 carneum,
2695 3270 2755 3324 et
2804 3261 3031 3324 faciam
3078 3268 3149 3322 ut.
3192 3261 3256 3323 in
3302 3281 3458 3343 prae-

1959 3363 2160 3444 ceptis
2203 3362 2361 3424 meis
2398 3360 2765 3435 ambuletis,
2798 3367 2863 3422 et
2898 3359 3140 3440 judicia
3177 3377 3317 3421 mea
3354 3379 3461 3421 cu-

1959 3462 2245 3524 stodiatis
2288 3468 2348 3523 et
2393 3459 2793 3542 operemini?
2834 3459 2909 3520 Et
2952 3457 3105 3540 quid
3150 3465 3245 3520 est
3288 3459 3457 3539 quod

1957 3559 2268 3641 Propheta
2314 3578 2352 3620 a
2399 3558 2667 3620 Domino
2718 3558 2837 3618 hoc
2888 3556 3100 3638 ipsum
3156 3555 3452 3638 postulat,

1957 3658 2174 3720 dicens
2210 3677 2223 3720 :
2270 3656 2387 3720 Cor
2428 3655 2740 3717 mundum
2781 3673 2925 3716 crea
2968 3654 3034 3715 in
3079 3673 3201 3728 me,
3246 3655 3453 3734 Deus3
3499 3672 3577 3716 1²⁸.
3602 3685 3639 3723 t..
3666 3675 3728 3715 12.

1956 3766 2018 3819 et
2078 3758 2309 3829 denuo,
2360 3754 2628 3816 Lavabis
2690 3771 2811 3827 me,
2867 3753 3096 3835 inquit,
3148 3760 3209 3814 et
3264 3771 3455 3835 super
3522 3770 3705 3814 loeas.

1955 3856 2170 3918 nivem
2236 3853 2629 3917 dealbabor?
2689 3853 2845 3913 Item
2909 3850 3065 3932 quid
3130 3858 3225 3912 est
3284 3851 3453 3931 quod

1956 3954 2157 4018 fertur
2201 3955 2277 4016 de
2322 3954 2448 4015 Deo
2494 3970 2507 4014 :
2554 3951 2671 4025 Qui
2722 3950 2905 4012 docet
2954 3949 3280 4010 hominem
3332 3947 3451 4009 sci·
3480 3967 3745 4016 Panaima.

1955 4054 2248 4132 entiam3
2310 4059 2394 4124 et,
2446 4049 2754 4113 Dominus
2811 4048 3131 4110 illuminat
3190 4065 3388 4110 caecos
3426 4049 3558 4107 21²2.
3577 4066 3747 4116 extus.

1954 4152 2067 4214 Vel
2114 4152 2285 4234 quod
2342 4157 2592 4212 orantes
2651 4146 2927 4210 dicimus
2986 4165 3134 4207 cum
3184 4144 3451 4226 Prophe-

1877 4257 2017 4318 Dta
2077 4271 2090 4314 ε
2147 4249 2445 4312 illumina
2506 4245 2722 4309 oculos
2788 4261 2961 4307 meos
3025 4263 3103 4305 ne
3168 4262 3452 4325 unquam
3498 4260 3725 4312 P2.xn‚4.

1955 4348 2351 4412 obdormiam
2421 4347 2485 4407 in
2555 4353 2887 4422 mortem3
2952 4343 3076 4404 nisi
3146 4342 3315 4424 quod
3386 4341 3453 4403 in

1955 4448 2056 4511 his
2114 4446 2414 4510 omnibus
2472 4444 2826 4506 declaratur
2884 4440 3084 4523 gratia
3138 4439 3274 4514 Dei,
3327 4458 3455 4522 qua

1955 4547 2146 4610 homo
2218 4563 2471 4627 semper
2531 4541 2809 4623 indigeat
2877 4539 3166 4621 adjuvari
3233 4557 3270 4600 a
3336 4538 3453 4600 Do-

1959 4646 2132 4708 mino
2171 4648 2195 4706 2

445 4919 461 4958 ¹
497 4917 558 4967 In
589 4917 834 4980 genuino
865 4921 1021 4969 textu
1052 4917 1327 4980 Cassiani,
1353 4916 1632 4969 sententia
1660 4915 2038 4968 Chaeremonis
2067 4912 2287 4965 abbatis
2312 4911 2403 4962 hic
2432 4912 2691 4970 refertur,
2718 4923 2844 4975 quae
2877 4927 2902 4958 α
2922 4919 3157 4973 prorsus
3184 4903 3452 4988 haeretica

365 4991 456 5048 est,
487 5003 658 5054 quam
693 4989 900 5040 idcirco
935 4989 1183 5054 prudens
1219 4991 1422 5041 Lector
1455 5003 1636 5054 usque
1667 4989 1738 5040 ad
1771 4989 1938 5040 finem
1973 4985 2300 5038 collationis
2335 4985 2703 5049 pertranseat.
2742 4981 2926 5033 Multa
2958 4980 3105 5030 enim
3140 4979 3231 5029 hic
3263 4979 3449 5042 profe-

363 5065 549 5111 runtur
577 5061 650 5111 ad
681 5061 1030 5112 extollentias
1067 5062 1222 5112 liberi
1255 5061 1467 5113 arbitrii
1499 5062 1664 5122 vires»,
1699 5065 1754 5111 et
1781 5061 1854 5112 ad
1884 5058 2303 5124 deprimendam
2340 5055 2509 5106 divini
2545 5054 2811 5119 adjutorii
2848 5052 3243 5104 necessitatem
3277 5065 3288 5100 :
3323 5063 3447 5114 quae

364 5127 556 5184 idcirco
600 5132 772 5183 etiam
812 5133 1120 5199 Dionysius
1166 5133 1577 5186 carthusianus
1623 5133 1678 5184 in
1724 5147 1831 5184 sua
1871 5129 2213 5196 Paraphrasi
2258 5127 2518 5180 consulto
2560 5126 2771 5188 omisit,
2805 5131 2862 5176 et
2902 5126 2956 5176 in
2994 5125 3180 5175 locum
3226 5121 3447 5203 illorum

362 5208 578 5265 rectam,
613 5205 1008 5266 orthodoxam,
1050 5211 1106 5256 et
1143 5206 1484 5258 catholicam
1527 5206 1594 5256 de
1632 5205 1818 5270 gratia
1857 5208 1913 5255 et
1949 5204 2123 5254 libero
2165 5200 2410 5253 hominis
2450 5199 2683 5252 arbitrio
2723 5199 3035 5251 doctrinam
3077 5194 3387 5246 substitmt.
3422 5211 3447 5240 »

360 5271 432 5323 lo.
469 5276 736 5327 Cassiani
775 5277 1024 5328 eremitoe
1064 5277 1132 5329 de
1171 5277 1465 5329 Institutio
1505 5277 1978 5332 renunciantium,
2026 5281 2126 5326 etc.
2167 5274 2378 5330 Romoe,
2413 5288 2487 5326 ecc
2522 5273 2754 5338 Typoqr.
2791 5271 2946 5321 Cam.
2983 5264 3256 5334 Apostol„
3292 5265 3447 5321 1611,

363 5345 506 5404 itt-8⁹,
529 5363 662 5414 paq.
697 5349 819 5400 967.
852 5379 917 5388 —
947 5350 1035 5415 Cf.
1067 5350 1260 5415 Migne
1293 5349 1510 5401 Patrol.
1542 5350 1642 5401 tat.
1675 5353 1812 5402 tom.
1843 5351 1926 5411 49,
1958 5348 2064 5400 col.
2098 5347 2195 5398 646
2224 5346 2278 5398 in
2307 5345 2435 5396 fine.

597 5467 661 5518 T.
699 5466 779 5518 27.

3139 5459 3200 5508 19
