4359 6267
1102 528 1519 576 commonuit
1561 529 1645 574 33.
1682 529 1925 575 rurum
1965 530 2141 575 Lmen
2185 530 2223 575 ι.
2267 548 2350 558 -
2390 529 2677 577 commo
2717 532 2739 575 1
3354 507 3468 572 141

379 714 443 757 ra
490 695 761 777 Spiritus
821 698 1033 761 Sancti
1081 699 1460 761 charismata
1517 706 1857 771 cessatura,
1890 698 1942 759 Α
1972 706 2199 761 nostrae
2231 700 2460 761 mentis
2492 700 2808 762 intuitum.
2827 700 3025 773 Quam
3055 719 3254 781 quum
3288 718 3467 763 mens

378 794 698 875 solamque
743 796 1073 858 caritatem
1114 797 1251 859 sine
1295 796 1427 859 fine
1472 815 1858 869 mansuram,

138 904 349 979 joaram,
377 891 639 955 dicendo
690 911 704 953 ε
758 893 903 956 Sive
954 895 1303 975 prophetiae
1360 894 1859 969 evacuabuntur,

132 974 161 1007 ⁸·
375 990 504 1052 sive
560 990 793 1072 linguae
841 992 1201 1067 cessabunt,
1253 993 1387 1055 sive
1443 992 1712 1055 scientia
1758 991 1862 1053 de-

376 1095 679 1168 struetur3
714 1090 941 1153 caritas
981 1098 1195 1153 autem
1237 1110 1565 1173 nunquam
1604 1090 1858 1153 excidit.

376 1186 596 1249 Omnia
644 1208 921 1271 namque
967 1190 1132 1253 dona
1178 1210 1319 1272 quae
1367 1190 1737 1252 tribuuntur
1784 1189 1861 1250 ad

374 1294 622 1368 tempus
667 1305 781 1369 pro
826 1307 946 1350 usu
986 1307 1060 1351 ac
1105 1288 1480 1350 necessitate
1520 1288 1665 1350 vitae
1710 1306 1863 1369 prae-

372 1386 588 1459 sentiS,
631 1386 855 1467 procul
901 1386 1098 1449 dubio
1145 1406 1292 1450 mox
1340 1386 1699 1461 cessabunt,
1741 1387 1863 1449 dis-

374 1484 741 1564 pensatione
769 1485 1105 1548 hominum
1136 1492 1591 1549 consummata.
1623 1485 1860 1547 Caritas

368 1599 518 1644 vero
575 1582 753 1645 nullo
802 1590 1088 1665 tempore
1138 1583 1658 1664 interrumpetur,
1711 1584 1861 1664 quia

371 1697 493 1742 non
533 1680 741 1743 solum
782 1681 847 1742 in
888 1681 1121 1744 saeculo
1158 1682 1281 1744 isto
1320 1689 1620 1762 operatur
1648 1681 1715 1743 in
1754 1700 1861 1743 no-

368 1775 463 1838 bis
510 1778 774 1852 utiliter,
818 1779 926 1840 sed
976 1779 1042 1841 in
1088 1778 1306 1842 fluturo
1354 1796 1607 1860 quoque
1658 1779 1858 1840 multo

1971 797 2258 859 obtinere
2308 798 2604 879 potuerit,
2647 800 2936 879 gaudeat,
2979 805 3041 859 et
3087 818 3125 861 a
3172 816 3297 879 qua
3343 798 3468 860 dis-

1970 904 2236 958 tractam
2286 915 2353 958 se
2401 896 2609 960 doleat
2657 915 2729 959 ac
2788 897 3102 978 suspiret;
3151 897 3465 977 totiesque

1972 995 2204 1057 sentiat
2243 1014 2310 1057 se
2353 1015 2389 1057 a
2430 1014 2681 1058 summo
2725 996 2893 1059 bono
2935 995 3270 1077 relapsam,
3313 1013 3467 1077 quo-

1972 1094 2091 1155 ties
2140 1093 2632 1175 deprehenderit
2674 1114 2742 1156 se
2785 1094 2865 1156 ab
2906 1095 3048 1176 ejus
3094 1094 3330 1155 intuitu
3372 1112 3468 1155 se-

1972 1199 2255 1272 paratam
2277 1192 2602 1272 :judicans
2632 1200 3145 1254 momentaneum
3174 1211 3211 1253 a
3236 1190 3467 1255 Christi

1972 1290 2509 1370 contemplatione
2562 1278 2916 1351 discessum
2959 1308 3098 1351 esse
3145 1287 3466 1351 fornicati-

1970 1404 2177 1448 onem.
2232 1386 2283 1449 A
2342 1404 2470 1468 quo
2517 1389 2670 1449 dum
2729 1387 3062 1469 paululum
3117 1387 3466 1449 deviaverit

1972 1486 2205 1547 mentis
2255 1494 2485 1548 nostrae
2537 1486 2825 1560 intuituS,
2861 1503 3232 1548 revocemus
3280 1485 3462 1566 quasi

1970 1602 2085 1665 per
2113 1584 2535 1646 rectissimam
2566 1584 2798 1646 lineam
2839 1584 3044 1646 aciem
3084 1583 3338 1656 mentiS‚
3372 1602 3466 1645 re·

1971 1689 2336 1763 torquentes
2366 1683 2583 1745 oculos
2625 1682 2834 1745 cordis
2864 1683 2943 1744 ad
2974 1681 3314 1744 Christum.
3348 1681 3468 1743 To·

1968 1787 2105 1841 tum
2137 1799 2406 1862 namque
2438 1782 2729 1843 consistit
2760 1781 2824 1842 in
2857 1780 3264 1843 conversione
3293 1798 3467 1841 aver-

366 1873 689 1937 essicacior
746 1876 1282 1958 excellentiorque
1331 1876 1636 1950 manebit,
1688 1877 1853 1940 mole
1892 1878 1939 1939 B
1968 1878 2227 1940 sioneve
2283 1878 2529 1941 animae.
2582 1879 2632 1940 A
2685 1898 2810 1959 qua
2866 1878 3132 1959 expulso
3183 1877 3456 1951 diabolO,

364 1990 473 2034 seu
508 1975 756 2036 sarcina
796 1993 1111 2057 corporeae
1152 1976 1545 2038 necessitatis
1584 1975 1852 2056 abJecta,

365 2070 539 2134 nullo
588 2091 871 2154 unquam
920 2074 1173 2135 defectu
1222 2075 1707 2155 corrumpenda,
1745 2076 1855 2137 sed

364 2168 691 2232 adhaesura
740 2171 1064 2233 ardentius
1112 2180 1301 2253 atque
1349 2172 1656 2235 intentius
1706 2191 1853 2234 cum

367 2266 840 2349 incorruptione
883 2277 1207 2350 perpetua.

745 2524 1249 2587 CAPITULUM
1312 2524 1467 2587 XII.

378 2670 793 2743 Interroqatio
826 2672 901 2727 de
921 2673 1387 2744 perseverantia
1416 2673 1619 2743 spirit
1630 2672 1797 2729 uatis

968 2760 1236 2817 theorice.

497 2957 915 3021 ERMANUS
957 2975 971 3019 :
1015 2958 1165 3031 Quis
1210 2976 1359 3039 ergo
1406 2958 1616 3040 fragili
1663 2978 1849 3021 carne

1966 1995 2084 2038 nec
2122 1976 2296 2038 vitiis
2342 1978 2407 2038 in
2451 1996 2525 2039 ea
2567 1976 3000 2057 regnantibuS,
3043 1994 3308 2057 regnum
3346 1976 3458 2038 Dei

1964 2073 2269 2136 fundatur
2297 2076 2511 2136 statim
2552 2076 2617 2136 in
2650 2074 2856 2149 nobiS‚
2889 2073 3140 2136 dicente
3179 2074 3458 2155 Evange-

1963 2171 2106 2234 lista
2141 2190 2154 2234 t
2187 2173 2473 2253 Regnum
2505 2172 2616 2233 Dei
2657 2190 2784 2233 non
2813 2172 3028 2234 veniet
3067 2190 3215 2233 cum
3245 2171 3455 2234 obser·
3521 2189 3750 2245 Luanu,

1962 2270 2236 2343 vatione,
2271 2289 2477 2351 neque
2516 2270 2750 2343 dicent,
2791 2270 2950 2332 Ecce
2989 2270 3117 2345 hic,
3159 2277 3267 2331 aut
3305 2288 3454 2332 ecce
3483 2256 3551 2306 ’θ’
3576 2257 3644 2298 ²¹·

1963 2368 2094 2429 illic
2135 2376 2270 2448 est3
2303 2387 2490 2430 amen
2529 2369 2701 2430 enim
2747 2368 2888 2431 dico
2930 2368 3136 2443 vobiS,
3170 2368 3322 2450 quia
3364 2387 3458 2431 re-

1960 2484 2158 2547 gnum
2209 2467 2321 2529 Dei
2367 2467 2532 2528 intra
2573 2485 2685 2529 vos
2733 2474 2847 2529 est.
2886 2468 3075 2530 Porro
3127 2468 3291 2530 intra
3339 2484 3454 2529 nos

1961 2564 2052 2626 nil
2103 2565 2278 2627 aliud
2327 2584 2466 2627 esse
2517 2572 2744 2646 potest,
2791 2583 2985 2646 quam
3035 2564 3301 2627 scientia
3347 2573 3457 2627 aut

1961 2662 2317 2744 ignorantia
2345 2662 2651 2736 veritati5‚
2670 2662 2771 2725 vel
2802 2680 2979 2725 amor
3006 2662 3316 2724 virtutum
3345 2670 3456 2724 aut

1959 2760 2264 2823 vitiorum
2301 2778 2316 2821 :
2356 2780 2470 2843 per
2515 2780 2658 2842 quae
2710 2780 3004 2843 paramus
3052 2760 3300 2823 Christo
3345 2768 3455 2822 aut

1959 2858 2214 2921 diabolo
2271 2846 2540 2940 regnum
2596 2859 2665 2921 in
2723 2860 2910 2920 corde
2969 2865 3202 2921 nostro.
3255 2858 3452 2940 Cujus

1961 2956 2136 3037 regni
2188 2957 2557 3037 qualitatem
2611 2956 2914 3019 describit
2960 2956 3321 3037 Apostolu8‚
3362 2958 3452 3019 di-

507 3054 942 3116 circumdatus
974 3061 1180 3135 potest
1209 3055 1723 3136 contemplationi
1756 3056 1847 3118 sic
1886 3051 1930 3115 G
1960 3074 2109 3117 cens
2154 3072 2167 3117 ε
2211 3055 2347 3117 Non
2391 3056 2564 3117 enim
2606 3074 2870 3135 regnum
2914 3054 3026 3116 Dei
3069 3062 3166 3117 est
3203 3073 3348 3117 esca
3389 3063 3452 3117 et
3505 3071 3742 3125 amm,

358 3171 610 3235 semper
652 3171 790 3215 esse
832 3151 1091 3227 affixuS,
1125 3161 1195 3214 ut
1242 3173 1570 3235 nunquam
1619 3155 1849 3235 cogitet

356 3254 429 3314 de
467 3252 747 3333 alicujus
786 3251 1017 3314 Fratris
1048 3253 1346 3327 adventu,
1380 3254 1457 3315 de
1489 3253 1849 3316 visitatione

357 3351 625 3425 infirmi,
658 3351 735 3413 de
784 3367 975 3433 opere
1025 3370 1352 3425 manuum,
1394 3359 1503 3413 aut
1554 3360 1722 3413 certe
1770 3352 1847 3413 de

357 3448 748 3511 humanitate
807 3448 1159 3529 peregrinis
1209 3448 1308 3510 vel
1360 3448 1847 3511 advenientibus

354 3547 757 3610 exhibenda?
785 3547 1129 3620 Postremo,
1163 3547 1307 3628 quis
1339 3565 1466 3610 non
1505 3547 1848 3629 repelletur

356 3646 674 3708 interdum
714 3665 750 3707 a
788 3646 1323 3727 contemplatione
1366 3666 1443 3708 ex
1486 3646 1845 3728 provisione

356 3744 639 3825 corporis
669 3742 767 3805 sui
799 3751 910 3804 aut
939 3747 1129 3805 cura?
1159 3743 1238 3806 At
1269 3745 1565 3826 cupimus
1595 3744 1846 3807 edoceri

354 3841 627 3921 qualiter
662 3840 765 3903 vel
813 3842 878 3903 in
920 3860 1048 3923 quo
1098 3861 1277 3904 mens
1325 3843 1602 3904 humana
1643 3842 1846 3905 valeat

354 3940 665 4003 c-ohaerere
722 3938 1035 4002 invisibili
1092 3948 1152 4002 et
1213 3941 1842 4022 incomprehensibili

354 4037 492 4099 Deo,

724 4282 1231 4348 CAPITULUM
1290 4283 1479 4346 XIII.

352 4431 679 4503 Responsio
716 4432 791 4487 de
827 4431 1159 4487 directione
1194 4433 1398 4487 cordis
1440 4433 1507 4487 in
1541 4434 1746 4496 Deum,
1785 4439 1842 4488 et

555 4521 633 4576 de
670 4536 857 4591 reqno
892 4521 1005 4575 Dei
1042 4536 1342 4593 reynoque
1384 4521 1627 4577 Zabuli.

504 4715 785 4779 OYSES
821 4733 835 4777 ε
869 4716 1268 4797 Impossibile
1306 4724 1401 4779 est
1440 4717 1684 4780 homini
1728 4718 1845 4780 fra-

519 4813 769 4894 gilitate
810 4813 929 4875 hac
971 4814 1177 4876 carnis
1219 4815 1613 4878 circumdato
1655 4816 1845 4879 inhae-

356 4928 485 4971 rere
512 4910 755 4992 jugiter
792 4911 942 4984 Deo,
976 4917 1163 4992 atque
1201 4912 1709 4994 inseparabiliter
1748 4931 1846 4975 co-

358 5008 555 5088 pulari
588 5008 1113 5090 contemplationi
1153 5010 1314 5091 ejus,
1349 5017 1418 5071 ut
1457 5010 1687 5073 dicitis.
1725 5011 1844 5073 Sed

354 5113 598 5187 oportet
641 5124 756 5169 nos
801 5106 965 5169 scire
1005 5107 1115 5169 ubi
1161 5108 1578 5171 intentionem
1618 5117 1845 5173 nostrae

358 5205 583 5266 mentis
634 5204 979 5267 debeamus
1027 5206 1259 5269 habere
1307 5206 1607 5281 defixam,
1660 5216 1723 5269 et
1768 5209 1846 5270 ad

362 5320 550 5383 quam
608 5302 1097 5366 destinat-ionem
1165 5324 1535 5368 revocemus
1596 5324 1849 5389 semper

1960 3160 2168 3233 potuS,
2203 3154 2311 3214 sed
2354 3152 2625 3234 justitia,
2657 3159 2720 3213 et
2761 3170 2903 3233 pax,
2936 3161 2999 3214 et
3041 3152 3342 3233 gaudium
3384 3152 3450 3213 in
3482 3136 3548 3177 ιτ.

1959 3250 2199 3330 Spiritu
2232 3251 2478 3313 Sancto.
2515 3251 2730 3331 Itaque
2761 3250 2814 3311 si
2846 3267 3112 3330 regnum
3142 3250 3254 3311 Dei
3286 3249 3452 3312 intra

1958 3365 2072 3409 nos
2122 3355 2239 3422 est,
2273 3356 2335 3409 et
2378 3349 2591 3430 ipsum
2636 3366 2902 3428 regnum
2946 3354 3043 3409 est
3085 3348 3354 3429 justitia,
3387 3356 3452 3411 et

1959 3464 2101 3525 pax,
2135 3452 2199 3506 et
2242 3446 2542 3526 gaudium
2595 3446 2659 3507 in
2711 3446 2951 3527 Spiritu
3003 3446 3266 3525 Sanct03
3301 3465 3451 3527 ergo

1958 3543 2068 3624 qui
2101 3543 2286 3606 bonis
2318 3544 2458 3605 istis
2498 3544 2794 3618 adhaeret,
2835 3544 2972 3605 sine
3010 3543 3206 3606 dubio
3242 3544 3306 3605 in
3337 3545 3449 3607 Dei

1956 3648 2051 3703 est
2084 3659 2295 3722 regno.
2332 3642 2700 3705 Econtrario
2730 3650 2942 3703 autem
2975 3642 3085 3723 qui
3115 3650 3450 3704 versantur

1956 3740 2022 3801 in
2056 3740 2388 3822 injustitia,
2422 3740 2736 3803 discordia
2764 3748 2953 3821 atque
2991 3740 3250 3802 tristitia
3281 3759 3446 3804 mor·
3493 3762 3528 3805 11
3548 3761 3651 3806 cor.
3667 3776 3739 3812 vu,

1954 3846 2083 3901 tem
2114 3846 2436 3919 operante,
2471 3847 2619 3900 sunt
2660 3839 2724 3900 in
2762 3856 2956 3919 regno
2994 3838 3253 3913 diaboli,
3287 3848 3351 3901 et
3380 3839 3445 3901 in
3478 3828 3542 3868 ¹⁰·

1955 3936 2206 3998 inferno
2251 3944 2578 4017 morteque
2619 3936 2964 3998 constituti.

2033 4034 2109 4095 Et
2137 4052 2357 4095 revera
2387 4034 2438 4096 si
2472 4033 2732 4095 sublimi
2765 4035 2997 4096 mentis
3038 4034 3276 4098 intuitu
3305 4054 3450 4099 con-

1953 4134 2308 4195 sideremus
2363 4139 2598 4194 statum
2659 4132 2841 4194 illum
2900 4134 2968 4195 in
3025 4151 3153 4214 quo
3210 4134 3448 4215 degunt

1872 4230 1922 4291 D
1954 4231 2243 4293 coelestes
2297 4250 2370 4292 ac
2428 4249 2719 4311 supernae
2767 4230 3058 4305 virtuteS,
3111 4250 3252 4313 quae
3297 4251 3446 4294 vere

1954 4330 2021 4390 in
2070 4345 2264 4408 regno
2312 4327 2423 4390 Dei
2477 4335 2644 4402 sunt,
2679 4329 2832 4409 quid
2874 4329 3048 4391 aliud
3092 4330 3199 4392 ille
3246 4338 3444 4392 status

1953 4445 2091 4489 esse
2144 4426 2496 4488 credendus
2549 4434 2666 4500 est,
2719 4446 2912 4507 quam
2963 4436 3270 4509 perpetua
3322 4448 3443 4510 pax

1952 4544 2027 4588 ac
2053 4525 2224 4606 jugis
2256 4525 2518 4587 lanitia?
2549 4525 2710 4597 Quid
2747 4526 2918 4587 enim
2954 4534 3082 4587 tam
3114 4526 3444 4608 proprium

1952 4629 2212 4704 tamque
2243 4623 2626 4685 conveniens
2657 4622 3263 4706 beatitudini,quam
3288 4632 3450 4687 tran·

1953 4721 2234 4801 quillitas
2271 4720 2441 4802 jugis
2485 4728 2550 4782 et
2589 4721 2890 4801 gaudium
2936 4722 3443 4803 sempiternum?

1952 4819 2219 4899 Insuper
2247 4825 2317 4879 ut
2347 4818 2580 4880 certius
2612 4819 2944 4882 instruaris
2975 4838 3102 4883 non
3133 4840 3272 4883 mea
3303 4839 3445 4884 con-

1950 4916 2218 4997 Jectura,
2253 4916 2362 4977 sed
2393 4915 2766 4979 auctoritate
2796 4916 3022 4991 ‚divina
3052 4937 3273 4980 verum
3303 4938 3442 4982 esse

1954 5015 2122 5095 quod
2154 5013 2450 5088 dicimus,
2483 5014 2631 5075 audi
2671 5015 2871 5076 Deum
2911 5016 3310 5098 apertissime
3339 5017 3442 5079 de-

1954 5112 2340 5173 scribentem
2398 5112 2768 5193 qualitatem
2824 5121 2887 5174 ct
2934 5120 3168 5175 statum
3225 5115 3438 5177 saeculi

1954 5209 2237 5273 adfuturi
2272 5227 2286 5271 ε
2321 5210 2502 5284 Ε666,
2547 5210 2776 5292 inquit,
2823 5228 2967 5273 creo
3008 5211 3203 5274 coelos
3242 5229 3438 5275 novos
3482 5232 3732 5284 tamuz

1961 5316 2024 5370 et
2062 5315 2296 5370 terram
2335 5326 2587 5382 novam,
2621 5315 2684 5370 et
2721 5326 2849 5371 non
2886 5317 3074 5371 erunt
3104 5309 3170 5371 in
3205 5328 3442 5374 memo-
3474 5297 3538 5337 ¹⁸·
