4359 6267
645 1991 781 2034 Pror.
794 2005 879 2041 vm,

625 2058 670 2097 13
679 2085 688 2096 .

646 2188 723 2231 Pa.
741 2200 883 2238 xxxm,

618 2255 686 2294 2³.

637 2377 652 2420 l
673 2377 777 2420 Cor.
793 2389 883 2425 xm,

617 2443 660 2545 sl
677 2503 805 2546 Petr.
827 2516 882 2553 ιν,

617 2570 659 2610 8.

641 2884 654 2926 Ι
674 2883 777 2928 Cor.
795 2898 880 2936 xm,

620 2951 683 2990 13.

911 502 1033 568 274

1316 745 1818 809 CAPITULUM
1883 744 1999 808 VI.

965 895 1297 967 Responsio
1328 896 1752 959 Clzoeremonis,
1780 896 1942 969 quod
1969 896 2128 951 vitia
2158 895 2359 951 tribus

1370 985 1564 1041 modis
1592 986 1939 1042 vincantur.

1043 1182 1190 1244 UNC
1217 1181 1439 1245 beatus
1472 1183 1839 1247 Chaeremon
1871 1182 2064 1246 dixit:
2089 1184 2231 1246 Tria
2261 1192 2409 1246 sunt

1057 1299 1198 1362 quae.
1227 1281 1465 1343 faciunt
1494 1301 1529 1343 a
1556 1281 1730 1344 vitiis
1760 1281 2098 1344 abstinere.
2125 1282 2407 1344 Primum

907 1388 1004 1442 est
1061 1388 1267 1441 metus
1328 1381 1654 1461 gehennae,
1707 1387 1814 1443 aut
1875 1399 2209 1462 poenarum
2264 1380 2409 1443 vitae

911 1479 1240 1559 praesentis
1281 1498 1438 1560 quas
1477 1478 1761 1542 inferunt
1802 1480 2011 1560 leges3
2055 1479 2407 1541 secundum

909 1584 1006 1638 est
1052 1595 1196 1659 spes
1248 1596 1360 1640 seu
1411 1577 1799 1641 desiderium
1851 1578 2028 1659 regni
2080 1577 2407 1657 coelestis;

911 1674 1177 1737 tertium
1211 1684 1304 1737 est
1343 1674 1615 1738 affectus
1649 1675 1850 1757 ipsius
1882 1675 2056 1752 boni,
2089 1695 2200 1738 seu
2232 1693 2411 1738 amor

911 1773 1243 1837 virtutum.
1278 1775 1435 1836 Nam
1475 1775 1668 1836 timor
1705 1774 1815 1836 Dei
1861 1774 2090 1854 legitur
2127 1793 2407 1836 exsecra-

912 1871 966 1933 ri
1008 1871 1371 1954 contagium
1412 1872 1638 1954 culpae,
1672 1872 2210 1954 quemadmodum
2252 1873 2405 1934 scri·
2444 1883 2491 1946 Β

912 1978 1092 2052 ptum
1134 1978 1229 2033 est
1264 1991 1278 2035 :
1313 1971 1529 2032 Timor
1563 1971 1674 2034 Dei
1716 1971 1849 2033 odit
1891 1970 2219 2033 malitiam.
2251 1971 2408 2034 Prae-

917 2076 1086 2131 terea
1134 2089 1279 2152 spes
1318 2069 1601 2131 excludit
1640 2069 1929 2132 omnium
1967 2068 2271 2132 vitiorum
2319 2069 2409 2130 in-

914 2187 1172 2229 cursum
1227 2188 1240 2232 :
1303 2167 1439 2231 Non
1505 2168 1678 2230 enim
1745 2167 2119 2251 delinquent
2187 2186 2407 2231 omnes

913 2266 1022 2348 qui
1064 2274 1320 2348 sperant
1352 2267 1420 2328 in
1455 2284 1548 2331 eo.
1588 2267 1780 2329 Amor
1819 2283 2074 2348 quoque
2113 2285 2240 2329 non
2283 2286 2410 2329 me-

913 2365 1032 2426 tuit
1073 2364 1374 2428 vitiorum
1419 2365 1668 2427 ruinam
1719 2383 1732 2428 :
1780 2364 1937 2439 Quia
1981 2365 2208 2428 caritas
2252 2386 2409 2427 nun-

912 2483 1104 2546 quam
1173 2465 1389 2545 cadit3
1449 2472 1508 2526 et
1580 2465 1835 2538 iterum,
1897 2464 2134 2527 Caritas
2203 2463 2410 2546 operit

913 2563 1390 2625 multitudinem
1457 2570 1882 2645 peccatorum.
1960 2563 2118 2625 Hinc
2187 2563 2408 2625 beatus

910 2661 1248 2744 Apostolus
1316 2662 1790 2744 comprehendit
1863 2669 2054 2724 totam
2125 2668 2405 2725 nostram

909 2761 1179 2823 salutem
1223 2760 1287 2822 in
1338 2761 1886 2824 consummatione
1935 2760 2160 2823 harum
2211 2760 2406 2822 trium

909 2860 1242 2933 virtutum,
1289 2861 1558 2923 dicendo
1601 2877 1616 2921 ε
1659 2861 1840 2922 Nunc
1886 2866 2098 2921 autem
2150 2867 2408 2921 manent

908 2959 1093 3033 fides,
1138 2977 1304 3039 speS,
1348 2959 1596 3032 caritas,
1642 2958 1762 3020 tria
1809 2957 1960 3020 haec.
2008 2955 2189 3019 Fides
2234 2977 2407 3018 nam-

1617 525 2033 572 couATmNUn
2075 525 2160 570 SS.
2196 523 2439 569 PATRUM
2478 521 2655 568 LIBER
2696 525 2757 569 11.
2802 541 2883 552 -
2923 523 3210 570 COLLATIO
3250 526 3315 571 xl

2516 793 2844 856 Dominus,
2866 795 3105 856 Intuitu
3136 795 3375 877 quippe
3408 794 3678 876 propriae
3709 792 4008 856 bonitatis

2518 892 2784 974 largitur
2812 893 3022 974 dignis
3063 903 3125 956 et
3156 893 3433 974 indignis
3473 893 3723 974 copiam
3752 909 4007 954 omnem

2520 991 2855 1068 bonorum,
2884 993 3035 1075 quia
3066 1013 3182 1056 nec
3214 992 3461 1074 fatigari
3492 998 3696 1074 potest
3730 989 4007 1072 injuriiS,

2520 1111 2639 1154 nec
2671 1092 3059 1174 passibiliter
3091 1081 3476 1155 commoveri
3516 1091 3847 1154 hominum
3885 1088 4015 1151 cul-

2521 1188 2643 1270 pis,
2692 1189 2802 1251 sed
2856 1197 3185 1271 permanet
3234 1207 3489 1271 semper
3536 1188 3600 1250 in
3650 1206 3718 1250 se
3766 1185 4014 1249 bonitas

2522 1305 2781 1370 prorsus
2822 1288 3107 1370 perfecta
3149 1285 3697 1369 immutabilisque
3729 1294 3969 1348 natura.

2904 1541 3408 1606 CAPITULUM
3470 1541 3621 1605 VII.

2592 1689 2824 1757 Quibus
2859 1688 3161 1760 ,qr-adibus
3198 1688 3565 1744 ascendatur
3596 1687 3679 1743 ad
3714 1688 3945 1760 apicem

2661 1778 2971 1841 caritatis,
2998 1782 3057 1833 et
3085 1793 3221 1850 quoe
3250 1776 3563 1834 stabilitas
3591 1777 3675 1832 sit
3702 1777 3772 1832 in
3798 1793 3887 1834 ea.

2666 1977 2742 2040 UI
2774 1975 2968 2057 igitur
2996 1975 3201 2039 tendit
3229 1975 3306 2037 ad
3340 1973 3822 2056 perfectionem,
3854 1982 4015 2036 tran·

2684 2074 2943 2137 scendat
2985 2075 3063 2136 de
3105 2073 3315 2155 primo
3356 2072 3465 2135 illo
3504 2073 3701 2154 gradu
3742 2073 4009 2146 timoriS‚

2518 2194 2629 2257 qul
2674 2173 2929 2256 proprie
2974 2181 3069 2235 est
3109 2171 3383 2247 serviliS,
3430 2171 3509 2234 de
3551 2189 3680 2254 quo
3719 2171 3951 2234 dicitur
3992 2191 4006 2234 :

2517 2273 2723 2347 Quum
2755 2270 3037 2334 feceritis
3075 2269 3292 2335 omnia
3328 2289 3471 2352 quae
3507 2277 3825 2352 praecepta
3860 2278 4012 2332 sunt

2518 2369 2721 2444 vobiS,
2767 2369 2981 2444 dicite,
3026 2368 3201 2432 Servi
3249 2368 3508 2430 inutiles
3552 2385 3815 2445 sumus;
3844 2375 4012 2430 tran-

2517 2469 2797 2542 scendat,
2841 2467 3126 2549 inquam,
3170 2465 3569 2548 proficiendo
3604 2465 3681 2528 ad
3722 2465 4009 2529 altiorem

2518 2567 2835 2630 tramitem
2863 2567 3017 2648 spei,
3042 2565 3155 2648 qui
3181 2573 3582 2648 comparatur
3600 2566 4007 2636 mercenario,

2516 2674 2579 2728 et.
2610 2684 2735 2728 non
2768 2683 2973 2739 servo,
2998 2665 3151 2746 quia
3181 2664 3541 2727 mercedem
3572 2663 4011 2727 retributionis

2516 2771 2861 2846 exspectat,
2909 2771 2970 2825 et
3028 2763 3211 2844 quasi
3270 2781 3533 2826 securus
3591 2763 3671 2825 de
3727 2771 4012 2844 peccato-

2517 2881 2658 2924 rum
2690 2862 3089 2924 absolutione
3120 2879 3193 2922 ac
3229 2861 3464 2941 poenali
3495 2859 3745 2934 timore,
3778 2869 3839 2923 et
3868 2879 4013 2924 con-

2516 2959 2686 3024 scius
2728 2959 2849 3022 sibi
2881 2961 2959 3021 de
2989 2945 3175 3022 bonis
3215 2958 3540 3040 operibuS,
3573 2957 3725 3021 licet
3761 2967 4011 3041 praesto-

909 3076 1032 3140 que
1076 3066 1168 3120 est
1215 3077 1357 3139 quae
1401 3055 1554 3120 facit
1602 3057 1802 3120 vitare
1853 3055 2141 3137 contagia
2188 3074 2405 3137 pecca·
2442 3059 2487 3126 C
2518 3060 2682 3122 letur
2726 3058 3063 3141 praemium
3106 3076 3374 3140 operum
3419 3057 3547 3120 Deo
3594 3057 4007 3139 placentium,

909 3164 1119 3219 torum
1169 3165 1344 3218 metu
1393 3154 1592 3218 futuri
1649 3154 1878 3237 judicii
1927 3173 1998 3216 ac
2058 3154 2403 3236 supplicio-

913 3273 1090 3334 rum3
1125 3274 1268 3336 spes
1300 3272 1450 3317 vero
1490 3263 1580 3316 est
1624 3274 1764 3335 quae
1805 3261 2082 3316 mentem
2122 3262 2404 3316 nostram

910 3355 987 3416 de
1042 3352 1462 3434 praesentibus
1515 3371 1808 3425 avocanS,
1861 3353 2214 3414 contemnit
2268 3353 2405 3414 uni-

908 3471 1122 3513 versas
1181 3451 1464 3532 corporis
1522 3451 1876 3531 voluptates
1935 3450 2405 3531 exspectatione

910 3550 1266 3612 coelestium
1321 3550 1727 3631 praemiorum
1769 3567 1785 3626 ;
1837 3549 2063 3612 caritas
2116 3557 2213 3611 est
2264 3568 2406 3631 quae

911 3649 1142 3711 mentis
1199 3649 1420 3710 ardore
1478 3647 1806 3710 succendit
1865 3667 1980 3710 nos
2035 3649 2110 3710 ad
2173 3648 2403 3711 Christi

909 3766 1192 3810 amorem
1222 3766 1296 3810 ac
1327 3747 1723 3828 spiritualem
1757 3746 2037 3808 fructum
2069 3747 2402 3818 virtutum,

908 3854 965 3908 et
1022 3846 1171 3908 facit
1215 3864 1328 3909 nos
1375 3852 1503 3908 toto
1553 3846 1698 3908 odio
1747 3846 2039 3908 detestari
2092 3845 2404 3928 quidquid

910 3946 1036 4008 illis
1075 3945 1463 4007 contrarium
1499 3953 1614 4006 est..
1655 3944 1801 4017 Quae
1836 3945 1954 4006 tria
1988 3943 2283 4025 quamvis
2317 3944 2407 4005 vi-

907 4047 1175 4108 deantur
1213 4045 1290 4106 ad
1334 4063 1533 4105 unum
1572 4045 1828 4106 tendere
1869 4043 2091 4116 finem,
2125 4042 2276 4124 quia
2315 4043 2405 4105 in-

908 4146 1152 4207 ducunt
1201 4161 1314 4205 nos
1373 4143 1450 4204 ad
1510 4141 1959 4204 abstinendum
2010 4161 2045 4203 a
2093 4141 2286 4203 rebus
2335 4142 2404 4202 il-

2514 3158 2801 3221 nondum
2833 3164 3043 3219 tamen
3088 3157 3382 3238 pervenit
3418 3156 3496 3219 ad
3527 3155 3795 3219 filialem
3829 3157 4009 3220 illum

2514 3256 2846 3328 affectum,
2896 3255 3006 3336 qui
3052 3255 3129 3317 de
3176 3253 3553 3317 liberalitate
3604 3254 4013 3336 indulgentiae

2517 3362 2794 3437 paternae
2844 3351 3196 3426 confidem,
3242 3370 3368 3415 non
3418 3351 3663 3415 dubitat
3712 3373 3851 3416 esse
3900 3373 4013 3416 sua

2514 3453 2729 3517 omnia
2771 3471 2911 3534 quae
2942 3459 3089 3513 sunt
3133 3450 3350 3533 patris.
3385 3450 3478 3512 Ad
3508 3470 3701 3532 quem
3745 3453 4009 3533 gradum

2514 3551 2837 3633 adspirare
2866 3567 2990 3612 non
3032 3550 3218 3612 audet
3262 3549 3563 3631 prodigus
3596 3549 3705 3611 ille
3734 3550 3844 3632 qui
3879 3569 4014 3632 per-

2515 3650 2676 3711 didit
2724 3667 2958 3711 nomen
3004 3647 3125 3710 filii
3177 3667 3322 3710 cum
3368 3647 3723 3710 substantia
3774 3649 4009 3730 patris3

2517 3756 2775 3830 propter
2815 3747 2984 3829 quod
3025 3747 3185 3808 dixit·
3221 3766 3235 3810 :
3268 3745 3406 3809 Non
3448 3766 3589 3808 sum
3630 3746 3865 3828 dignus
3907 3767 4012 3810 vo·
4038 3771 4259 3817 numa

2516 3847 2644 3909 cari
2696 3846 2873 3908 filius
2928 3854 3116 3922 tuus3
3162 3844 3263 3907 fac
3314 3863 3417 3907 me
3466 3845 3632 3906 sicut
3682 3865 3885 3908 unum
3937 3847 4012 3908 de

2516 3944 2927 4008 mercenariis
2960 3945 3105 4006 tuis.
3141 3944 3451 4006 Reversus
3494 3943 3797 4025 equidem
3837 3945 3918 4008 ad
3947 3965 4012 4008 se-

2514 4045 2727 4126 ipsum
2778 4051 2921 4125 post
2965 4042 3231 4124 siliquas
3284 4041 3425 4103 illas
3476 4059 3817 4123 porcorum
3862 4062 4013 4125 qua·

2514 4163 2657 4205 rum
2709 4143 2963 4204 satietas
3022 4140 3079 4203 ei
3132 4158 3255 4202 non
3316 4140 3753 4222 praestabatur,
3808 4143 3873 4204 id
3922 4149 4015 4205 est

908 4243 1124 4314 licitis,
1165 4243 1399 4304 distant
1442 4248 1650 4303 tamen
1699 4240 1778 4303 ab
1831 4239 2104 4302 invicem
2157 4238 2401 4320 magnis
2434 4247 2484 4308 D
2516 4249 2654 4324 post
2686 4241 2901 4304 sordes
2932 4247 2994 4301 et
3024 4257 3199 4301 escas
3230 4239 3555 4308 vitiorum,
3590 4250 4015 4322 compunctus

906 4342 1208 4424 gradibus
1256 4341 1600 4422 dignitatis.
1655 4341 1811 4402 Nam
1860 4340 1986 4401 duo
2035 4339 2269 4421 priora,
2316 4339 2403 4400 vi—

909 4441 1139 4504 delicet
1178 4441 1496 4502 declinare
1534 4440 1697 4502 mala
1735 4459 1810 4501 ex
1855 4446 2027 4501 metu
2067 4457 2397 4520 poenarum

909 4548 973 4602 et
1013 4539 1220 4600 facere
1262 4538 1428 4600 bona
1470 4537 1704 4600 intuitu
1745 4536 2177 4620 praemiorum,
2211 4538 2286 4599 ad
2330 4537 2403 4597 il—

913 4639 1005 4702 los
1055 4638 1345 4702 homines
1398 4637 1652 4719 proprie
1705 4636 2024 4718 pertinent
2082 4636 2192 4717 qui
2252 4653 2403 4698 non-

910 4739 1062 4800 dum
1100 4743 1530 4818 conceperunt
1561 4735 1867 4798 affectum
1903 4734 2252 4812 virtutum3
2286 4742 2405 4796 ter-

909 4837 1070 4899 tium
1111 4842 1324 4897 autem
1363 4841 1458 4896 est
1507 4833 1868 4915 specialiter
1905 4833 2039 4904 Dei,
2082 4840 2143 4894 et
2182 4850 2402 4895 eorum

909 4935 1020 5017 qui
1067 4934 1566 4996 reformaverunt
1616 4932 1680 4994 in
1723 4951 1789 4994 se
1832 4931 2174 5013 imaginem
2218 4940 2280 4994 et
2326 4933 2406 4993 si-

914 5033 1344 5096 militudinem
1394 5031 1553 5112 ejus».
1609 5031 1774 5093 Deus
1821 5029 2057 5092 etenim
2107 5039 2405 5112 operatur

909 5153 984 5196 ea
1023 5151 1165 5215 quae
1205 5130 1371 5194 bona
1413 5137 1582 5203 sunt,
1624 5129 1759 5192 solo
1799 5127 2099 5192 bonitatis
2140 5128 2401 5202 affectu,

911 5250 1038 5295 non
1080 5238 1251 5292 metu
1292 5237 1402 5292 aut
1446 5227 1660 5310 aliqua
1699 5227 2230 5290 remunerationis
2268 5247 2404 5309 gra-

911 5328 999 5390 tia
1054 5325 1458 5410 provocante,
1511 5324 2048 5408 quemadmodum
2107 5324 2401 5388 Salomon

2513 4338 2772 4402 salutari
2814 4338 3063 4410 timore,
3109 4338 3304 4419 coepit
3339 4336 3473 4417 jam
3513 4336 3859 4402 abhorrere
3902 4338 4013 4401 im-

2515 4437 2895 4500 munditiam
2939 4436 3113 4498 illam
3157 4453 3519 4517 porcorum,
3554 4443 3616 4499 et
3655 4437 3811 4500 dirae
3857 4457 4017 4500 mor-

2514 4537 2593 4598 tis
2639 4533 3021 4597 formidabat
3062 4533 3399 4615 supplicia,
3434 4535 3615 4615 quasi
3648 4533 3857 4598 factus
3884 4537 4013 4618 jam

2512 4655 2754 4698 servus.
2793 4634 3084 4714 Cogitans
3114 4650 3369 4715 quoque
3399 4634 3478 4696 de
3518 4636 3811 4698 mercede
3852 4657 4016 4700 mer-

2513 4733 2774 4808 cenarii,
2807 4752 2884 4794 ex
2921 4731 3235 4794 desiderio
3269 4731 3430 4793 dixit
3465 4750 3479 4794 :
3514 4732 3739 4806 Quanti
3782 4755 4015 4800 merce-

2513 4832 2675 4895 narii
2718 4832 2784 4894 in
2824 4832 3013 4894 domo
3052 4830 3250 4912 patris
3296 4830 3422 4892 mei
3465 4830 3793 4896 abundant
3840 4837 4013 4917 pani—

2514 4931 2656 5005 buS,
2691 4946 2807 5010 ego
2846 4936 3058 4990 autem
3100 4927 3206 4989 hic
3242 4927 3411 4990 fame
3452 4937 3677 5010 pereo!
3714 4931 4018 4996 Revertar

2512 5047 2664 5110 ergo
2706 5029 2782 5090 ad
2828 5035 3072 5110 patrem
3120 5045 3358 5100 meum,
3400 5035 3461 5089 et
3500 5027 3707 5090 dicam
3752 5030 3813 5093 ei
3856 5051 3871 5094 ε
3913 5033 4017 5095 Pa-

2513 5137 2631 5201 ter,
2676 5126 2936 5209 peccavi
2982 5125 3048 5187 in
3093 5125 3330 5188 coelum
3378 5132 3441 5187 et
3488 5144 3699 5190 coram
3752 5137 3837 5206 te,
3888 5133 4017 5214 Jam

2513 5244 2641 5289 non
2673 5244 2817 5287 sum
2848 5225 3078 5305 dignus
3108 5223 3321 5287 vocari
3354 5223 3533 5288 filius
3565 5233 3747 5308 tuus3
3780 5228 3883 5293 fac
3916 5251 4015 5294 me

2514 5324 2683 5386 sicut
2728 5341 2933 5385 unum
2977 5322 3055 5384 de
3098 5320 3509 5385 mercenariis
3553 5323 3697 5387 tuiS.

2434 692 2489 756 A
2517 694 2607 756 ait
2640 712 2654 757 ε
2688 694 2917 759 Omnia
2949 703 3209 778 propter
3239 716 3307 759 se
3339 697 3551 778 ipsum
3586 703 3878 776 operatus
3910 700 4009 756 est
4036 717 4161 822 ⁴pm
4192 732 4265 764 ω,

4070 2292 4166 2336 Lu.
4184 2306 4265 2340 xva,

4040 2357 4101 2398 1⁰.

4044 4758 4144 4804 Ibt'd.
4154 4757 4259 4799 174⁹.
