<?xml version="1.0" encoding="UTF-8"?>
<!DOCTYPE html PUBLIC "-//W3C//DTD XHTML 1.0 Transitional//EN"
    "http://www.w3.org/TR/xhtml1/DTD/xhtml1-transitional.dtd">
<html xmlns="http://www.w3.org/1999/xhtml" xml:lang="en" lang="en">
 <head>
  <title>
</title>
<meta http-equiv="Content-Type" content="text/html;charset=utf-8" />
  <meta name='ocr-system' content='tesseract 3.04.00' />
  <meta name='ocr-capabilities' content='ocr_page ocr_carea ocr_par ocr_line ocrx_word'/>
</head>
<body>
  <div class='ocr_page' id='page_1' title='image "./doctorisecstati03denigoog_0242.png"; bbox 0 0 4359 6267; ppageno 0'>
   <div class='ocr_carea' id='block_1_1' title="bbox 593 925 659 966">
    <p class='ocr_par' dir='ltr' id='par_1_1' title="bbox 593 925 659 966">
     <span class='ocr_line' id='line_1_1' title="bbox 593 925 659 966; baseline -0.015 0"><span class='ocrx_word' id='word_1_1' title='bbox 593 925 659 966; x_wconf 80' lang='lat'>¹2.</span> 
     </span>
    </p>
   </div>
   <div class='ocr_carea' id='block_1_2' title="bbox 593 1051 660 1091">
    <p class='ocr_par' dir='ltr' id='par_1_2' title="bbox 593 1051 660 1091">
     <span class='ocr_line' id='line_1_2' title="bbox 593 1051 660 1091; baseline 0.015 -1"><span class='ocrx_word' id='word_1_2' title='bbox 593 1051 660 1091; x_wconf 76' lang='lat'>30.</span> 
     </span>
    </p>
   </div>
   <div class='ocr_carea' id='block_1_3' title="bbox 589 1319 659 1360">
    <p class='ocr_par' dir='ltr' id='par_1_3' title="bbox 589 1319 659 1360">
     <span class='ocr_line' id='line_1_3' title="bbox 589 1319 659 1360; baseline 0 0"><span class='ocrx_word' id='word_1_3' title='bbox 589 1319 659 1360; x_wconf 69' lang='lat'>24.</span> 
     </span>
    </p>
   </div>
   <div class='ocr_carea' id='block_1_4' title="bbox 885 471 3303 536">
    <p class='ocr_par' dir='ltr' id='par_1_4' title="bbox 885 471 3303 536">
     <span class='ocr_line' id='line_1_4' title="bbox 885 471 3303 536; baseline 0 -1"><span class='ocrx_word' id='word_1_4' title='bbox 885 471 1005 536; x_wconf 77' lang='lat'>234</span> <span class='ocrx_word' id='word_1_5' title='bbox 1087 501 1096 508; x_wconf 93' lang='lat'><strong>·</strong></span> <span class='ocrx_word' id='word_1_6' title='bbox 1578 488 1994 536; x_wconf 72' lang='lat' dir='ltr'>coLLArloNuu</span> <span class='ocrx_word' id='word_1_7' title='bbox 2036 487 2120 533; x_wconf 91' lang='lat' dir='ltr'>ss.</span> <span class='ocrx_word' id='word_1_8' title='bbox 2158 487 2403 533; x_wconf 64' lang='lat' dir='ltr'>Parnon</span> <span class='ocrx_word' id='word_1_9' title='bbox 2443 487 2619 533; x_wconf 65' lang='lat' dir='ltr'>Lmen</span> <span class='ocrx_word' id='word_1_10' title='bbox 2660 489 2699 533; x_wconf 92' lang='lat'>1.</span> <span class='ocrx_word' id='word_1_11' title='bbox 2745 506 2827 516; x_wconf 98' lang='lat'><strong>—</strong></span> <span class='ocrx_word' id='word_1_12' title='bbox 2868 487 3153 535; x_wconf 58' lang='lat' dir='ltr'>contnuo</span> <span class='ocrx_word' id='word_1_13' title='bbox 3192 489 3303 535; x_wconf 83' lang='lat' dir='ltr'>vm</span> 
     </span>
    </p>
   </div>
   <div class='ocr_carea' id='block_1_5' title="bbox 885 656 3995 741">
    <p class='ocr_par' dir='ltr' id='par_1_5' title="bbox 885 656 3995 741">
     <span class='ocr_line' id='line_1_5' title="bbox 885 656 3995 741; baseline -0 -20"><span class='ocrx_word' id='word_1_14' title='bbox 885 659 1239 722; x_wconf 81' lang='lat' dir='ltr'>Beelzebub</span> <span class='ocrx_word' id='word_1_15' title='bbox 1281 659 1574 741; x_wconf 85' lang='lat' dir='ltr'>principe</span> <span class='ocrx_word' id='word_1_16' title='bbox 1616 658 2074 722; x_wconf 68' lang='lat' dir='ltr'>daemoniorum</span> <span class='ocrx_word' id='word_1_17' title='bbox 2113 657 2220 720; x_wconf 91' lang='lat' dir='ltr'>hic</span> <span class='ocrx_word' id='word_1_18' title='bbox 2262 657 2378 739; x_wconf 87' lang='lat' dir='ltr'>eji-</span> <span class='ocrx_word' id='word_1_19' title='bbox 2408 656 2459 720; x_wconf 87' lang='lat' dir='ltr'>A</span> <span class='ocrx_word' id='word_1_20' title='bbox 2488 657 2663 719; x_wconf 90' lang='lat' dir='ltr'>enim</span> <span class='ocrx_word' id='word_1_21' title='bbox 2694 676 2771 720; x_wconf 86' lang='lat' dir='ltr'>ex</span> <span class='ocrx_word' id='word_1_22' title='bbox 2800 658 3123 721; x_wconf 79' lang='lat' dir='ltr'><strong>Fratribus</strong></span> <span class='ocrx_word' id='word_1_23' title='bbox 3149 659 3380 721; x_wconf 90' lang='lat' dir='ltr'>nostris</span> <span class='ocrx_word' id='word_1_24' title='bbox 3407 658 3473 721; x_wconf 90' lang='lat' dir='ltr'>in</span> <span class='ocrx_word' id='word_1_25' title='bbox 3498 658 3841 722; x_wconf 85' lang='lat' dir='ltr'>solitudine</span> <span class='ocrx_word' id='word_1_26' title='bbox 3866 659 3995 720; x_wconf 85' lang='lat' dir='ltr'>ista</span> 
     </span>
    </p>
   </div>
   <div class='ocr_carea' id='block_1_6' title="bbox 888 755 2379 839">
    <p class='ocr_par' dir='ltr' id='par_1_6' title="bbox 888 755 2379 839">
     <span class='ocr_line' id='line_1_6' title="bbox 888 755 2379 839; baseline -0.003 -19"><span class='ocrx_word' id='word_1_27' title='bbox 888 758 976 820; x_wconf 90' lang='lat' dir='ltr'>cit</span> <span class='ocrx_word' id='word_1_28' title='bbox 1024 758 1362 820; x_wconf 69' lang='lat' dir='ltr'>daemones</span> <span class='ocrx_word' id='word_1_29' title='bbox 1414 758 1571 820; x_wconf 89' lang='lat' dir='ltr'>Nam</span> <span class='ocrx_word' id='word_1_30' title='bbox 1619 766 1683 819; x_wconf 85' lang='lat' dir='ltr'>et</span> <span class='ocrx_word' id='word_1_31' title='bbox 1740 757 2048 839; x_wconf 91' lang='lat' dir='ltr'>quosdam</span> <span class='ocrx_word' id='word_1_32' title='bbox 2108 755 2379 837; x_wconf 85' lang='lat' dir='ltr'>legimus</span> 
     </span>
    </p>
   </div>
   <div class='ocr_carea' id='block_1_7' title="bbox 590 855 2381 1038">
    <p class='ocr_par' dir='ltr' id='par_1_7' title="bbox 590 855 2381 1038">
     <span class='ocr_line' id='line_1_7' title="bbox 613 855 2377 938; baseline -0.001 -21"><span class='ocrx_word' id='word_1_33' title='bbox 613 859 860 916; x_wconf 55' lang='lat' dir='ltr'>hbet-w,</span> <span class='ocrx_word' id='word_1_34' title='bbox 887 857 1194 938; x_wconf 89' lang='lat' dir='ltr'>appellari</span> <span class='ocrx_word' id='word_1_35' title='bbox 1247 865 1521 919; x_wconf 88' lang='lat' dir='ltr'>rectores</span> <span class='ocrx_word' id='word_1_36' title='bbox 1579 855 2009 928; x_wconf 85' lang='lat' dir='ltr'>tenebrarum,</span> <span class='ocrx_word' id='word_1_37' title='bbox 2060 863 2124 917; x_wconf 90' lang='lat' dir='ltr'>et</span> <span class='ocrx_word' id='word_1_38' title='bbox 2180 855 2377 916; x_wconf 90' lang='lat' dir='ltr'>alium</span> 
     </span>
     <span class='ocr_line' id='line_1_8' title="bbox 590 953 2381 1038; baseline -0.003 -19"><span class='ocrx_word' id='word_1_39' title='bbox 590 983 859 1038; x_wconf 54' lang='lat' dir='ltr'>suanam,</span> <span class='ocrx_word' id='word_1_40' title='bbox 887 957 1245 1038; x_wconf 89' lang='lat' dir='ltr'>nuncupari</span> <span class='ocrx_word' id='word_1_41' title='bbox 1289 955 1646 1037; x_wconf 91' lang='lat' dir='ltr'>principem</span> <span class='ocrx_word' id='word_1_42' title='bbox 1691 953 1884 1035; x_wconf 85' lang='lat' dir='ltr'>hujus</span> <span class='ocrx_word' id='word_1_43' title='bbox 1928 954 2169 1016; x_wconf 91' lang='lat' dir='ltr'>mundi.</span> <span class='ocrx_word' id='word_1_44' title='bbox 2216 953 2381 1026; x_wconf 91' lang='lat' dir='ltr'>Quos</span> 
     </span>
    </p>
   </div>
   <div class='ocr_carea' id='block_1_8' title="bbox 884 1051 2384 1234">
    <p class='ocr_par' dir='ltr' id='par_1_8' title="bbox 884 1051 2384 1234">
     <span class='ocr_line' id='line_1_9' title="bbox 884 1051 2384 1135; baseline -0.001 -21"><span class='ocrx_word' id='word_1_45' title='bbox 884 1054 1116 1135; x_wconf 86' lang='lat' dir='ltr'>gradus</span> <span class='ocrx_word' id='word_1_46' title='bbox 1143 1053 1482 1135; x_wconf 84' lang='lat' dir='ltr'>Apostolus</span> <span class='ocrx_word' id='word_1_47' title='bbox 1509 1053 1732 1115; x_wconf 88' lang='lat' dir='ltr'>asserit</span> <span class='ocrx_word' id='word_1_48' title='bbox 1763 1052 2160 1115; x_wconf 86' lang='lat' dir='ltr'>evacuandos</span> <span class='ocrx_word' id='word_1_49' title='bbox 2192 1051 2257 1113; x_wconf 92' lang='lat' dir='ltr'>in</span> <span class='ocrx_word' id='word_1_50' title='bbox 2290 1051 2384 1112; x_wconf 85' lang='lat' dir='ltr'>fu-</span> 
     </span>
     <span class='ocr_line' id='line_1_10' title="bbox 887 1148 2384 1234; baseline -0.003 -20"><span class='ocrx_word' id='word_1_51' title='bbox 887 1160 1051 1226; x_wconf 88' lang='lat' dir='ltr'>turo,</span> <span class='ocrx_word' id='word_1_52' title='bbox 1097 1171 1298 1234; x_wconf 90' lang='lat' dir='ltr'>quum</span> <span class='ocrx_word' id='word_1_53' title='bbox 1343 1153 1558 1215; x_wconf 91' lang='lat' dir='ltr'>omnia</span> <span class='ocrx_word' id='word_1_54' title='bbox 1601 1151 1838 1213; x_wconf 83' lang='lat' dir='ltr'>fuerint</span> <span class='ocrx_word' id='word_1_55' title='bbox 1881 1150 2129 1214; x_wconf 89' lang='lat' dir='ltr'>Christo</span> <span class='ocrx_word' id='word_1_56' title='bbox 2171 1148 2384 1230; x_wconf 74' lang='lat' dir='ltr'>subJe-</span> 
     </span>
    </p>
   </div>
   <div class='ocr_carea' id='block_1_9' title="bbox 617 1249 2380 1332">
    <p class='ocr_par' dir='ltr' id='par_1_9' title="bbox 617 1249 2380 1332">
     <span class='ocr_line' id='line_1_11' title="bbox 617 1249 2380 1332; baseline -0.001 -21"><span class='ocrx_word' id='word_1_57' title='bbox 617 1253 855 1303; x_wconf 71' lang='lat' dir='ltr'><strong>¹C⁰¹··¹v·</strong></span> <span class='ocrx_word' id='word_1_58' title='bbox 888 1259 1035 1314; x_wconf 88' lang='lat' dir='ltr'>cta:</span> <span class='ocrx_word' id='word_1_59' title='bbox 1076 1252 1282 1325; x_wconf 86' lang='lat' dir='ltr'>Quum</span> <span class='ocrx_word' id='word_1_60' title='bbox 1332 1250 1684 1323; x_wconf 81' lang='lat' dir='ltr'>tradiderit,</span> <span class='ocrx_word' id='word_1_61' title='bbox 1739 1249 2059 1332; x_wconf 80' lang='lat' dir='ltr'>inquienS,</span> <span class='ocrx_word' id='word_1_62' title='bbox 2111 1267 2380 1330; x_wconf 84' lang='lat' dir='ltr'>regnum</span> 
     </span>
    </p>
   </div>
   <div class='ocr_carea' id='block_1_10' title="bbox 881 1348 2385 1922">
    <p class='ocr_par' dir='ltr' id='par_1_10' title="bbox 881 1348 2385 1922">
     <span class='ocr_line' id='line_1_12' title="bbox 885 1348 2382 1431; baseline -0.002 -19"><span class='ocrx_word' id='word_1_63' title='bbox 885 1351 1014 1412; x_wconf 86' lang='lat' dir='ltr'>Deo</span> <span class='ocrx_word' id='word_1_64' title='bbox 1059 1357 1124 1411; x_wconf 92' lang='lat' dir='ltr'>et</span> <span class='ocrx_word' id='word_1_65' title='bbox 1179 1349 1366 1422; x_wconf 90' lang='lat' dir='ltr'>Patri,</span> <span class='ocrx_word' id='word_1_66' title='bbox 1417 1368 1617 1431; x_wconf 91' lang='lat' dir='ltr'>quum</span> <span class='ocrx_word' id='word_1_67' title='bbox 1674 1348 2076 1410; x_wconf 82' lang='lat' dir='ltr'>evacuaverit</span> <span class='ocrx_word' id='word_1_68' title='bbox 2125 1365 2382 1410; x_wconf 90' lang='lat' dir='ltr'>omnem</span> 
     </span>
     <span class='ocr_line' id='line_1_13' title="bbox 884 1445 2384 1529; baseline 0 -21"><span class='ocrx_word' id='word_1_69' title='bbox 884 1447 1338 1529; x_wconf 86' lang='lat' dir='ltr'>principatum,</span> <span class='ocrx_word' id='word_1_70' title='bbox 1372 1455 1435 1509; x_wconf 88' lang='lat' dir='ltr'>et</span> <span class='ocrx_word' id='word_1_71' title='bbox 1474 1454 1872 1529; x_wconf 90' lang='lat' dir='ltr'>potestatem,</span> <span class='ocrx_word' id='word_1_72' title='bbox 1906 1455 1966 1508; x_wconf 87' lang='lat' dir='ltr'>et</span> <span class='ocrx_word' id='word_1_73' title='bbox 2008 1445 2384 1508; x_wconf 90' lang='lat' dir='ltr'>dominatio-</span> 
     </span>
     <span class='ocr_line' id='line_1_14' title="bbox 883 1542 2385 1628; baseline -0.001 -22"><span class='ocrx_word' id='word_1_74' title='bbox 883 1564 1050 1607; x_wconf 86' lang='lat' dir='ltr'>nem.</span> <span class='ocrx_word' id='word_1_75' title='bbox 1087 1546 1262 1618; x_wconf 90' lang='lat' dir='ltr'>Quod</span> <span class='ocrx_word' id='word_1_76' title='bbox 1296 1545 1514 1628; x_wconf 88' lang='lat' dir='ltr'>utique</span> <span class='ocrx_word' id='word_1_77' title='bbox 1554 1563 1682 1608; x_wconf 90' lang='lat' dir='ltr'>non</span> <span class='ocrx_word' id='word_1_78' title='bbox 1721 1544 1907 1606; x_wconf 83' lang='lat' dir='ltr'>aliter</span> <span class='ocrx_word' id='word_1_79' title='bbox 1945 1542 2082 1618; x_wconf 90' lang='lat' dir='ltr'>fiet,</span> <span class='ocrx_word' id='word_1_80' title='bbox 2115 1543 2239 1604; x_wconf 91' lang='lat' dir='ltr'>nisi</span> <span class='ocrx_word' id='word_1_81' title='bbox 2284 1560 2385 1605; x_wconf 88' lang='lat' dir='ltr'>eo-</span> 
     </span>
     <span class='ocr_line' id='line_1_15' title="bbox 883 1642 2383 1725; baseline -0.001 -20"><span class='ocrx_word' id='word_1_82' title='bbox 883 1663 1026 1705; x_wconf 91' lang='lat' dir='ltr'>rum</span> <span class='ocrx_word' id='word_1_83' title='bbox 1067 1644 1292 1707; x_wconf 91' lang='lat' dir='ltr'>ditioni</span> <span class='ocrx_word' id='word_1_84' title='bbox 1323 1661 1436 1705; x_wconf 92' lang='lat' dir='ltr'>seu</span> <span class='ocrx_word' id='word_1_85' title='bbox 1467 1643 1886 1725; x_wconf 81' lang='lat' dir='ltr'>praesidentiae</span> <span class='ocrx_word' id='word_1_86' title='bbox 1926 1642 2383 1704; x_wconf 88' lang='lat' dir='ltr'>subtrahantur</span> 
     </span>
     <span class='ocr_line' id='line_1_16' title="bbox 881 1740 2381 1825; baseline -0.002 -22"><span class='ocrx_word' id='word_1_87' title='bbox 881 1742 947 1804; x_wconf 93' lang='lat' dir='ltr'>hi</span> <span class='ocrx_word' id='word_1_88' title='bbox 980 1761 1172 1824; x_wconf 91' lang='lat' dir='ltr'>super</span> <span class='ocrx_word' id='word_1_89' title='bbox 1201 1760 1380 1825; x_wconf 80' lang='lat' dir='ltr'>quOS,</span> <span class='ocrx_word' id='word_1_90' title='bbox 1407 1741 1473 1804; x_wconf 91' lang='lat' dir='ltr'>in</span> <span class='ocrx_word' id='word_1_91' title='bbox 1505 1742 1739 1805; x_wconf 84' lang='lat' dir='ltr'>saeculo</span> <span class='ocrx_word' id='word_1_92' title='bbox 1771 1741 1908 1815; x_wconf 92' lang='lat' dir='ltr'>isto,</span> <span class='ocrx_word' id='word_1_93' title='bbox 1931 1740 2381 1802; x_wconf 88' lang='lat' dir='ltr'>administrant</span> 
     </span>
     <span class='ocr_line' id='line_1_17' title="bbox 883 1837 2174 1922; baseline -0.003 -20"><span class='ocrx_word' id='word_1_94' title='bbox 883 1840 1019 1902; x_wconf 90' lang='lat' dir='ltr'>sive</span> <span class='ocrx_word' id='word_1_95' title='bbox 1061 1847 1360 1902; x_wconf 83' lang='lat' dir='ltr'>exercent</span> <span class='ocrx_word' id='word_1_96' title='bbox 1402 1839 1535 1902; x_wconf 89' lang='lat' dir='ltr'>vim</span> <span class='ocrx_word' id='word_1_97' title='bbox 1577 1840 1713 1902; x_wconf 91' lang='lat' dir='ltr'>sive</span> <span class='ocrx_word' id='word_1_98' title='bbox 1753 1837 2174 1922; x_wconf 52' lang='lat' dir='ltr'>dominium..</span> 
     </span>
    </p>
   </div>
   <div class='ocr_carea' id='block_1_11' title="bbox 1271 2067 1988 2132">
    <p class='ocr_par' dir='ltr' id='par_1_11' title="bbox 1271 2067 1988 2132">
     <span class='ocr_line' id='line_1_18' title="bbox 1271 2067 1988 2132; baseline -0.003 -1"><span class='ocrx_word' id='word_1_99' title='bbox 1271 2067 1774 2132; x_wconf 84' lang='lat' dir='ltr'><strong>CAPITULUM</strong></span> <span class='ocrx_word' id='word_1_100' title='bbox 1838 2067 1988 2130; x_wconf 92' lang='lat' dir='ltr'>XV.</span> 
     </span>
    </p>
   </div>
   <div class='ocr_carea' id='block_1_12' title="bbox 881 2195 2384 2434">
    <p class='ocr_par' dir='ltr' id='par_1_12' title="bbox 881 2195 2384 2434">
     <span class='ocr_line' id='line_1_19' title="bbox 881 2195 2384 2265; baseline -0.003 -11"><span class='ocrx_word' id='word_1_101' title='bbox 881 2197 1053 2265; x_wconf 85' lang='lat' dir='ltr'>Quod</span> <span class='ocrx_word' id='word_1_102' title='bbox 1074 2213 1196 2254; x_wconf 82' lang='lat' dir='ltr'>non</span> <span class='ocrx_word' id='word_1_103' title='bbox 1224 2199 1358 2253; x_wconf 77' lang='lat' dir='ltr'>sine</span> <span class='ocrx_word' id='word_1_104' title='bbox 1385 2196 1758 2253; x_wconf 77' lang='lat' dir='ltr'>rationabili</span> <span class='ocrx_word' id='word_1_105' title='bbox 1784 2211 1970 2252; x_wconf 77' lang='lat' dir='ltr'>causa</span> <span class='ocrx_word' id='word_1_106' title='bbox 1993 2196 2243 2252; x_wconf 78' lang='lat' dir='ltr'>nomina</span> <span class='ocrx_word' id='word_1_107' title='bbox 2266 2195 2384 2250; x_wconf 83' lang='lat' dir='ltr'>An-</span> 
     </span>
     <span class='ocr_line' id='line_1_20' title="bbox 947 2285 2383 2358; baseline -0.003 -14"><span class='ocrx_word' id='word_1_108' title='bbox 947 2287 1218 2358; x_wconf 63' lang='lat' dir='ltr'>gelorum</span> <span class='ocrx_word' id='word_1_109' title='bbox 1263 2287 1391 2343; x_wconf 82' lang='lat' dir='ltr'>sive</span> <span class='ocrx_word' id='word_1_110' title='bbox 1437 2285 1950 2356; x_wconf 71' lang='lat' dir='ltr'>A&#39;rckanyelorum</span> <span class='ocrx_word' id='word_1_111' title='bbox 2004 2285 2130 2340; x_wconf 82' lang='lat' dir='ltr'>sint</span> <span class='ocrx_word' id='word_1_112' title='bbox 2175 2285 2383 2340; x_wconf 75' lang='lat' dir='ltr'>indita</span> 
     </span>
     <span class='ocr_line' id='line_1_21' title="bbox 950 2374 1901 2434; baseline -0.003 -1"><span class='ocrx_word' id='word_1_113' title='bbox 950 2377 1290 2434; x_wconf 70' lang='lat' dir='ltr'>caelestibus</span> <span class='ocrx_word' id='word_1_114' title='bbox 1329 2377 1504 2433; x_wconf 75' lang='lat' dir='ltr'>bonis</span> <span class='ocrx_word' id='word_1_115' title='bbox 1545 2374 1901 2432; x_wconf 78' lang='lat' dir='ltr'>virtutibus.</span> 
     </span>
    </p>
   </div>
   <div class='ocr_carea' id='block_1_13' title="bbox 880 2525 2385 3005">
    <p class='ocr_par' dir='ltr' id='par_1_13' title="bbox 880 2525 2385 3005">
     <span class='ocr_line' id='line_1_22' title="bbox 1021 2525 2382 2611; baseline -0.004 -20"><span class='ocrx_word' id='word_1_116' title='bbox 1021 2528 1196 2592; x_wconf 87' lang='lat' dir='ltr'><strong>ULLI</strong></span> <span class='ocrx_word' id='word_1_117' title='bbox 1226 2545 1480 2611; x_wconf 91' lang='lat' dir='ltr'>quoque</span> <span class='ocrx_word' id='word_1_118' title='bbox 1509 2535 1606 2590; x_wconf 91' lang='lat' dir='ltr'>est</span> <span class='ocrx_word' id='word_1_119' title='bbox 1634 2527 1926 2602; x_wconf 89' lang='lat' dir='ltr'>dubium,</span> <span class='ocrx_word' id='word_1_120' title='bbox 1959 2526 2126 2608; x_wconf 91' lang='lat' dir='ltr'>quod</span> <span class='ocrx_word' id='word_1_121' title='bbox 2160 2525 2382 2587; x_wconf 90' lang='lat' dir='ltr'>eadem</span> 
     </span>
     <span class='ocr_line' id='line_1_23' title="bbox 1039 2622 2385 2689; baseline -0.004 0"><span class='ocrx_word' id='word_1_122' title='bbox 1039 2627 1336 2689; x_wconf 90' lang='lat' dir='ltr'>ordinum</span> <span class='ocrx_word' id='word_1_123' title='bbox 1368 2626 1628 2689; x_wconf 90' lang='lat' dir='ltr'>nomina</span> <span class='ocrx_word' id='word_1_124' title='bbox 1656 2643 1783 2688; x_wconf 91' lang='lat' dir='ltr'>non</span> <span class='ocrx_word' id='word_1_125' title='bbox 1820 2626 1957 2687; x_wconf 89' lang='lat' dir='ltr'>sine</span> <span class='ocrx_word' id='word_1_126' title='bbox 1995 2624 2237 2686; x_wconf 88' lang='lat' dir='ltr'>ratione</span> <span class='ocrx_word' id='word_1_127' title='bbox 2271 2622 2385 2683; x_wconf 91' lang='lat' dir='ltr'>im-</span> 
     </span>
     <span class='ocr_line' id='line_1_24' title="bbox 881 2722 2383 2808; baseline -0.005 -19"><span class='ocrx_word' id='word_1_128' title='bbox 881 2727 1087 2808; x_wconf 89' lang='lat' dir='ltr'>posita</span> <span class='ocrx_word' id='word_1_129' title='bbox 1116 2732 1264 2788; x_wconf 91' lang='lat' dir='ltr'>sunt</span> <span class='ocrx_word' id='word_1_130' title='bbox 1305 2724 1489 2788; x_wconf 91' lang='lat' dir='ltr'>bonis</span> <span class='ocrx_word' id='word_1_131' title='bbox 1529 2723 1885 2806; x_wconf 88' lang='lat' dir='ltr'>spiritibus,</span> <span class='ocrx_word' id='word_1_132' title='bbox 1921 2730 1982 2785; x_wconf 93' lang='lat' dir='ltr'>et</span> <span class='ocrx_word' id='word_1_133' title='bbox 2023 2722 2194 2804; x_wconf 90' lang='lat' dir='ltr'>quod</span> <span class='ocrx_word' id='word_1_134' title='bbox 2234 2727 2383 2783; x_wconf 90' lang='lat' dir='ltr'>sunt</span> 
     </span>
     <span class='ocr_line' id='line_1_25' title="bbox 881 2819 2383 2896; baseline -0.005 -9"><span class='ocrx_word' id='word_1_135' title='bbox 881 2825 1142 2888; x_wconf 89' lang='lat' dir='ltr'>nomina</span> <span class='ocrx_word' id='word_1_136' title='bbox 1171 2823 1560 2896; x_wconf 82' lang='lat' dir='ltr'>officiorum,</span> <span class='ocrx_word' id='word_1_137' title='bbox 1593 2822 1693 2884; x_wconf 90' lang='lat' dir='ltr'>vel</span> <span class='ocrx_word' id='word_1_138' title='bbox 1729 2821 2125 2894; x_wconf 87' lang='lat' dir='ltr'>meritorum,</span> <span class='ocrx_word' id='word_1_139' title='bbox 2159 2819 2259 2882; x_wconf 91' lang='lat' dir='ltr'>vel</span> <span class='ocrx_word' id='word_1_140' title='bbox 2292 2819 2383 2880; x_wconf 91' lang='lat' dir='ltr'>di-</span> 
     </span>
     <span class='ocr_line' id='line_1_26' title="bbox 880 2917 2383 3005; baseline -0.004 -19"><span class='ocrx_word' id='word_1_141' title='bbox 880 2924 1214 3005; x_wconf 83' lang='lat' dir='ltr'>gnitatum.</span> <span class='ocrx_word' id='word_1_142' title='bbox 1249 2923 1406 2985; x_wconf 89' lang='lat' dir='ltr'>Nam</span> <span class='ocrx_word' id='word_1_143' title='bbox 1437 2920 1656 3003; x_wconf 85' lang='lat' dir='ltr'>Angeli</span> <span class='ocrx_word' id='word_1_144' title='bbox 1691 2921 1844 2983; x_wconf 91' lang='lat' dir='ltr'>dicti</span> <span class='ocrx_word' id='word_1_145' title='bbox 1875 2927 2023 2981; x_wconf 91' lang='lat' dir='ltr'>sunt</span> <span class='ocrx_word' id='word_1_146' title='bbox 2049 2918 2131 2980; x_wconf 89' lang='lat' dir='ltr'>ab</span> <span class='ocrx_word' id='word_1_147' title='bbox 2161 2917 2383 2980; x_wconf 81' lang='lat' dir='ltr'>officio</span> 
     </span>
    </p>
   </div>
   <div class='ocr_carea' id='block_1_14' title="bbox 2492 755 3993 1820">
    <p class='ocr_par' dir='ltr' id='par_1_14' title="bbox 2492 755 3993 1820">
     <span class='ocr_line' id='line_1_27' title="bbox 2492 755 3993 839; baseline 0.001 -23"><span class='ocrx_word' id='word_1_148' title='bbox 2492 755 2610 817; x_wconf 90' lang='lat' dir='ltr'>iter</span> <span class='ocrx_word' id='word_1_149' title='bbox 2658 755 2897 818; x_wconf 89' lang='lat' dir='ltr'>faciens</span> <span class='ocrx_word' id='word_1_150' title='bbox 2944 757 3508 838; x_wconf 82' lang='lat' dir='ltr'>advesperascente</span> <span class='ocrx_word' id='word_1_151' title='bbox 3556 758 3681 830; x_wconf 92' lang='lat' dir='ltr'>die,</span> <span class='ocrx_word' id='word_1_152' title='bbox 3731 757 3993 839; x_wconf 89' lang='lat' dir='ltr'>spelun-</span> 
     </span>
     <span class='ocr_line' id='line_1_28' title="bbox 2493 853 3989 935; baseline 0.001 -21"><span class='ocrx_word' id='word_1_153' title='bbox 2493 871 2631 915; x_wconf 86' lang='lat' dir='ltr'>cam</span> <span class='ocrx_word' id='word_1_154' title='bbox 2658 854 3003 935; x_wconf 82' lang='lat' dir='ltr'>reperienS,</span> <span class='ocrx_word' id='word_1_155' title='bbox 3030 855 3259 916; x_wconf 84' lang='lat' dir='ltr'>mansit</span> <span class='ocrx_word' id='word_1_156' title='bbox 3288 855 3353 916; x_wconf 91' lang='lat' dir='ltr'>in</span> <span class='ocrx_word' id='word_1_157' title='bbox 3379 874 3474 929; x_wconf 86' lang='lat' dir='ltr'>ea,</span> <span class='ocrx_word' id='word_1_158' title='bbox 3496 854 3717 918; x_wconf 91' lang='lat' dir='ltr'>volens</span> <span class='ocrx_word' id='word_1_159' title='bbox 3744 853 3989 916; x_wconf 89' lang='lat' dir='ltr'>ibidem</span> 
     </span>
     <span class='ocr_line' id='line_1_29' title="bbox 2492 952 3990 1034; baseline 0.001 -22"><span class='ocrx_word' id='word_1_160' title='bbox 2492 953 2929 1033; x_wconf 91' lang='lat' dir='ltr'>vespertinum</span> <span class='ocrx_word' id='word_1_161' title='bbox 2978 952 3282 1015; x_wconf 83' lang='lat' dir='ltr'>Officium</span> <span class='ocrx_word' id='word_1_162' title='bbox 3334 954 3597 1016; x_wconf 89' lang='lat' dir='ltr'>solvere.</span> <span class='ocrx_word' id='word_1_163' title='bbox 3649 953 3990 1034; x_wconf 88' lang='lat' dir='ltr'>Quumque</span> 
     </span>
     <span class='ocr_line' id='line_1_30' title="bbox 2494 1050 3993 1132; baseline 0.001 -21"><span class='ocrx_word' id='word_1_164' title='bbox 2494 1050 2771 1132; x_wconf 90' lang='lat' dir='ltr'>psalmos</span> <span class='ocrx_word' id='word_1_165' title='bbox 2827 1070 2905 1112; x_wconf 89' lang='lat' dir='ltr'>ex</span> <span class='ocrx_word' id='word_1_166' title='bbox 2962 1069 3137 1114; x_wconf 91' lang='lat' dir='ltr'>more</span> <span class='ocrx_word' id='word_1_167' title='bbox 3186 1052 3497 1114; x_wconf 82' lang='lat' dir='ltr'>cantando</span> <span class='ocrx_word' id='word_1_168' title='bbox 3546 1052 3823 1114; x_wconf 89' lang='lat' dir='ltr'>mediam</span> <span class='ocrx_word' id='word_1_169' title='bbox 3880 1069 3993 1112; x_wconf 91' lang='lat' dir='ltr'>no-</span> 
     </span>
     <span class='ocr_line' id='line_1_31' title="bbox 2494 1149 3989 1229; baseline 0.003 -19"><span class='ocrx_word' id='word_1_170' title='bbox 2494 1156 2661 1210; x_wconf 90' lang='lat' dir='ltr'>ctem</span> <span class='ocrx_word' id='word_1_171' title='bbox 2698 1149 2831 1229; x_wconf 86' lang='lat' dir='ltr'>jam</span> <span class='ocrx_word' id='word_1_172' title='bbox 2870 1149 3267 1223; x_wconf 88' lang='lat' dir='ltr'>excessisset,</span> <span class='ocrx_word' id='word_1_173' title='bbox 3300 1159 3362 1212; x_wconf 91' lang='lat' dir='ltr'>et</span> <span class='ocrx_word' id='word_1_174' title='bbox 3400 1150 3721 1212; x_wconf 84' lang='lat' dir='ltr'>Matutinis</span> <span class='ocrx_word' id='word_1_175' title='bbox 3756 1149 3989 1224; x_wconf 88' lang='lat' dir='ltr'>finitis,</span> 
     </span>
     <span class='ocr_line' id='line_1_32' title="bbox 2494 1247 3989 1330; baseline 0.001 -22"><span class='ocrx_word' id='word_1_176' title='bbox 2494 1247 2759 1310; x_wconf 86' lang='lat' dir='ltr'>sedisset</span> <span class='ocrx_word' id='word_1_177' title='bbox 2791 1257 2862 1310; x_wconf 88' lang='lat' dir='ltr'>ut</span> <span class='ocrx_word' id='word_1_178' title='bbox 2891 1249 3129 1310; x_wconf 85' lang='lat' dir='ltr'>lassum</span> <span class='ocrx_word' id='word_1_179' title='bbox 3160 1266 3391 1330; x_wconf 89' lang='lat' dir='ltr'>corpus</span> <span class='ocrx_word' id='word_1_180' title='bbox 3420 1249 3637 1330; x_wconf 88' lang='lat' dir='ltr'>quiete</span> <span class='ocrx_word' id='word_1_181' title='bbox 3667 1257 3989 1330; x_wconf 86' lang='lat' dir='ltr'>pausaret,</span> 
     </span>
     <span class='ocr_line' id='line_1_33' title="bbox 2494 1345 3991 1428; baseline 0.001 -22"><span class='ocrx_word' id='word_1_182' title='bbox 2494 1345 2691 1426; x_wconf 87' lang='lat' dir='ltr'>coepit</span> <span class='ocrx_word' id='word_1_183' title='bbox 2735 1354 2996 1428; x_wconf 88' lang='lat' dir='ltr'>repente</span> <span class='ocrx_word' id='word_1_184' title='bbox 3044 1345 3261 1408; x_wconf 88' lang='lat' dir='ltr'>videre</span> <span class='ocrx_word' id='word_1_185' title='bbox 3309 1345 3812 1408; x_wconf 85' lang='lat' dir='ltr'>innumerabiles</span> <span class='ocrx_word' id='word_1_186' title='bbox 3867 1346 3991 1408; x_wconf 73' lang='lat' dir='ltr'>da·-</span> 
     </span>
     <span class='ocr_line' id='line_1_34' title="bbox 2497 1443 3991 1526; baseline 0.002 -22"><span class='ocrx_word' id='word_1_187' title='bbox 2497 1461 2759 1506; x_wconf 90' lang='lat' dir='ltr'>monum</span> <span class='ocrx_word' id='word_1_188' title='bbox 2797 1443 3017 1505; x_wconf 89' lang='lat' dir='ltr'>turbas</span> <span class='ocrx_word' id='word_1_189' title='bbox 3052 1445 3335 1526; x_wconf 91' lang='lat' dir='ltr'>undique</span> <span class='ocrx_word' id='word_1_190' title='bbox 3378 1443 3802 1518; x_wconf 82' lang='lat' dir='ltr'>confluenteS,</span> <span class='ocrx_word' id='word_1_191' title='bbox 3846 1463 3991 1526; x_wconf 83' lang='lat' dir='ltr'>quae</span> 
     </span>
     <span class='ocr_line' id='line_1_35' title="bbox 2497 1541 3992 1624; baseline -0.001 -20"><span class='ocrx_word' id='word_1_192' title='bbox 2497 1560 2645 1604; x_wconf 90' lang='lat' dir='ltr'>cum</span> <span class='ocrx_word' id='word_1_193' title='bbox 2695 1541 2951 1604; x_wconf 83' lang='lat' dir='ltr'>infinita</span> <span class='ocrx_word' id='word_1_194' title='bbox 3001 1543 3464 1624; x_wconf 88' lang='lat' dir='ltr'>constipatione</span> <span class='ocrx_word' id='word_1_195' title='bbox 3512 1551 3703 1624; x_wconf 83' lang='lat' dir='ltr'>atque</span> <span class='ocrx_word' id='word_1_196' title='bbox 3757 1543 3992 1624; x_wconf 83' lang='lat' dir='ltr'>longis-</span> 
     </span>
     <span class='ocr_line' id='line_1_36' title="bbox 2496 1640 3987 1723; baseline 0 -21"><span class='ocrx_word' id='word_1_197' title='bbox 2496 1640 2657 1704; x_wconf 92' lang='lat' dir='ltr'>simo</span> <span class='ocrx_word' id='word_1_198' title='bbox 2696 1641 2919 1702; x_wconf 88' lang='lat' dir='ltr'>ordine</span> <span class='ocrx_word' id='word_1_199' title='bbox 2969 1641 3407 1722; x_wconf 82' lang='lat' dir='ltr'>procedenteS,</span> <span class='ocrx_word' id='word_1_200' title='bbox 3440 1641 3581 1702; x_wconf 79' lang='lat' dir='ltr'>aliae</span> <span class='ocrx_word' id='word_1_201' title='bbox 3622 1641 3987 1723; x_wconf 88' lang='lat' dir='ltr'>principem</span> 
     </span>
     <span class='ocr_line' id='line_1_37' title="bbox 2496 1737 3991 1820; baseline 0.001 -20"><span class='ocrx_word' id='word_1_202' title='bbox 2496 1757 2683 1800; x_wconf 90' lang='lat' dir='ltr'>suum</span> <span class='ocrx_word' id='word_1_203' title='bbox 2716 1737 3046 1820; x_wconf 70' lang='lat' dir='ltr'>praeibant,</span> <span class='ocrx_word' id='word_1_204' title='bbox 3071 1739 3212 1801; x_wconf 80' lang='lat' dir='ltr'>aliae</span> <span class='ocrx_word' id='word_1_205' title='bbox 3236 1738 3685 1820; x_wconf 87' lang='lat' dir='ltr'>sequebantur.</span> <span class='ocrx_word' id='word_1_206' title='bbox 3710 1739 3828 1812; x_wconf 87' lang='lat' dir='ltr'>Qui</span> <span class='ocrx_word' id='word_1_207' title='bbox 3868 1748 3991 1802; x_wconf 87' lang='lat' dir='ltr'>sta-</span> 
     </span>
    </p>
   </div>
   <div class='ocr_carea' id='block_1_15' title="bbox 2417 1833 3987 1920">
    <p class='ocr_par' dir='ltr' id='par_1_15' title="bbox 2417 1833 3987 1920">
     <span class='ocr_line' id='line_1_38' title="bbox 2417 1833 3987 1920; baseline 0.002 -23"><span class='ocrx_word' id='word_1_208' title='bbox 2417 1833 2464 1896; x_wconf 88' lang='lat' dir='ltr'>B</span> <span class='ocrx_word' id='word_1_209' title='bbox 2495 1845 2636 1899; x_wconf 86' lang='lat' dir='ltr'>tura</span> <span class='ocrx_word' id='word_1_210' title='bbox 2666 1838 2989 1920; x_wconf 87' lang='lat' dir='ltr'>procerior</span> <span class='ocrx_word' id='word_1_211' title='bbox 3025 1847 3089 1900; x_wconf 91' lang='lat' dir='ltr'>et</span> <span class='ocrx_word' id='word_1_212' title='bbox 3128 1838 3309 1902; x_wconf 91' lang='lat' dir='ltr'>vultu</span> <span class='ocrx_word' id='word_1_213' title='bbox 3352 1837 3698 1901; x_wconf 89' lang='lat' dir='ltr'>terribilior</span> <span class='ocrx_word' id='word_1_214' title='bbox 3734 1840 3987 1900; x_wconf 88' lang='lat' dir='ltr'>cunctis</span> 
     </span>
    </p>
   </div>
   <div class='ocr_carea' id='block_1_16' title="bbox 2492 1936 3996 2984">
    <p class='ocr_par' dir='ltr' id='par_1_16' title="bbox 2492 1936 3996 2984">
     <span class='ocr_line' id='line_1_39' title="bbox 2493 1936 3989 2018; baseline 0.001 -21"><span class='ocrx_word' id='word_1_215' title='bbox 2493 1936 2751 1998; x_wconf 90' lang='lat' dir='ltr'>tandem</span> <span class='ocrx_word' id='word_1_216' title='bbox 2782 1937 3040 1999; x_wconf 90' lang='lat' dir='ltr'>advenit</span> <span class='ocrx_word' id='word_1_217' title='bbox 3066 1953 3080 1998; x_wconf 92' lang='lat'><strong>:</strong></span> <span class='ocrx_word' id='word_1_218' title='bbox 3106 1955 3435 2018; x_wconf 90' lang='lat' dir='ltr'>quumque</span> <span class='ocrx_word' id='word_1_219' title='bbox 3466 1937 3626 1999; x_wconf 90' lang='lat' dir='ltr'>solio</span> <span class='ocrx_word' id='word_1_220' title='bbox 3656 1938 3869 2018; x_wconf 85' lang='lat' dir='ltr'>posito</span> <span class='ocrx_word' id='word_1_221' title='bbox 3896 1955 3989 1999; x_wconf 91' lang='lat' dir='ltr'>se-</span> 
     </span>
     <span class='ocr_line' id='line_1_40' title="bbox 2492 2034 3993 2117; baseline 0.001 -21"><span class='ocrx_word' id='word_1_222' title='bbox 2492 2035 2689 2098; x_wconf 86' lang='lat' dir='ltr'>disset</span> <span class='ocrx_word' id='word_1_223' title='bbox 2720 2035 2783 2097; x_wconf 93' lang='lat' dir='ltr'>in</span> <span class='ocrx_word' id='word_1_224' title='bbox 2815 2035 3121 2096; x_wconf 85' lang='lat' dir='ltr'>tribunali</span> <span class='ocrx_word' id='word_1_225' title='bbox 3153 2034 3637 2108; x_wconf 84' lang='lat' dir='ltr'>sublimissime,</span> <span class='ocrx_word' id='word_1_226' title='bbox 3672 2036 3871 2117; x_wconf 87' lang='lat' dir='ltr'>coepit</span> <span class='ocrx_word' id='word_1_227' title='bbox 3900 2035 3993 2098; x_wconf 90' lang='lat' dir='ltr'>di-</span> 
     </span>
     <span class='ocr_line' id='line_1_41' title="bbox 2494 2133 3992 2215; baseline 0.002 -21"><span class='ocrx_word' id='word_1_228' title='bbox 2494 2133 2761 2215; x_wconf 83' lang='lat' dir='ltr'>ligenter</span> <span class='ocrx_word' id='word_1_229' title='bbox 2784 2133 3101 2195; x_wconf 85' lang='lat' dir='ltr'>discutere</span> <span class='ocrx_word' id='word_1_230' title='bbox 3130 2151 3323 2215; x_wconf 87' lang='lat' dir='ltr'>opera</span> <span class='ocrx_word' id='word_1_231' title='bbox 3349 2133 3764 2215; x_wconf 81' lang='lat' dir='ltr'>singulorum,</span> <span class='ocrx_word' id='word_1_232' title='bbox 3790 2143 3855 2196; x_wconf 91' lang='lat' dir='ltr'>et</span> <span class='ocrx_word' id='word_1_233' title='bbox 3882 2151 3992 2197; x_wconf 89' lang='lat' dir='ltr'>eos</span> 
     </span>
     <span class='ocr_line' id='line_1_42' title="bbox 2493 2231 3991 2314; baseline 0.001 -22"><span class='ocrx_word' id='word_1_234' title='bbox 2493 2232 2603 2314; x_wconf 91' lang='lat' dir='ltr'>qui</span> <span class='ocrx_word' id='word_1_235' title='bbox 2644 2232 2942 2294; x_wconf 82' lang='lat' dir='ltr'>dicebant</span> <span class='ocrx_word' id='word_1_236' title='bbox 2983 2251 3049 2294; x_wconf 89' lang='lat' dir='ltr'>se</span> <span class='ocrx_word' id='word_1_237' title='bbox 3087 2233 3373 2294; x_wconf 89' lang='lat' dir='ltr'>nondum</span> <span class='ocrx_word' id='word_1_238' title='bbox 3415 2231 3695 2314; x_wconf 89' lang='lat' dir='ltr'>potuisse</span> <span class='ocrx_word' id='word_1_239' title='bbox 3734 2232 3991 2314; x_wconf 88' lang='lat' dir='ltr'>decipe-</span> 
     </span>
     <span class='ocr_line' id='line_1_43' title="bbox 2494 2330 3993 2411; baseline 0.001 -20"><span class='ocrx_word' id='word_1_240' title='bbox 2494 2349 2561 2392; x_wconf 92' lang='lat' dir='ltr'>re</span> <span class='ocrx_word' id='word_1_241' title='bbox 2611 2337 2881 2392; x_wconf 80' lang='lat' dir='ltr'>tentatos</span> <span class='ocrx_word' id='word_1_242' title='bbox 2930 2348 2967 2391; x_wconf 90' lang='lat' dir='ltr'>a</span> <span class='ocrx_word' id='word_1_243' title='bbox 3014 2349 3105 2404; x_wconf 90' lang='lat' dir='ltr'>se,</span> <span class='ocrx_word' id='word_1_244' title='bbox 3154 2330 3347 2410; x_wconf 88' lang='lat' dir='ltr'>jussit</span> <span class='ocrx_word' id='word_1_245' title='bbox 3394 2349 3433 2392; x_wconf 87' lang='lat' dir='ltr'>a</span> <span class='ocrx_word' id='word_1_246' title='bbox 3478 2339 3825 2411; x_wconf 90' lang='lat' dir='ltr'>conspectu</span> <span class='ocrx_word' id='word_1_247' title='bbox 3876 2348 3993 2393; x_wconf 93' lang='lat' dir='ltr'>suo</span> 
     </span>
     <span class='ocr_line' id='line_1_44' title="bbox 2494 2429 3993 2511; baseline -0.001 -20"><span class='ocrx_word' id='word_1_248' title='bbox 2494 2429 2726 2511; x_wconf 85' lang='lat' dir='ltr'>expelli</span> <span class='ocrx_word' id='word_1_249' title='bbox 2762 2448 2909 2492; x_wconf 91' lang='lat' dir='ltr'>cum</span> <span class='ocrx_word' id='word_1_250' title='bbox 2945 2429 3360 2492; x_wconf 89' lang='lat' dir='ltr'>detestatione</span> <span class='ocrx_word' id='word_1_251' title='bbox 3398 2438 3459 2492; x_wconf 91' lang='lat' dir='ltr'>et</span> <span class='ocrx_word' id='word_1_252' title='bbox 3499 2437 3647 2492; x_wconf 81' lang='lat' dir='ltr'>nota</span> <span class='ocrx_word' id='word_1_253' title='bbox 3683 2437 3993 2511; x_wconf 84' lang='lat' dir='ltr'>tanquam</span> 
     </span>
     <span class='ocr_line' id='line_1_45' title="bbox 2495 2527 3995 2610; baseline 0.001 -22"><span class='ocrx_word' id='word_1_254' title='bbox 2495 2527 2729 2590; x_wconf 88' lang='lat' dir='ltr'>inertes</span> <span class='ocrx_word' id='word_1_255' title='bbox 2759 2546 2833 2589; x_wconf 86' lang='lat' dir='ltr'>ac</span> <span class='ocrx_word' id='word_1_256' title='bbox 2862 2527 3134 2603; x_wconf 83' lang='lat' dir='ltr'>desideS,</span> <span class='ocrx_word' id='word_1_257' title='bbox 3156 2527 3545 2610; x_wconf 85' lang='lat' dir='ltr'>exprobrans</span> <span class='ocrx_word' id='word_1_258' title='bbox 3572 2527 3664 2590; x_wconf 91' lang='lat' dir='ltr'>eis</span> <span class='ocrx_word' id='word_1_259' title='bbox 3689 2546 3838 2590; x_wconf 91' lang='lat' dir='ltr'>cum</span> <span class='ocrx_word' id='word_1_260' title='bbox 3872 2528 3995 2590; x_wconf 83' lang='lat' dir='ltr'>fre-</span> 
     </span>
     <span class='ocr_line' id='line_1_46' title="bbox 2496 2625 3996 2709; baseline 0.001 -22"><span class='ocrx_word' id='word_1_261' title='bbox 2496 2627 2655 2688; x_wconf 90' lang='lat' dir='ltr'>mitu</span> <span class='ocrx_word' id='word_1_262' title='bbox 2686 2634 2749 2688; x_wconf 89' lang='lat' dir='ltr'>et</span> <span class='ocrx_word' id='word_1_263' title='bbox 2789 2625 3002 2689; x_wconf 82' lang='lat' dir='ltr'>furore</span> <span class='ocrx_word' id='word_1_264' title='bbox 3042 2627 3211 2708; x_wconf 90' lang='lat' dir='ltr'>quod</span> <span class='ocrx_word' id='word_1_265' title='bbox 3244 2633 3490 2688; x_wconf 81' lang='lat' dir='ltr'>tantum</span> <span class='ocrx_word' id='word_1_266' title='bbox 3521 2634 3772 2709; x_wconf 87' lang='lat' dir='ltr'>tempus</span> <span class='ocrx_word' id='word_1_267' title='bbox 3812 2635 3873 2689; x_wconf 85' lang='lat' dir='ltr'>et</span> <span class='ocrx_word' id='word_1_268' title='bbox 3910 2627 3996 2689; x_wconf 87' lang='lat' dir='ltr'>la-</span> 
     </span>
     <span class='ocr_line' id='line_1_47' title="bbox 2494 2724 3995 2807; baseline 0.001 -21"><span class='ocrx_word' id='word_1_269' title='bbox 2494 2725 2711 2786; x_wconf 92' lang='lat' dir='ltr'>borem</span> <span class='ocrx_word' id='word_1_270' title='bbox 2765 2725 3038 2786; x_wconf 88' lang='lat' dir='ltr'>inaniter</span> <span class='ocrx_word' id='word_1_271' title='bbox 3083 2725 3585 2807; x_wconf 80' lang='lat' dir='ltr'>expendissent3</span> <span class='ocrx_word' id='word_1_272' title='bbox 3648 2724 3789 2787; x_wconf 93' lang='lat' dir='ltr'>illos</span> <span class='ocrx_word' id='word_1_273' title='bbox 3838 2743 3995 2788; x_wconf 92' lang='lat' dir='ltr'>vero</span> 
     </span>
     <span class='ocr_line' id='line_1_48' title="bbox 2494 2823 3989 2905; baseline 0.001 -21"><span class='ocrx_word' id='word_1_274' title='bbox 2494 2823 2604 2905; x_wconf 89' lang='lat' dir='ltr'>qui</span> <span class='ocrx_word' id='word_1_275' title='bbox 2646 2823 2945 2885; x_wconf 90' lang='lat' dir='ltr'>dixerunt</span> <span class='ocrx_word' id='word_1_276' title='bbox 2983 2841 3049 2884; x_wconf 88' lang='lat' dir='ltr'>se</span> <span class='ocrx_word' id='word_1_277' title='bbox 3089 2823 3495 2904; x_wconf 73' lang='lat' dir='ltr'>praevaluisse</span> <span class='ocrx_word' id='word_1_278' title='bbox 3533 2823 3793 2886; x_wconf 89' lang='lat' dir='ltr'>tentatis</span> <span class='ocrx_word' id='word_1_279' title='bbox 3822 2843 3861 2886; x_wconf 87' lang='lat' dir='ltr'>a</span> <span class='ocrx_word' id='word_1_280' title='bbox 3898 2841 3989 2898; x_wconf 91' lang='lat' dir='ltr'>se,</span> 
     </span>
     <span class='ocr_line' id='line_1_49' title="bbox 2494 2921 3993 2984; baseline 0.001 -2"><span class='ocrx_word' id='word_1_281' title='bbox 2494 2921 2770 2983; x_wconf 85' lang='lat' dir='ltr'>maxime</span> <span class='ocrx_word' id='word_1_282' title='bbox 2830 2921 3213 2983; x_wconf 90' lang='lat' dir='ltr'>collaudavit</span> <span class='ocrx_word' id='word_1_283' title='bbox 3262 2940 3409 2983; x_wconf 91' lang='lat' dir='ltr'>cum</span> <span class='ocrx_word' id='word_1_284' title='bbox 3458 2922 3881 2984; x_wconf 85' lang='lat' dir='ltr'>exsultatione</span> <span class='ocrx_word' id='word_1_285' title='bbox 3928 2929 3993 2984; x_wconf 92' lang='lat' dir='ltr'>et</span> 
     </span>
    </p>
   </div>
   <div class='ocr_carea' id='block_1_17' title="bbox 883 3017 3993 3102">
    <p class='ocr_par' dir='ltr' id='par_1_17' title="bbox 883 3017 3993 3102">
     <span class='ocr_line' id='line_1_50' title="bbox 883 3017 3993 3102; baseline -0 -19"><span class='ocrx_word' id='word_1_286' title='bbox 883 3021 1242 3094; x_wconf 86' lang='lat' dir='ltr'>nuntiandi,</span> <span class='ocrx_word' id='word_1_287' title='bbox 1272 3019 1647 3102; x_wconf 84' lang='lat' dir='ltr'>Archangeli</span> <span class='ocrx_word' id='word_1_288' title='bbox 1682 3035 1834 3081; x_wconf 88' lang='lat' dir='ltr'>vero</span> <span class='ocrx_word' id='word_1_289' title='bbox 1873 3034 1949 3080; x_wconf 90' lang='lat' dir='ltr'>eo</span> <span class='ocrx_word' id='word_1_290' title='bbox 1980 3017 2149 3099; x_wconf 91' lang='lat' dir='ltr'>quod</span> <span class='ocrx_word' id='word_1_291' title='bbox 2180 3017 2381 3097; x_wconf 84' lang='lat' dir='ltr'>Ange·</span> <span class='ocrx_word' id='word_1_292' title='bbox 2417 3018 2461 3082; x_wconf 90' lang='lat' dir='ltr'>C</span> <span class='ocrx_word' id='word_1_293' title='bbox 2494 3019 2709 3081; x_wconf 87' lang='lat' dir='ltr'>favore</span> <span class='ocrx_word' id='word_1_294' title='bbox 2750 3019 3161 3092; x_wconf 86' lang='lat' dir='ltr'>adstantium,</span> <span class='ocrx_word' id='word_1_295' title='bbox 3208 3027 3271 3081; x_wconf 89' lang='lat' dir='ltr'>et</span> <span class='ocrx_word' id='word_1_296' title='bbox 3313 3020 3645 3082; x_wconf 88' lang='lat' dir='ltr'>emittebat</span> <span class='ocrx_word' id='word_1_297' title='bbox 3686 3028 3993 3102; x_wconf 84' lang='lat' dir='ltr'>tanquam</span> 
     </span>
    </p>
   </div>
   <div class='ocr_carea' id='block_1_18' title="bbox 884 3113 2389 4085">
    <p class='ocr_par' dir='ltr' id='par_1_18' title="bbox 884 3113 2389 4085">
     <span class='ocr_line' id='line_1_51' title="bbox 884 3113 2382 3202; baseline -0.005 -19"><span class='ocrx_word' id='word_1_298' title='bbox 884 3120 962 3183; x_wconf 91' lang='lat' dir='ltr'>lis</span> <span class='ocrx_word' id='word_1_299' title='bbox 1007 3126 1309 3202; x_wconf 81' lang='lat' dir='ltr'>praesunt,</span> <span class='ocrx_word' id='word_1_300' title='bbox 1357 3126 1427 3180; x_wconf 91' lang='lat' dir='ltr'>ut</span> <span class='ocrx_word' id='word_1_301' title='bbox 1471 3119 1656 3181; x_wconf 91' lang='lat' dir='ltr'>docet</span> <span class='ocrx_word' id='word_1_302' title='bbox 1698 3115 2053 3199; x_wconf 89' lang='lat' dir='ltr'>proprietas</span> <span class='ocrx_word' id='word_1_303' title='bbox 2103 3113 2382 3177; x_wconf 88' lang='lat' dir='ltr'>nominis</span> 
     </span>
     <span class='ocr_line' id='line_1_52' title="bbox 885 3212 2385 3299; baseline -0.003 -20"><span class='ocrx_word' id='word_1_304' title='bbox 885 3217 1080 3299; x_wconf 85' lang='lat' dir='ltr'>hujus</span> <span class='ocrx_word' id='word_1_305' title='bbox 1105 3235 1122 3296; x_wconf 84' lang='lat'>3</span> <span class='ocrx_word' id='word_1_306' title='bbox 1154 3216 1628 3279; x_wconf 89' lang='lat' dir='ltr'>Dominationes</span> <span class='ocrx_word' id='word_1_307' title='bbox 1658 3232 1935 3298; x_wconf 90' lang='lat' dir='ltr'>quoque,</span> <span class='ocrx_word' id='word_1_308' title='bbox 1968 3232 2045 3277; x_wconf 91' lang='lat' dir='ltr'>eo</span> <span class='ocrx_word' id='word_1_309' title='bbox 2075 3213 2245 3295; x_wconf 90' lang='lat' dir='ltr'>quod</span> <span class='ocrx_word' id='word_1_310' title='bbox 2275 3212 2385 3275; x_wconf 92' lang='lat' dir='ltr'>ali-</span> 
     </span>
     <span class='ocr_line' id='line_1_53' title="bbox 885 3311 2386 3397; baseline -0.003 -21"><span class='ocrx_word' id='word_1_311' title='bbox 885 3314 1122 3397; x_wconf 88' lang='lat' dir='ltr'>quibus</span> <span class='ocrx_word' id='word_1_312' title='bbox 1168 3314 1617 3392; x_wconf 84' lang='lat' dir='ltr'>dominantur3</span> <span class='ocrx_word' id='word_1_313' title='bbox 1663 3321 1723 3376; x_wconf 87' lang='lat' dir='ltr'>et</span> <span class='ocrx_word' id='word_1_314' title='bbox 1773 3311 2191 3393; x_wconf 85' lang='lat' dir='ltr'>PrincipatuS,</span> <span class='ocrx_word' id='word_1_315' title='bbox 2243 3311 2386 3373; x_wconf 91' lang='lat' dir='ltr'>ideo</span> 
     </span>
     <span class='ocr_line' id='line_1_54' title="bbox 886 3409 2389 3496; baseline -0.003 -22"><span class='ocrx_word' id='word_1_316' title='bbox 886 3414 1057 3496; x_wconf 91' lang='lat' dir='ltr'>quod</span> <span class='ocrx_word' id='word_1_317' title='bbox 1086 3411 1324 3474; x_wconf 91' lang='lat' dir='ltr'>habent</span> <span class='ocrx_word' id='word_1_318' title='bbox 1351 3410 1674 3492; x_wconf 76' lang='lat' dir='ltr'>subJectos</span> <span class='ocrx_word' id='word_1_319' title='bbox 1713 3429 1986 3493; x_wconf 91' lang='lat' dir='ltr'>quorum</span> <span class='ocrx_word' id='word_1_320' title='bbox 2026 3417 2176 3472; x_wconf 91' lang='lat' dir='ltr'>sunt</span> <span class='ocrx_word' id='word_1_321' title='bbox 2217 3409 2389 3491; x_wconf 87' lang='lat' dir='ltr'>prin-</span> 
     </span>
     <span class='ocr_line' id='line_1_55' title="bbox 887 3508 2388 3593; baseline -0.003 -20"><span class='ocrx_word' id='word_1_322' title='bbox 887 3512 1106 3593; x_wconf 83' lang='lat' dir='ltr'>cipes3</span> <span class='ocrx_word' id='word_1_323' title='bbox 1136 3520 1200 3573; x_wconf 88' lang='lat' dir='ltr'>et</span> <span class='ocrx_word' id='word_1_324' title='bbox 1237 3511 1428 3574; x_wconf 88' lang='lat' dir='ltr'>Sedes</span> <span class='ocrx_word' id='word_1_325' title='bbox 1471 3529 1582 3572; x_wconf 90' lang='lat' dir='ltr'>seu</span> <span class='ocrx_word' id='word_1_326' title='bbox 1613 3509 1847 3572; x_wconf 85' lang='lat' dir='ltr'>Throni</span> <span class='ocrx_word' id='word_1_327' title='bbox 1878 3509 2201 3583; x_wconf 88' lang='lat' dir='ltr'>dicuntur,</span> <span class='ocrx_word' id='word_1_328' title='bbox 2236 3508 2388 3591; x_wconf 90' lang='lat' dir='ltr'>quia</span> 
     </span>
     <span class='ocr_line' id='line_1_56' title="bbox 887 3606 2387 3689; baseline -0.004 -16"><span class='ocrx_word' id='word_1_329' title='bbox 887 3611 979 3674; x_wconf 90' lang='lat' dir='ltr'>sic</span> <span class='ocrx_word' id='word_1_330' title='bbox 1028 3610 1156 3673; x_wconf 92' lang='lat' dir='ltr'>Deo</span> <span class='ocrx_word' id='word_1_331' title='bbox 1215 3609 1553 3682; x_wconf 82' lang='lat' dir='ltr'>cohaerent,</span> <span class='ocrx_word' id='word_1_332' title='bbox 1604 3615 1861 3689; x_wconf 88' lang='lat' dir='ltr'>tamque</span> <span class='ocrx_word' id='word_1_333' title='bbox 1919 3606 2265 3668; x_wconf 83' lang='lat' dir='ltr'>familiares</span> <span class='ocrx_word' id='word_1_334' title='bbox 2323 3614 2387 3668; x_wconf 91' lang='lat' dir='ltr'>et</span> 
     </span>
     <span class='ocr_line' id='line_1_57' title="bbox 887 3704 2385 3788; baseline -0.004 -16"><span class='ocrx_word' id='word_1_335' title='bbox 887 3708 1220 3772; x_wconf 91' lang='lat' dir='ltr'>domestici</span> <span class='ocrx_word' id='word_1_336' title='bbox 1274 3707 1414 3788; x_wconf 88' lang='lat' dir='ltr'>ejus</span> <span class='ocrx_word' id='word_1_337' title='bbox 1466 3715 1636 3778; x_wconf 91' lang='lat' dir='ltr'>sunt,</span> <span class='ocrx_word' id='word_1_338' title='bbox 1691 3714 1759 3768; x_wconf 91' lang='lat' dir='ltr'>ut</span> <span class='ocrx_word' id='word_1_339' title='bbox 1814 3705 2033 3768; x_wconf 88' lang='lat' dir='ltr'>divina</span> <span class='ocrx_word' id='word_1_340' title='bbox 2087 3704 2385 3785; x_wconf 88' lang='lat' dir='ltr'>majestas</span> 
     </span>
     <span class='ocr_line' id='line_1_58' title="bbox 887 3804 2387 3887; baseline -0.005 -16"><span class='ocrx_word' id='word_1_341' title='bbox 887 3807 1267 3871; x_wconf 89' lang='lat' dir='ltr'>familiarius</span> <span class='ocrx_word' id='word_1_342' title='bbox 1307 3806 1662 3887; x_wconf 87' lang='lat' dir='ltr'>requiescat</span> <span class='ocrx_word' id='word_1_343' title='bbox 1708 3805 1772 3866; x_wconf 91' lang='lat' dir='ltr'>in</span> <span class='ocrx_word' id='word_1_344' title='bbox 1819 3805 1911 3867; x_wconf 92' lang='lat' dir='ltr'>eis</span> <span class='ocrx_word' id='word_1_345' title='bbox 1955 3805 2136 3885; x_wconf 87' lang='lat' dir='ltr'>quasi</span> <span class='ocrx_word' id='word_1_346' title='bbox 2184 3804 2249 3864; x_wconf 91' lang='lat' dir='ltr'>in</span> <span class='ocrx_word' id='word_1_347' title='bbox 2294 3821 2387 3865; x_wconf 91' lang='lat' dir='ltr'>se-</span> 
     </span>
     <span class='ocr_line' id='line_1_59' title="bbox 886 3902 2387 3988; baseline -0.005 -18"><span class='ocrx_word' id='word_1_348' title='bbox 886 3908 965 3970; x_wconf 89' lang='lat' dir='ltr'>de</span> <span class='ocrx_word' id='word_1_349' title='bbox 1013 3906 1311 3988; x_wconf 83' lang='lat' dir='ltr'>quadam,</span> <span class='ocrx_word' id='word_1_350' title='bbox 1363 3913 1427 3966; x_wconf 91' lang='lat' dir='ltr'>et</span> <span class='ocrx_word' id='word_1_351' title='bbox 1474 3904 1942 3986; x_wconf 87' lang='lat' dir='ltr'>quodammodo</span> <span class='ocrx_word' id='word_1_352' title='bbox 1989 3902 2245 3964; x_wconf 88' lang='lat' dir='ltr'>firmius</span> <span class='ocrx_word' id='word_1_353' title='bbox 2293 3920 2387 3963; x_wconf 88' lang='lat' dir='ltr'>re·</span> 
     </span>
     <span class='ocr_line' id='line_1_60' title="bbox 887 4002 1492 4085; baseline -0.007 -17"><span class='ocrx_word' id='word_1_354' title='bbox 887 4006 1162 4069; x_wconf 89' lang='lat' dir='ltr'>clinetur</span> <span class='ocrx_word' id='word_1_355' title='bbox 1206 4005 1272 4066; x_wconf 90' lang='lat' dir='ltr'>in</span> <span class='ocrx_word' id='word_1_356' title='bbox 1316 4002 1492 4085; x_wconf 83' lang='lat' dir='ltr'>ipsiS.</span> 
     </span>
    </p>
   </div>
   <div class='ocr_carea' id='block_1_19' title="bbox 1256 4230 2012 4296">
    <p class='ocr_par' dir='ltr' id='par_1_19' title="bbox 1256 4230 2012 4296">
     <span class='ocr_line' id='line_1_61' title="bbox 1256 4230 2012 4296; baseline -0.005 0"><span class='ocrx_word' id='word_1_357' title='bbox 1256 4231 1762 4296; x_wconf 89' lang='lat' dir='ltr'>CAPITULUM</span> <span class='ocrx_word' id='word_1_358' title='bbox 1829 4230 2012 4293; x_wconf 91' lang='lat' dir='ltr'><strong>XVI.</strong></span> 
     </span>
    </p>
   </div>
   <div class='ocr_carea' id='block_1_20' title="bbox 903 4351 2371 4514">
    <p class='ocr_par' dir='ltr' id='par_1_20' title="bbox 903 4351 2371 4514">
     <span class='ocr_line' id='line_1_62' title="bbox 903 4351 2371 4423; baseline -0.004 -13"><span class='ocrx_word' id='word_1_359' title='bbox 903 4355 990 4410; x_wconf 86' lang='lat' dir='ltr'>De</span> <span class='ocrx_word' id='word_1_360' title='bbox 1018 4351 1392 4423; x_wconf 78' lang='lat' dir='ltr'>subjectione</span> <span class='ocrx_word' id='word_1_361' title='bbox 1417 4351 1751 4408; x_wconf 70' lang='lat' dir='ltr'>doemonum</span> <span class='ocrx_word' id='word_1_362' title='bbox 1775 4366 1957 4422; x_wconf 84' lang='lat' dir='ltr'>quam</span> <span class='ocrx_word' id='word_1_363' title='bbox 1981 4351 2110 4405; x_wconf 73' lang='lat' dir='ltr'>suis</span> <span class='ocrx_word' id='word_1_364' title='bbox 2133 4351 2371 4421; x_wconf 80' lang='lat' dir='ltr'>princi-</span> 
     </span>
     <span class='ocr_line' id='line_1_63' title="bbox 979 4439 2284 4514; baseline -0.001 -18"><span class='ocrx_word' id='word_1_365' title='bbox 979 4441 1167 4514; x_wconf 80' lang='lat' dir='ltr'>pibus</span> <span class='ocrx_word' id='word_1_366' title='bbox 1195 4441 1504 4503; x_wconf 70' lang='lat' dir='ltr'>exhibent,</span> <span class='ocrx_word' id='word_1_367' title='bbox 1527 4439 1662 4494; x_wconf 78' lang='lat' dir='ltr'>visa</span> <span class='ocrx_word' id='word_1_368' title='bbox 1693 4455 1732 4493; x_wconf 87' lang='lat' dir='ltr'>a</span> <span class='ocrx_word' id='word_1_369' title='bbox 1759 4439 1976 4493; x_wconf 79' lang='lat' dir='ltr'>Fratre</span> <span class='ocrx_word' id='word_1_370' title='bbox 2005 4440 2284 4510; x_wconf 82' lang='lat' dir='ltr'>quodam.</span> 
     </span>
    </p>
   </div>
   <div class='ocr_carea' id='block_1_21' title="bbox 896 4589 2397 5166">
    <p class='ocr_par' dir='ltr' id='par_1_21' title="bbox 896 4589 2397 5166">
     <span class='ocr_line' id='line_1_64' title="bbox 1020 4589 2387 4672; baseline -0.002 -17"><span class='ocrx_word' id='word_1_371' title='bbox 1020 4591 1220 4655; x_wconf 84' lang='lat' dir='ltr'>ORRO</span> <span class='ocrx_word' id='word_1_372' title='bbox 1267 4590 1438 4672; x_wconf 91' lang='lat' dir='ltr'>quod</span> <span class='ocrx_word' id='word_1_373' title='bbox 1492 4589 1754 4671; x_wconf 88' lang='lat' dir='ltr'>spiritus</span> <span class='ocrx_word' id='word_1_374' title='bbox 1804 4589 2119 4651; x_wconf 88' lang='lat' dir='ltr'>immundi</span> <span class='ocrx_word' id='word_1_375' title='bbox 2169 4608 2387 4671; x_wconf 83' lang='lat' dir='ltr'>regan-</span> 
     </span>
     <span class='ocr_line' id='line_1_65' title="bbox 1050 4686 2387 4771; baseline -0.001 -19"><span class='ocrx_word' id='word_1_376' title='bbox 1050 4699 1154 4753; x_wconf 93' lang='lat' dir='ltr'>tur</span> <span class='ocrx_word' id='word_1_377' title='bbox 1191 4708 1228 4751; x_wconf 91' lang='lat' dir='ltr'>a</span> <span class='ocrx_word' id='word_1_378' title='bbox 1266 4686 1682 4771; x_wconf 89' lang='lat' dir='ltr'>potestatibus</span> <span class='ocrx_word' id='word_1_379' title='bbox 1723 4686 2163 4769; x_wconf 82' lang='lat' dir='ltr'>nequioribuS,</span> <span class='ocrx_word' id='word_1_380' title='bbox 2199 4697 2259 4750; x_wconf 86' lang='lat' dir='ltr'>et</span> <span class='ocrx_word' id='word_1_381' title='bbox 2294 4689 2387 4751; x_wconf 90' lang='lat' dir='ltr'>eis</span> 
     </span>
     <span class='ocr_line' id='line_1_66' title="bbox 896 4784 2391 4870; baseline -0.003 -18"><span class='ocrx_word' id='word_1_382' title='bbox 896 4788 1168 4870; x_wconf 85' lang='lat' dir='ltr'>subjecti</span> <span class='ocrx_word' id='word_1_383' title='bbox 1199 4787 1348 4860; x_wconf 89' lang='lat' dir='ltr'>sint,</span> <span class='ocrx_word' id='word_1_384' title='bbox 1382 4785 1736 4867; x_wconf 83' lang='lat' dir='ltr'>perspieuae</span> <span class='ocrx_word' id='word_1_385' title='bbox 1773 4784 2053 4848; x_wconf 88' lang='lat' dir='ltr'>visiones</span> <span class='ocrx_word' id='word_1_386' title='bbox 2087 4794 2147 4847; x_wconf 91' lang='lat' dir='ltr'>et</span> <span class='ocrx_word' id='word_1_387' title='bbox 2191 4786 2391 4849; x_wconf 91' lang='lat' dir='ltr'>multa</span> 
     </span>
     <span class='ocr_line' id='line_1_67' title="bbox 898 4885 2391 4966; baseline -0.003 -15"><span class='ocrx_word' id='word_1_388' title='bbox 898 4889 1272 4951; x_wconf 87' lang='lat' dir='ltr'>Sanctorum</span> <span class='ocrx_word' id='word_1_389' title='bbox 1337 4885 1772 4966; x_wconf 84' lang='lat' dir='ltr'>experimenta</span> <span class='ocrx_word' id='word_1_390' title='bbox 1837 4891 2172 4959; x_wconf 90' lang='lat' dir='ltr'>testantur,</span> <span class='ocrx_word' id='word_1_391' title='bbox 2225 4885 2391 4947; x_wconf 84' lang='lat' dir='ltr'>ultra</span> 
     </span>
     <span class='ocr_line' id='line_1_68' title="bbox 899 4980 2391 5064; baseline -0.002 -16"><span class='ocrx_word' id='word_1_392' title='bbox 899 4984 1262 5049; x_wconf 90' lang='lat' dir='ltr'>testimonia</span> <span class='ocrx_word' id='word_1_393' title='bbox 1300 4983 1769 5064; x_wconf 87' lang='lat' dir='ltr'>Scripturarum</span> <span class='ocrx_word' id='word_1_394' title='bbox 1808 5000 1950 5063; x_wconf 86' lang='lat' dir='ltr'>quae</span> <span class='ocrx_word' id='word_1_395' title='bbox 1993 4980 2280 5045; x_wconf 81' lang='lat' dir='ltr'>Christus</span> <span class='ocrx_word' id='word_1_396' title='bbox 2325 4984 2391 5045; x_wconf 91' lang='lat' dir='ltr'>in</span> 
     </span>
     <span class='ocr_line' id='line_1_69' title="bbox 899 5079 2397 5166; baseline -0.002 -19"><span class='ocrx_word' id='word_1_397' title='bbox 899 5083 1241 5166; x_wconf 83' lang='lat' dir='ltr'>Evangelio</span> <span class='ocrx_word' id='word_1_398' title='bbox 1269 5079 1596 5144; x_wconf 79' lang='lat' dir='ltr'>Pharisaeis</span> <span class='ocrx_word' id='word_1_399' title='bbox 1628 5079 2157 5142; x_wconf 87' lang='lat' dir='ltr'>calumniantibus</span> <span class='ocrx_word' id='word_1_400' title='bbox 2188 5090 2285 5144; x_wconf 90' lang='lat' dir='ltr'>est</span> <span class='ocrx_word' id='word_1_401' title='bbox 2316 5081 2397 5144; x_wconf 93' lang='lat' dir='ltr'>lo-</span> 
     </span>
    </p>
   </div>
   <div class='ocr_carea' id='block_1_22' title="bbox 617 5177 2396 5262">
    <p class='ocr_par' dir='ltr' id='par_1_22' title="bbox 617 5177 2396 5262">
     <span class='ocr_line' id='line_1_70' title="bbox 617 5177 2396 5262; baseline 0.003 -24"><span class='ocrx_word' id='word_1_402' title='bbox 617 5193 871 5246; x_wconf 55' lang='lat' dir='ltr'>uauhsu,</span> <span class='ocrx_word' id='word_1_403' title='bbox 900 5193 1086 5246; x_wconf 77' lang='lat' dir='ltr'>cutus</span> <span class='ocrx_word' id='word_1_404' title='bbox 1109 5201 1123 5244; x_wconf 89' lang='lat'>:</span> <span class='ocrx_word' id='word_1_405' title='bbox 1149 5182 1211 5245; x_wconf 87' lang='lat' dir='ltr'>Si</span> <span class='ocrx_word' id='word_1_406' title='bbox 1243 5199 1380 5262; x_wconf 86' lang='lat' dir='ltr'>ego,</span> <span class='ocrx_word' id='word_1_407' title='bbox 1406 5177 1718 5260; x_wconf 85' lang='lat' dir='ltr'>inquienS,</span> <span class='ocrx_word' id='word_1_408' title='bbox 1744 5179 1809 5241; x_wconf 91' lang='lat' dir='ltr'>in</span> <span class='ocrx_word' id='word_1_409' title='bbox 1839 5179 2193 5242; x_wconf 87' lang='lat' dir='ltr'>Beelzebub</span> <span class='ocrx_word' id='word_1_410' title='bbox 2225 5181 2396 5262; x_wconf 92' lang='lat' dir='ltr'>prin-</span> 
     </span>
    </p>
   </div>
   <div class='ocr_carea' id='block_1_23' title="bbox 605 5259 674 5302">
    <p class='ocr_par' dir='ltr' id='par_1_23' title="bbox 605 5259 674 5302">
     <span class='ocr_line' id='line_1_71' title="bbox 605 5259 674 5302; baseline 0 -1"><span class='ocrx_word' id='word_1_411' title='bbox 605 5259 674 5302; x_wconf 82' lang='lat'>27.</span> 
     </span>
    </p>
   </div>
   <div class='ocr_carea' id='block_1_24' title="bbox 900 5277 2396 5365">
    <p class='ocr_par' dir='ltr' id='par_1_24' title="bbox 900 5277 2396 5365">
     <span class='ocr_line' id='line_1_72' title="bbox 900 5277 2396 5365; baseline -0.002 -20"><span class='ocrx_word' id='word_1_412' title='bbox 900 5285 1043 5365; x_wconf 89' lang='lat' dir='ltr'>cipe</span> <span class='ocrx_word' id='word_1_413' title='bbox 1090 5279 1545 5344; x_wconf 83' lang='lat' dir='ltr'>daemoniorum</span> <span class='ocrx_word' id='word_1_414' title='bbox 1594 5277 1786 5358; x_wconf 87' lang='lat' dir='ltr'>ejicio</span> <span class='ocrx_word' id='word_1_415' title='bbox 1831 5279 2168 5342; x_wconf 79' lang='lat' dir='ltr'>daemones.</span> <span class='ocrx_word' id='word_1_416' title='bbox 2224 5280 2396 5342; x_wconf 91' lang='lat' dir='ltr'>Unus</span> 
     </span>
    </p>
   </div>
   <div class='ocr_carea' id='block_1_25' title="bbox 2492 3117 3999 4182">
    <p class='ocr_par' dir='ltr' id='par_1_25' title="bbox 2492 3117 3999 4182">
     <span class='ocr_line' id='line_1_73' title="bbox 2492 3117 3997 3199; baseline 0.001 -19"><span class='ocrx_word' id='word_1_417' title='bbox 2492 3117 2983 3199; x_wconf 84' lang='lat' dir='ltr'>gloriosissimos</span> <span class='ocrx_word' id='word_1_418' title='bbox 3011 3137 3084 3180; x_wconf 92' lang='lat' dir='ltr'>ac</span> <span class='ocrx_word' id='word_1_419' title='bbox 3116 3117 3497 3181; x_wconf 90' lang='lat' dir='ltr'>fortissimos</span> <span class='ocrx_word' id='word_1_420' title='bbox 3527 3118 3863 3182; x_wconf 84' lang='lat' dir='ltr'>bellatores</span> <span class='ocrx_word' id='word_1_421' title='bbox 3896 3137 3997 3182; x_wconf 88' lang='lat' dir='ltr'>co-</span> 
     </span>
     <span class='ocr_line' id='line_1_74' title="bbox 2495 3216 3991 3300; baseline 0.002 -23"><span class='ocrx_word' id='word_1_422' title='bbox 2495 3235 2630 3279; x_wconf 91' lang='lat' dir='ltr'>ram</span> <span class='ocrx_word' id='word_1_423' title='bbox 2660 3216 2961 3279; x_wconf 91' lang='lat' dir='ltr'>omnibus</span> <span class='ocrx_word' id='word_1_424' title='bbox 3002 3216 3081 3277; x_wconf 87' lang='lat' dir='ltr'>ad</span> <span class='ocrx_word' id='word_1_425' title='bbox 3123 3217 3568 3279; x_wconf 90' lang='lat' dir='ltr'>universorum</span> <span class='ocrx_word' id='word_1_426' title='bbox 3596 3218 3991 3300; x_wconf 83' lang='lat' dir='ltr'>exemplum.</span> 
     </span>
     <span class='ocr_line' id='line_1_75' title="bbox 2494 3314 3995 3397; baseline 0.002 -21"><span class='ocrx_word' id='word_1_427' title='bbox 2494 3316 2663 3377; x_wconf 89' lang='lat' dir='ltr'>lnter</span> <span class='ocrx_word' id='word_1_428' title='bbox 2702 3332 2861 3396; x_wconf 91' lang='lat' dir='ltr'>quos</span> <span class='ocrx_word' id='word_1_429' title='bbox 2901 3315 3053 3376; x_wconf 90' lang='lat' dir='ltr'>dum</span> <span class='ocrx_word' id='word_1_430' title='bbox 3098 3314 3358 3395; x_wconf 90' lang='lat' dir='ltr'>quidam</span> <span class='ocrx_word' id='word_1_431' title='bbox 3405 3315 3840 3397; x_wconf 90' lang='lat' dir='ltr'>nequissimus</span> <span class='ocrx_word' id='word_1_432' title='bbox 3892 3316 3995 3380; x_wconf 81' lang='lat' dir='ltr'>lae-</span> 
     </span>
     <span class='ocr_line' id='line_1_76' title="bbox 2498 3413 3998 3497; baseline 0.001 -22"><span class='ocrx_word' id='word_1_433' title='bbox 2498 3413 2619 3476; x_wconf 91' lang='lat' dir='ltr'>tior</span> <span class='ocrx_word' id='word_1_434' title='bbox 2647 3413 3029 3488; x_wconf 88' lang='lat' dir='ltr'>advenisset,</span> <span class='ocrx_word' id='word_1_435' title='bbox 3056 3420 3275 3494; x_wconf 91' lang='lat' dir='ltr'>utpote</span> <span class='ocrx_word' id='word_1_436' title='bbox 3310 3413 3705 3496; x_wconf 85' lang='lat' dir='ltr'>triumphum</span> <span class='ocrx_word' id='word_1_437' title='bbox 3740 3415 3998 3497; x_wconf 79' lang='lat' dir='ltr'>praecla-</span> 
     </span>
     <span class='ocr_line' id='line_1_77' title="bbox 2496 3511 3995 3595; baseline 0.001 -22"><span class='ocrx_word' id='word_1_438' title='bbox 2496 3512 2825 3574; x_wconf 90' lang='lat' dir='ltr'>rissimum</span> <span class='ocrx_word' id='word_1_439' title='bbox 2868 3511 3205 3584; x_wconf 83' lang='lat' dir='ltr'>relaturuS,</span> <span class='ocrx_word' id='word_1_440' title='bbox 3243 3519 3307 3574; x_wconf 87' lang='lat' dir='ltr'>et</span> <span class='ocrx_word' id='word_1_441' title='bbox 3348 3512 3714 3595; x_wconf 87' lang='lat' dir='ltr'>exprimens</span> <span class='ocrx_word' id='word_1_442' title='bbox 3756 3531 3995 3576; x_wconf 90' lang='lat' dir='ltr'>nomen</span> 
     </span>
     <span class='ocr_line' id='line_1_78' title="bbox 2497 3609 3995 3691; baseline 0.002 -20"><span class='ocrx_word' id='word_1_443' title='bbox 2497 3609 2791 3672; x_wconf 91' lang='lat' dir='ltr'>monachi</span> <span class='ocrx_word' id='word_1_444' title='bbox 2852 3611 3093 3691; x_wconf 90' lang='lat' dir='ltr'>optime</span> <span class='ocrx_word' id='word_1_445' title='bbox 3151 3609 3338 3672; x_wconf 90' lang='lat' dir='ltr'>nobis</span> <span class='ocrx_word' id='word_1_446' title='bbox 3395 3611 3553 3686; x_wconf 91' lang='lat' dir='ltr'>noti,</span> <span class='ocrx_word' id='word_1_447' title='bbox 3604 3612 3877 3674; x_wconf 87' lang='lat' dir='ltr'>asseruit</span> <span class='ocrx_word' id='word_1_448' title='bbox 3928 3631 3995 3674; x_wconf 91' lang='lat' dir='ltr'>se</span> 
     </span>
     <span class='ocr_line' id='line_1_79' title="bbox 2499 3706 3991 3791; baseline 0.003 -23"><span class='ocrx_word' id='word_1_449' title='bbox 2499 3706 2905 3788; x_wconf 83' lang='lat' dir='ltr'>praevaluisse</span> <span class='ocrx_word' id='word_1_450' title='bbox 2954 3708 3255 3769; x_wconf 87' lang='lat' dir='ltr'>adversus</span> <span class='ocrx_word' id='word_1_451' title='bbox 3298 3725 3449 3770; x_wconf 89' lang='lat' dir='ltr'>eum</span> <span class='ocrx_word' id='word_1_452' title='bbox 3492 3708 3558 3770; x_wconf 91' lang='lat' dir='ltr'>in</span> <span class='ocrx_word' id='word_1_453' title='bbox 3601 3709 3743 3791; x_wconf 88' lang='lat' dir='ltr'>ipsa</span> <span class='ocrx_word' id='word_1_454' title='bbox 3781 3717 3991 3784; x_wconf 83' lang='lat' dir='ltr'>nocte,</span> 
     </span>
     <span class='ocr_line' id='line_1_80' title="bbox 2498 3804 3995 3872; baseline 0.004 -6"><span class='ocrx_word' id='word_1_455' title='bbox 2498 3805 2857 3868; x_wconf 91' lang='lat' dir='ltr'>inducendo</span> <span class='ocrx_word' id='word_1_456' title='bbox 2908 3824 3057 3867; x_wconf 90' lang='lat' dir='ltr'>eum</span> <span class='ocrx_word' id='word_1_457' title='bbox 3104 3806 3182 3867; x_wconf 90' lang='lat' dir='ltr'>ad</span> <span class='ocrx_word' id='word_1_458' title='bbox 3237 3804 3683 3870; x_wconf 82' lang='lat' dir='ltr'>fornicandum</span> <span class='ocrx_word' id='word_1_459' title='bbox 3734 3810 3995 3872; x_wconf 85' lang='lat' dir='ltr'>tandem</span> 
     </span>
     <span class='ocr_line' id='line_1_81' title="bbox 2497 3902 3998 3986; baseline 0.003 -20"><span class='ocrx_word' id='word_1_460' title='bbox 2497 3910 2641 3985; x_wconf 88' lang='lat' dir='ltr'>post</span> <span class='ocrx_word' id='word_1_461' title='bbox 2687 3902 3057 3985; x_wconf 89' lang='lat' dir='ltr'>quindecim</span> <span class='ocrx_word' id='word_1_462' title='bbox 3106 3922 3305 3967; x_wconf 86' lang='lat' dir='ltr'>annos</span> <span class='ocrx_word' id='word_1_463' title='bbox 3355 3905 3591 3986; x_wconf 88' lang='lat' dir='ltr'>quibus</span> <span class='ocrx_word' id='word_1_464' title='bbox 3646 3925 3797 3968; x_wconf 92' lang='lat' dir='ltr'>eum</span> <span class='ocrx_word' id='word_1_465' title='bbox 3842 3908 3998 3970; x_wconf 88' lang='lat' dir='ltr'>assi-</span> 
     </span>
     <span class='ocr_line' id='line_1_82' title="bbox 2497 4001 3997 4085; baseline 0.005 -23"><span class='ocrx_word' id='word_1_466' title='bbox 2497 4002 2620 4062; x_wconf 93' lang='lat' dir='ltr'>due</span> <span class='ocrx_word' id='word_1_467' title='bbox 2653 4001 3094 4082; x_wconf 83' lang='lat' dir='ltr'>impugnavit3</span> <span class='ocrx_word' id='word_1_468' title='bbox 3130 4001 3609 4085; x_wconf 81' lang='lat' dir='ltr'>affirmavitque</span> <span class='ocrx_word' id='word_1_469' title='bbox 3641 4023 3709 4068; x_wconf 94' lang='lat' dir='ltr'>se</span> <span class='ocrx_word' id='word_1_470' title='bbox 3738 4022 3869 4068; x_wconf 91' lang='lat' dir='ltr'>non</span> <span class='ocrx_word' id='word_1_471' title='bbox 3898 4023 3997 4068; x_wconf 90' lang='lat' dir='ltr'>so-</span> 
     </span>
     <span class='ocr_line' id='line_1_83' title="bbox 2499 4099 3999 4182; baseline 0.005 -21"><span class='ocrx_word' id='word_1_472' title='bbox 2499 4100 2632 4162; x_wconf 91' lang='lat' dir='ltr'>lum</span> <span class='ocrx_word' id='word_1_473' title='bbox 2664 4099 3093 4182; x_wconf 83' lang='lat' dir='ltr'>praecipitasse</span> <span class='ocrx_word' id='word_1_474' title='bbox 3125 4101 3505 4163; x_wconf 90' lang='lat' dir='ltr'>monachum</span> <span class='ocrx_word' id='word_1_475' title='bbox 3535 4102 3717 4165; x_wconf 90' lang='lat' dir='ltr'>illum</span> <span class='ocrx_word' id='word_1_476' title='bbox 3747 4111 3821 4166; x_wconf 92' lang='lat' dir='ltr'>ut</span> <span class='ocrx_word' id='word_1_477' title='bbox 3848 4123 3999 4167; x_wconf 89' lang='lat' dir='ltr'>cum</span> 
     </span>
    </p>
   </div>
   <div class='ocr_carea' id='block_1_26' title="bbox 2417 4197 3997 4286">
    <p class='ocr_par' dir='ltr' id='par_1_26' title="bbox 2417 4197 3997 4286">
     <span class='ocr_line' id='line_1_84' title="bbox 2417 4197 3997 4286; baseline 0.005 -27"><span class='ocrx_word' id='word_1_478' title='bbox 2417 4197 2467 4260; x_wconf 92' lang='lat' dir='ltr'>D</span> <span class='ocrx_word' id='word_1_479' title='bbox 2498 4199 2769 4280; x_wconf 89' lang='lat' dir='ltr'>quadam</span> <span class='ocrx_word' id='word_1_480' title='bbox 2793 4217 2972 4260; x_wconf 88' lang='lat' dir='ltr'>sacra</span> <span class='ocrx_word' id='word_1_481' title='bbox 2998 4198 3210 4280; x_wconf 87' lang='lat' dir='ltr'>puella</span> <span class='ocrx_word' id='word_1_482' title='bbox 3234 4200 3655 4264; x_wconf 85' lang='lat' dir='ltr'>committeret</span> <span class='ocrx_word' id='word_1_483' title='bbox 3678 4211 3997 4286; x_wconf 89' lang='lat' dir='ltr'>stuprum,</span> 
     </span>
    </p>
   </div>
   <div class='ocr_carea' id='block_1_27' title="bbox 2496 4297 4003 5354">
    <p class='ocr_par' dir='ltr' id='par_1_27' title="bbox 2496 4297 4003 5354">
     <span class='ocr_line' id='line_1_85' title="bbox 2498 4297 4001 4383; baseline 0.005 -25"><span class='ocrx_word' id='word_1_484' title='bbox 2498 4297 2607 4358; x_wconf 92' lang='lat' dir='ltr'>sed</span> <span class='ocrx_word' id='word_1_485' title='bbox 2652 4297 2805 4359; x_wconf 88' lang='lat' dir='ltr'>item</span> <span class='ocrx_word' id='word_1_486' title='bbox 2851 4303 2921 4357; x_wconf 87' lang='lat' dir='ltr'>ut</span> <span class='ocrx_word' id='word_1_487' title='bbox 2962 4315 3101 4358; x_wconf 90' lang='lat' dir='ltr'>eam</span> <span class='ocrx_word' id='word_1_488' title='bbox 3145 4297 3462 4380; x_wconf 89' lang='lat' dir='ltr'>acciperet</span> <span class='ocrx_word' id='word_1_489' title='bbox 3506 4301 3865 4383; x_wconf 83' lang='lat' dir='ltr'>conjugem.</span> <span class='ocrx_word' id='word_1_490' title='bbox 3910 4305 4001 4366; x_wconf 89' lang='lat' dir='ltr'>De</span> 
     </span>
     <span class='ocr_line' id='line_1_86' title="bbox 2498 4396 4000 4477; baseline 0.005 -21"><span class='ocrx_word' id='word_1_491' title='bbox 2498 4415 2623 4477; x_wconf 91' lang='lat' dir='ltr'>qua</span> <span class='ocrx_word' id='word_1_492' title='bbox 2674 4415 2739 4458; x_wconf 92' lang='lat' dir='ltr'>re</span> <span class='ocrx_word' id='word_1_493' title='bbox 2788 4415 2988 4477; x_wconf 90' lang='lat' dir='ltr'>quum</span> <span class='ocrx_word' id='word_1_494' title='bbox 3038 4412 3260 4458; x_wconf 89' lang='lat' dir='ltr'>omnes</span> <span class='ocrx_word' id='word_1_495' title='bbox 3312 4396 3581 4460; x_wconf 83' lang='lat' dir='ltr'>fuissent</span> <span class='ocrx_word' id='word_1_496' title='bbox 3632 4400 4000 4464; x_wconf 89' lang='lat' dir='ltr'>immaniter</span> 
     </span>
     <span class='ocr_line' id='line_1_87' title="bbox 2496 4493 3997 4576; baseline 0.005 -21"><span class='ocrx_word' id='word_1_497' title='bbox 2496 4494 2769 4576; x_wconf 83' lang='lat' dir='ltr'>gloriati,</span> <span class='ocrx_word' id='word_1_498' title='bbox 2793 4494 3091 4576; x_wconf 89' lang='lat' dir='ltr'>princeps</span> <span class='ocrx_word' id='word_1_499' title='bbox 3116 4493 3523 4558; x_wconf 87' lang='lat' dir='ltr'>tenebrarum</span> <span class='ocrx_word' id='word_1_500' title='bbox 3549 4499 3821 4562; x_wconf 89' lang='lat' dir='ltr'>summis</span> <span class='ocrx_word' id='word_1_501' title='bbox 3846 4518 3997 4562; x_wconf 90' lang='lat' dir='ltr'>eum</span> 
     </span>
     <span class='ocr_line' id='line_1_88' title="bbox 2497 4591 3998 4676; baseline 0.004 -21"><span class='ocrx_word' id='word_1_502' title='bbox 2497 4591 2729 4655; x_wconf 87' lang='lat' dir='ltr'>extulit</span> <span class='ocrx_word' id='word_1_503' title='bbox 2768 4592 3081 4666; x_wconf 81' lang='lat' dir='ltr'>laudibuS,</span> <span class='ocrx_word' id='word_1_504' title='bbox 3114 4611 3151 4654; x_wconf 89' lang='lat' dir='ltr'>a</span> <span class='ocrx_word' id='word_1_505' title='bbox 3180 4610 3310 4675; x_wconf 92' lang='lat' dir='ltr'>quo</span> <span class='ocrx_word' id='word_1_506' title='bbox 3346 4601 3407 4655; x_wconf 89' lang='lat' dir='ltr'>et</span> <span class='ocrx_word' id='word_1_507' title='bbox 3446 4595 3711 4676; x_wconf 89' lang='lat' dir='ltr'>spiritus</span> <span class='ocrx_word' id='word_1_508' title='bbox 3742 4597 3849 4660; x_wconf 92' lang='lat' dir='ltr'>ille</span> <span class='ocrx_word' id='word_1_509' title='bbox 3891 4619 3998 4662; x_wconf 89' lang='lat' dir='ltr'>ne—</span> 
     </span>
     <span class='ocr_line' id='line_1_89' title="bbox 2499 4691 3999 4774; baseline 0.007 -23"><span class='ocrx_word' id='word_1_510' title='bbox 2499 4691 2847 4774; x_wconf 90' lang='lat' dir='ltr'>quissimus</span> <span class='ocrx_word' id='word_1_511' title='bbox 2886 4691 3044 4752; x_wconf 87' lang='lat' dir='ltr'>abiit</span> <span class='ocrx_word' id='word_1_512' title='bbox 3079 4691 3325 4772; x_wconf 85' lang='lat' dir='ltr'>magnis</span> <span class='ocrx_word' id='word_1_513' title='bbox 3366 4694 3699 4773; x_wconf 85' lang='lat' dir='ltr'>praeconiis</span> <span class='ocrx_word' id='word_1_514' title='bbox 3738 4714 3999 4762; x_wconf 88' lang='lat' dir='ltr'>corona-</span> 
     </span>
     <span class='ocr_line' id='line_1_90' title="bbox 2498 4789 3999 4880; baseline 0.007 -29"><span class='ocrx_word' id='word_1_515' title='bbox 2498 4796 2621 4851; x_wconf 92' lang='lat' dir='ltr'>tus.</span> <span class='ocrx_word' id='word_1_516' title='bbox 2656 4789 2959 4852; x_wconf 84' lang='lat' dir='ltr'>Praeterea</span> <span class='ocrx_word' id='word_1_517' title='bbox 2995 4790 3371 4852; x_wconf 85' lang='lat' dir='ltr'>adveniente</span> <span class='ocrx_word' id='word_1_518' title='bbox 3408 4810 3655 4864; x_wconf 89' lang='lat' dir='ltr'>aurora,</span> <span class='ocrx_word' id='word_1_519' title='bbox 3686 4803 3751 4856; x_wconf 88' lang='lat' dir='ltr'>et</span> <span class='ocrx_word' id='word_1_520' title='bbox 3786 4796 3999 4880; x_wconf 87' lang='lat' dir='ltr'>dispa-</span> 
     </span>
     <span class='ocr_line' id='line_1_91' title="bbox 2502 4888 3996 4964; baseline 0.007 -15"><span class='ocrx_word' id='word_1_521' title='bbox 2502 4896 2679 4950; x_wconf 83' lang='lat' dir='ltr'>rente</span> <span class='ocrx_word' id='word_1_522' title='bbox 2710 4889 2883 4951; x_wconf 90' lang='lat' dir='ltr'>omni</span> <span class='ocrx_word' id='word_1_523' title='bbox 2916 4888 3025 4950; x_wconf 88' lang='lat' dir='ltr'>illa</span> <span class='ocrx_word' id='word_1_524' title='bbox 3057 4889 3419 4952; x_wconf 82' lang='lat' dir='ltr'>daemonum</span> <span class='ocrx_word' id='word_1_525' title='bbox 3453 4890 3660 4964; x_wconf 87' lang='lat' dir='ltr'>turba,</span> <span class='ocrx_word' id='word_1_526' title='bbox 3693 4893 3996 4960; x_wconf 85' lang='lat' dir='ltr'>dubitans</span> 
     </span>
     <span class='ocr_line' id='line_1_92' title="bbox 2503 4987 4002 5057; baseline 0.006 -9"><span class='ocrx_word' id='word_1_527' title='bbox 2503 4987 2717 5048; x_wconf 88' lang='lat' dir='ltr'>Frater</span> <span class='ocrx_word' id='word_1_528' title='bbox 2751 5005 2830 5048; x_wconf 90' lang='lat' dir='ltr'>an</span> <span class='ocrx_word' id='word_1_529' title='bbox 2866 5005 3015 5048; x_wconf 87' lang='lat' dir='ltr'>vera</span> <span class='ocrx_word' id='word_1_530' title='bbox 3053 4996 3219 5050; x_wconf 89' lang='lat' dir='ltr'>esset</span> <span class='ocrx_word' id='word_1_531' title='bbox 3259 4988 3563 5051; x_wconf 81' lang='lat' dir='ltr'>daemonis</span> <span class='ocrx_word' id='word_1_532' title='bbox 3594 4990 3768 5054; x_wconf 91' lang='lat' dir='ltr'>illius</span> <span class='ocrx_word' id='word_1_533' title='bbox 3798 5011 4002 5057; x_wconf 88' lang='lat' dir='ltr'>asser-</span> 
     </span>
     <span class='ocr_line' id='line_1_93' title="bbox 2504 5083 4003 5168; baseline 0.007 -23"><span class='ocrx_word' id='word_1_534' title='bbox 2504 5084 2614 5158; x_wconf 84' lang='lat' dir='ltr'>tio,</span> <span class='ocrx_word' id='word_1_535' title='bbox 2660 5083 2985 5166; x_wconf 84' lang='lat' dir='ltr'>magisque</span> <span class='ocrx_word' id='word_1_536' title='bbox 3028 5084 3343 5148; x_wconf 86' lang='lat' dir='ltr'>arbitrans</span> <span class='ocrx_word' id='word_1_537' title='bbox 3385 5088 3556 5168; x_wconf 91' lang='lat' dir='ltr'>quod</span> <span class='ocrx_word' id='word_1_538' title='bbox 3604 5089 3855 5154; x_wconf 82' lang='lat' dir='ltr'>daemon</span> <span class='ocrx_word' id='word_1_539' title='bbox 3904 5113 4003 5157; x_wconf 91' lang='lat' dir='ltr'>so-</span> 
     </span>
     <span class='ocr_line' id='line_1_94' title="bbox 2508 5181 3998 5266; baseline 0.009 -24"><span class='ocrx_word' id='word_1_540' title='bbox 2508 5183 2617 5243; x_wconf 87' lang='lat' dir='ltr'>lita</span> <span class='ocrx_word' id='word_1_541' title='bbox 2656 5201 2770 5243; x_wconf 87' lang='lat' dir='ltr'>sua</span> <span class='ocrx_word' id='word_1_542' title='bbox 2809 5181 3060 5244; x_wconf 88' lang='lat' dir='ltr'>fallacia</span> <span class='ocrx_word' id='word_1_543' title='bbox 3098 5183 3405 5246; x_wconf 88' lang='lat' dir='ltr'>voluisset</span> <span class='ocrx_word' id='word_1_544' title='bbox 3444 5185 3565 5247; x_wconf 91' lang='lat' dir='ltr'>sibi</span> <span class='ocrx_word' id='word_1_545' title='bbox 3603 5187 3895 5266; x_wconf 89' lang='lat' dir='ltr'>illudere,</span> <span class='ocrx_word' id='word_1_546' title='bbox 3936 5203 3998 5255; x_wconf 89' lang='lat' dir='ltr'>et</span> 
     </span>
     <span class='ocr_line' id='line_1_95' title="bbox 2508 5280 4001 5354; baseline 0.009 -13"><span class='ocrx_word' id='word_1_547' title='bbox 2508 5280 2835 5342; x_wconf 90' lang='lat' dir='ltr'>innocenti</span> <span class='ocrx_word' id='word_1_548' title='bbox 2876 5281 3072 5343; x_wconf 87' lang='lat' dir='ltr'>Fratri</span> <span class='ocrx_word' id='word_1_549' title='bbox 3115 5288 3361 5344; x_wconf 83' lang='lat' dir='ltr'>tantum</span> <span class='ocrx_word' id='word_1_550' title='bbox 3406 5284 3649 5348; x_wconf 84' lang='lat' dir='ltr'>crimen</span> <span class='ocrx_word' id='word_1_551' title='bbox 3696 5290 4001 5354; x_wconf 90' lang='lat' dir='ltr'>mendose</span> 
     </span>
    </p>
   </div>
  </div>
 </body>
</html>
