4359 6267
882 479 999 543 154

1262 713 1765 779 CAPITULUM
1830 714 1978 777 VH.

1067 863 1154 918 De
1194 862 1455 919 alterius
1498 860 1807 923 illusione,
1851 876 2033 933 quam
2065 877 2182 932 per

1215 952 1715 1007 indiscretionem
1744 950 2031 1007 incurrit.

1018 1157 1283 1219 MPLIU
1296 1157 1337 1219 S
1380 1157 1534 1238 quid
1578 1156 1847 1218 narrabo
1889 1156 1965 1217 de
2010 1154 2121 1218 illo
2157 1154 2372 1235 (cujus

1047 1273 1281 1317 nomen
1324 1255 1679 1335 exprimere
1726 1253 1892 1327 nole,
1925 1253 2228 1335 quoniam
2273 1271 2372 1313 us-

880 1371 1005 1434 que
1064 1370 1235 1414 nunc
1298 1352 1615 1433 superest)
1671 1351 1782 1432 qui
1843 1351 2031 1431 longo
2087 1357 2373 1430 tempore

878 1450 1160 1531 suscepit
1207 1449 1533 1512 diabolum
1588 1448 1653 1510 in
1703 1448 1985 1509 claritate
2038 1466 2112 1509 ac
2160 1447 2374 1528 specie

875 1548 1309 1629 angeli,atque
1340 1547 1687 1609 innumeris
1718 1545 2208 1608 revelationibus
2236 1545 2374 1624 ejus

876 1647 1201 1727 deceptuS‚
1238 1645 1504 1707 eredidit
1545 1663 1694 1706 eum
1735 1662 1875 1706 esse
1919 1644 2184 1724 justitiae
2213 1664 2379 1705 nun-

876 1744 1096 1805 tium?
1152 1743 1309 1805 Nam
1372 1750 1435 1804 et
1496 1740 1661 1803 ultra
1723 1742 1857 1804 haec
1920 1741 2193 1823 praebuit
2254 1741 2376 1803 dae-

1610 495 2024 543 COLLATIONUM
2066 496 2151 541 SS.
2187 496 2430 542 PATRUI
2469 494 2646 543 LIBER
2684 497 2724 542 1.
2764 516 2846 525 —
2885 497 3172 544 COLLATIO
3211 499 3258 544 11

2399 661 2452 724 A
2481 662 2623 737 buS,
2655 664 3088 739 tenebrosum,
3121 666 3717 728 macilentissimum
3753 684 3827 727 ac
3869 666 3994 727 de-

2481 757 2792 838 formem3
2844 768 3100 823 econtra
3146 778 3297 823 vero
3342 761 3588 824 Judaeos
3642 780 3768 823 una
3822 780 3990 823 cum

2481 857 2710 939 Moyse,
2773 857 3150 920 Patriarchis
3217 867 3281 921 et
3341 859 3666 940 Prophetis
3725 878 3994 921 summa

2479 954 2878 1035 jucunditate
2926 948 3369 1037 tripudiantes,
3417 975 3492 1018 ac
3538 955 3990 1037 splendidissi-

2485 1071 2587 1113 ma
2618 1052 2759 1115 luce
2790 1052 3138 1134 fulgentes3
3170 1054 3495 1135 suasitque
3535 1054 3843 1117 monacho
3883 1054 3987 1115 illi

2484 1160 2553 1213 ut
2583 1150 2911 1213 festinaret
2949 1152 3504 1215 circumcisionem
3542 1153 3892 1233 suscipere,
3929 1153 3988 1213 si

2483 1249 2676 1313 vellet
2720 1251 3037 1332 particeps
3082 1250 3226 1313 fieri
3270 1250 3682 1312 beatitudinis
3729 1269 3801 1312 ac
3847 1270 3990 1311 me—

2484 1349 2590 1410 riti
2630 1348 2988 1411 Judaeorum
3036 1348 3310 1411 illorum,

2567 1446 2806 1509 Horum
2847 1447 3058 1527 itaque
3099 1447 3313 1509 nullus
3354 1455 3482 1509 tam
3515 1447 3790 1528 graviter
3825 1446 3988 1509 fuis—

2486 1552 2580 1606 set
2621 1544 2868 1619 illusuS‚
2912 1546 2964 1608 si
3008 1546 3356 1608 studuisset
3393 1564 3608 1607 veram
3651 1545 3987 1627 possidere

2485 1644 2952 1706 discretionem.
3001 1643 3160 1705 Hinc
3206 1644 3641 1725 experimenta
3688 1652 3751 1705 et
3793 1662 3987 1705 casus

2488 1742 2834 1804 multorum
2894 1742 3236 1817 declarant,
3291 1761 3482 1823 quam
3542 1741 3982 1822 periculosum

875 1859 1022 1904 mon
1052 1841 1160 1903 ille
1191 1840 1360 1903 omni
1393 1846 1577 1901 nocte
1609 1838 1673 1900 in
1705 1838 1864 1901 cella
1896 1840 2126 1900 Fratris
2157 1839 2371 1901 lumen
2409 1838 2458 1900 B
2486 1840 2570 1901 sit
2611 1839 3011 1901 discretionis
3054 1841 3322 1920 gratiam
3365 1856 3492 1903 non
3535 1837 3790 1901 habere.

874 1940 1115 2020 absque
1164 1938 1439 2000 lucerna.
1494 1936 1771 1999 Tandem
1823 1937 2125 2018 praecepit
2172 1937 2372 1998 Fratri

877 2047 947 2100 ut
985 2037 1199 2100 filium
1239 2055 1427 2099 suum
1475 2054 1693 2098 secum
1733 2036 1801 2097 in
1846 2036 2230 2097 monasterio
2266 2035 2376 2096 ha-

876 2136 1185 2199 bitantem
1247 2135 1376 2196 Deo
1432 2133 1715 2205 offerret,
1767 2141 1835 2194 ut
1893 2132 2212 2195 sacrificio
2263 2132 2372 2193 tali

878 2240 1312 2315 coaequaretur
1361 2232 1604 2295 meritis
1652 2231 1918 2295 Abrahae
1976 2230 2369 2312 patriarchae.

877 2332 1011 2405 Qua
1060 2332 1467 2413 persuasione
1518 2331 1584 2392 in
1630 2337 1877 2392 tantum
1927 2330 2227 2391 seductus
2279 2335 2375 2390 est

878 2430 1091 2491 Frater
1136 2429 1265 2503 ille,
1302 2430 1471 2510 quod
1521 2428 1935 2509 parricidium
1978 2426 2137 2488 illud
2181 2426 2378 2507 proti-

878 2546 1001 2589 nus
1058 2534 1503 2608 perpetrasset,
1558 2525 1683 2586 nisi
1736 2543 1894 2607 puer
1943 2525 2165 2586 videns
2224 2543 2373 2586 eum

876 2631 1055 2686 extra
1094 2622 1619 2686 consuetudinem
1659 2621 1990 2684 cultellum
2029 2640 2278 2694 acuere,
2311 2629 2375 2683 et

876 2720 1133 2784 vincula
1182 2738 1465 2801 quaerere
1514 2719 1749 2801 quibus
1798 2719 2050 2781 volebat
2099 2736 2373 2800 puerum

874 2819 953 2880 ad
1003 2817 1465 2880 immolandum
1515 2816 1968 2897 constringere,
2010 2815 2226 2879 statim
2275 2815 2376 2877 fu-

873 2915 1325 2997 gisset,utpote
1349 2915 1607 2976 territus
1636 2913 1944 2995 praesagio
1972 2914 2231 2975 sceleris
2265 2914 2372 2974 im-

875 3014 1197 3076 minentiS.

1255 3263 1759 3328 CAPITULUM
1803 3265 1987 3327 VIII.

1097 3410 1184 3464 De
1211 3407 1391 3480 lapsu
1417 3414 1475 3464 et
1502 3409 1849 3483 deceptione
1876 3410 2152 3465 monachi

1382 3497 1869 3569 Mesopotameni.

1000 3690 1265 3754 ONGUM
1302 3700 1398 3753 est
1426 3692 1619 3754 etiam
1658 3693 1971 3755 narrando
2000 3711 2370 3774 percurrere

1028 3789 1467 3871 deceptionem
1529 3790 1820 3852 monachi
1878 3790 2370 3873 Mesopotameni

877 3887 1074 3961 illius,
1108 3888 1218 3968 qui
1261 3888 1327 3949 in
1364 3888 1811 3969 Mesopotamia
1849 3889 2029 3951 duxit
2068 3890 2264 3952 vitam
2306 3890 2371 3951 in

878 3993 1050 4048 tanta
1097 3984 1503 4059 abstinentia,
1550 3986 1784 4065 degens
1843 3986 2016 4048 solus
2069 3987 2133 4047 in
2190 3987 2369 4059 cella,

877 4083 1049 4166 quod
1106 4082 1408 4165 perpauci
1458 4090 1747 4165 poterant
1800 4102 1947 4145 eum
2000 4084 2202 4165 sequi.
2255 4084 2372 4157 Qui

2886 2090 3388 2154 CAPITULUM
3452 2091 3571 2154 IX.

2483 2227 2894 2299 Interroyatio
2921 2228 2996 2284 de
3022 2228 3400 2301 acquirenda
3427 2244 3574 2285 vera
3600 2229 3981 2287 discretione.

2623 2424 2674 2486 D
2723 2426 2858 2487 haec
2908 2424 3256 2487 Germanus
3301 2441 3315 2485 :
3363 2424 3546 2499 Satis,
3595 2425 3824 2507 inquit,
3867 2426 3983 2488 ab·

2653 2524 2820 2585 unde
2870 2522 3002 2603 jam
3053 2523 3258 2603 patuit
3311 2523 3492 2585 novis
3551 2524 3866 2605 exemplis
3917 2532 3984 2586 et

2482 2621 2891 2702 antiquorum
2949 2620 3277 2695 doctrinis,
3329 2621 3778 2684 discretionem
3839 2640 3982 2683 esse

2482 2718 2949 2799 quodammodo
2995 2718 3274 2779 radicem
3325 2726 3388 2780 et
3428 2717 3670 2781 fontem
3721 2728 3982 2781 cuncta-

2481 2834 2622 2877 rum
2663 2816 2994 2878 virtutum.
3031 2815 3193 2896 Ergo
3231 2816 3530 2897 cupimus
3569 2816 3784 2878 doceri
3829 2836 3981 2898 qua-

2480 2913 2625 2974 liter
2681 2913 2882 2995 possit
2940 2914 3208 2994 acquiri,
3269 2920 3332 2975 et
3392 2915 3710 2995 quomodo
3775 2914 3980 2995 possit

2406 3008 2450 3072 C
2479 3011 2735 3091 agnosci
2778 3030 2858 3071 an
2905 3010 2989 3071 sit
3035 3029 3185 3073 vera
3231 3018 3295 3073 et
3341 3030 3378 3073 a
3425 3011 3555 3073 Deo
3602 3012 3850 3085 collata,
3893 3030 3977 3073 an

2479 3107 2639 3169 falsa
2681 3116 2744 3170 et
2788 3106 3100 3169 diabolica
3142 3115 3345 3171 exstet
3379 3126 3393 3170 ε
3429 3109 3516 3171 ita
3557 3116 3626 3171 ut
3667 3108 3976 3171 intuendo

2480 3206 2954 3287 deprehendere
2984 3205 3328 3279 valeamm,
3351 3226 3432 3268 an
3465 3214 3674 3269 teneat
3701 3206 3826 3269 sibi
3860 3208 3978 3268 im-

2481 3322 2766 3384 pressam
2809 3303 2943 3365 veri
2991 3303 3156 3383 regis
3205 3302 3548 3383 imaginem
3588 3304 3974 3384 (secundum
4005 3326 4290 3381 (τιμῆεν.

2481 3401 2910 3481 evangelicam
2960 3400 3136 3461 illam
3181 3399 3568 3481 parabolam,
3609 3420 3750 3481 quae
3789 3400 3978 3480 jubet

2480 3515 2596 3560 nos
2643 3497 2788 3559 fieri
2842 3496 3202 3578 probabiles
3250 3498 3635 3580 trapezitas),
3679 3516 3760 3559 an
3811 3496 3976 3559 forte

2481 3613 2608 3657 non
2658 3595 2740 3657 sit
2794 3594 3074 3675 legitime
3123 3593 3419 3675 figurata,
3470 3602 3784 3676 quatenus
3833 3613 3976 3657 eam

2482 3701 2784 3774 tanquam
2841 3692 3251 3773 sophisticam
3312 3692 3750 3773 reprobemuS,
3812 3693 3982 3754 sicut

2482 3791 2776 3853 hesterna
2807 3790 3132 3853 collatione
3163 3790 3378 3852 dixisti
3409 3790 3606 3852 verbo
3639 3797 3824 3852 utens
3855 3791 3985 3852 vul-

2483 3888 2638 3967 gari,
2682 3888 2791 3949 illa
2845 3888 3137 3949 instructi
3188 3886 3416 3968 peritia
3462 3906 3654 3968 quam
3704 3887 3982 3949 docuisti

2483 3984 2714 4047 debere
2747 3985 2953 4047 inesse
2987 3983 3302 4065 spirituali
3343 4003 3417 4046 ac
3455 3984 3822 4065 evangelico
3860 3993 3982 4047 tra-

2487 4083 2724 4163 pezitae.
2760 4083 2920 4155 Quid
2960 4083 3132 4144 enim
3175 4082 3431 4163 prodest
3463 4099 3804 4163 agnoscere
3836 4081 3982 4144 effi-

875 4181 1130 4242 tandem
1170 4179 1503 4242 diabolicis
1543 4180 2037 4243 revelationibus
2082 4181 2374 4244 somniis·
2402 4181 2451 4243 D
2484 4181 2688 4242 cacias
2717 4198 2790 4241 ac
2823 4180 3046 4241 merita
3077 4179 3497 4252 discretioniS,
3532 4180 3585 4241 si
3617 4180 3980 4242 nesciamus

875 4298 999 4360 que
1034 4280 1118 4340 ita
1156 4279 1415 4341 delusus
1444 4288 1561 4353 est,
1596 4287 1666 4341 ut
1706 4289 1848 4361 post
1880 4288 2082 4343 tantos
2124 4280 2371 4343 labores

873 4382 1063 4457 atque
1094 4376 1384 4450 virtuteS,
1418 4376 1653 4457 quibus
1684 4379 1957 4439 excessit
1996 4396 2219 4440 omnes
2253 4378 2371 4439 ibi-

872 4473 1019 4535 dem
1050 4474 1809 4547 moranteS,induceretur
1838 4475 2182 4536 miserabili
2217 4494 2364 4537 casu

872 4571 953 4633 ad
997 4572 1553 4634 circumcisionem
1596 4591 1670 4633 ac
1711 4571 2126 4635 Iudaismum.
2162 4572 2369 4645 Quum

874 4670 1047 4731 enim
1078 4670 1350 4732 Zabulus
1381 4670 1647 4752 cupiens
1676 4689 1821 4732 eum
1849 4671 2105 4733 allicere
2135 4672 2214 4733 ad
2246 4690 2373 4733 cre-

875 4768 1156 4831 dendum
1204 4768 1433 4832 futurae
1480 4770 1862 4852 deceptioni,
1906 4790 1982 4832 ex
2032 4780 2369 4834 consuetu-

875 4866 1023 4928 dine
1070 4866 1391 4929 visionum
1448 4867 1789 4930 revelasset
1839 4869 1898 4930 ei
1954 4868 2157 4931 multo
2217 4877 2370 4931 tern-

875 4980 1028 5045 pore
1072 4964 1404 5026 verissima
1446 4984 1714 5047 quaeque
1760 4974 2061 5047 tanquam
2106 4968 2370 5029 nuntius

875 5061 1182 5135 veritatis,
1237 5070 1556 5143 postremo
1612 5064 1889 5125 ostendit
1942 5063 2000 5125 ei
2058 5064 2369 5145 populum

875 5158 1305 5221 Christianum
1348 5178 1495 5221 cum
1540 5178 1670 5223 suae
1712 5161 2037 5241 religionis
2086 5161 2370 5243 fideique

874 5256 1300 5339 principibuS,
1334 5258 1569 5319 sanctis
1608 5258 1925 5339 Apostolis
1963 5278 2035 5321 ac
2081 5260 2370 5342 martyri-

2483 4278 2755 4361 qualiter
2792 4278 2873 4339 sit
2911 4278 3296 4360 acquirenda
3336 4295 3410 4338 ac
3455 4277 3877 4358 possidenda?

2899 4530 3403 4595 CAPITULUM
3469 4532 3554 4595 X.

2603 4679 2958 4751 Responsio,
2990 4679 3262 4751 qualiter
3283 4679 3678 4751 possideatur
3703 4694 3852 4735 vera

3075 4769 3386 4825 discretio.

2609 4966 2775 5029 UNC
2823 4966 3062 5047 Moyses
3109 4964 3199 5026 ait
3242 4982 3255 5027 ε
3293 4966 3452 5027 Vera
3498 4965 3798 5029 discretio
3845 4984 3978 5029 non

2627 5064 2752 5125 nisi
2782 5082 2931 5125 vera
2969 5062 3330 5125 humilitate
3368 5063 3739 5145 acquiritur.
3776 5063 3980 5144 Cujus

2482 5161 2862 5225 humilitatis
2913 5160 3048 5223 haec
3092 5161 3214 5223 erit
3261 5162 3470 5243 prima
3518 5161 3811 5244 probatio
3859 5180 3874 5223 :
3923 5163 3980 5224 si

2484 5260 2630 5342 quis
2669 5257 2945 5321 examini
2985 5258 3301 5323 seniorum
3335 5278 3408 5321 ac
3443 5259 3846 5341 superiorum
3881 5279 3986 5321 su-
