4359 6267
1049 520 1464 567 COLLATtoNL'n
1507 522 1591 566 SS.
1626 521 1869 566 PATRUM
1909 521 2084 566 Lim-:R
2126 522 2187 565 11.
2233 540 2313 548 —
2354 521 2639 569 COLLATIO
2679 522 2827 567 xxlv

3365 500 3486 565 419

382 691 604 772 expeti
655 691 878 772 nequit
925 691 1064 753 sine
1113 691 1434 774 patientiae
1481 691 1880 754 detrimento
1915 691 1967 752 A
1998 692 2204 754 solum
2238 692 2551 766 voluntaS‚
2586 694 2695 754 sed
2724 700 2787 754 et
2818 692 3342 775 peregrinationis
3384 711 3487 755 ne-

381 789 658 852 Proinde
699 789 990 851 instituta
1019 798 1242 853 vestrae
1283 790 1579 871 regioniS,
1613 798 1674 852 et
1705 798 1886 852 terrm

381 888 596 958 istiuS‚
635 895 783 950 sunt
825 888 990 949 inter
1029 907 1094 949 se
1135 888 1343 969 primo
1385 889 1740 970 pensandaj.
1781 889 1886 951 de-

381 985 536 1049 inde
566 987 736 1048 vires
777 986 1112 1049 hominum
1145 988 1424 1049 collecta!
1454 1006 1530 1049 ex
1559 986 1696 1067 jugi
1736 986 1888 1048 assi-

377 1086 628 1147 duitate
659 1086 969 1147 virtutum
1009 1092 1118 1147 aut
1148 1086 1472 1159 vitiorum,
1507 1086 1888 1147 trutinanda}

377 1202 497 1244 seu
535 1184 957 1265 ponderandae
989 1192 1130 1245 sunt
1169 1183 1442 1245 invicem
1487 1184 1664 1245 lance
1691 1184 1881 1263 justa.

377 1282 543 1344 Nam
595 1282 736 1344 fieri
797 1290 1004 1364 potest
1056 1291 1124 1344 ut
1173 1282 1343 1363 quod
1402 1281 1644 1344 homini
1696 1282 1886 1343 unius

379 1379 666 1459 regionis
715 1381 986 1441 arduum
1047 1388 1156 1441 aut
1206 1379 1602 1460 impossibile
1659 1387 1884 1453 exstat,

377 1477 533 1539 aliis
581 1497 658 1539 ex
711 1477 1172 1539 consuetudine
1232 1478 1410 1558 quasi
1471 1477 1755 1537 naturale
1813 1495 1886 1538 ac

377 1577 576 1639 facile
609 1578 690 1639 sit
726 1598 741 1641 :
773 1579 1314 1660 quemadmodum
1347 1579 1882 1661 gentesquaedam

377 1676 724 1756 disjunctae
752 1677 975 1758 grandi
1006 1677 1370 1739 diversitate
1399 1685 1735 1751 terrarum,
1755 1696 1888 1738 sus-

379 1776 592 1837 tinent
623 1775 863 1857 absque
895 1775 1026 1838 ullo
1053 1775 1335 1858 corporis
1370 1783 1733 1856 tegumento
1765 1795 1890 1837 ma-

1996 792 2276 853 cessitaS.
2310 791 2515 864 Quum
2556 810 2705 873 ergo
2745 792 3123 874 intempesta
3166 798 3349 855 nocte
3390 810 3492 853 ve-

1997 890 2192 951 nisset
2253 892 2331 952 ad
2393 890 2727 972 praefatum
2790 910 3006 952 senem
3070 890 3266 953 frater
3325 890 3488 971 ejuS,

1999 1005 2223 1068 rogans
2258 996 2325 1050 ut
2356 1008 2581 1069 parum
2612 989 2942 1069 egrediens
2974 989 3222 1063 cellam,
3257 988 3493 1072 praebe-

1999 1094 2092 1148 ret
2133 1086 2255 1147 sibi
2298 1087 2607 1149 auxilium
2646 1088 2724 1149 ad
2766 1088 3225 1149 extrahendum
3263 1087 3491 1150 bovem

1999 1203 2191 1265 quem
2244 1184 2503 1247 deflevit
2555 1204 2737 1247 coeno
2794 1205 2933 1247 esse
2995 1184 3290 1259 infixum,
3343 1185 3493 1267 quia

2002 1300 2127 1343 non
2190 1284 2395 1363 potuit
2454 1283 2625 1345 solus
2684 1282 2914 1345 bovem
2971 1302 3233 1363 eruere3
3285 1284 3490 1347 eidem

1998 1379 2239 1441 diutius
2286 1381 2643 1443 obsecranti
2697 1382 3019 1463 respondit
3065 1382 3260 1445 abbas
3310 1383 3497 1465 Apol-

2001 1479 2060 1541 lo
2094 1496 2107 1540 :
2144 1478 2269 1541 Cur
2313 1498 2439 1541 non
2485 1480 2717 1560 rogasti
2761 1479 3021 1542 fratrem
3065 1488 3353 1543 nostrum
3394 1481 3495 1562 ju-

1999 1577 2267 1649 niorem,
2302 1578 2411 1658 qui
2460 1577 2575 1639 tibi
2628 1578 2691 1639 in
2742 1578 2843 1639 via
2894 1579 3157 1661 propius
3206 1596 3493 1642 occurre-

1997 1676 2328 1738 batZTunc
2358 1694 2697 1757 germanus
2721 1676 3032 1759 Apollinis
3062 1684 3291 1759 putans
3321 1679 3491 1759 quod

1997 1780 2164 1837 esset
2206 1774 2443 1837 oblitus
2494 1783 2761 1837 mortem
2814 1775 3024 1863 fratris
3074 1776 3170 1837 sui
3216 1775 3491 1856 junioris

375 1892 575 1954 gnam
607 1873 738 1935 vim
782 1873 1036 1955 frigoris
1070 1882 1178 1935 aut
1208 1874 1359 1936 solis
1397 1873 1710 1947 ardorem,
1743 1893 1884 1955 qua>
1920 1874 1968 1936 B
1999 1873 2108 1935 diu
2140 1874 2580 1955 sepulti,quod
2613 1872 2765 1935 item
2798 1874 3003 1956 impos
3034 1882 3201 1937 esset
3232 1874 3493 1936 rationis

377 1972 493 2033 alii
534 1972 726 2033 talem
768 1972 1217 2053 intemperiem
1258 1989 1383 2033 non
1418 1972 1685 2053 experti,
1721 1971 1884 2034 ferre

377 2089 514 2132 non
553 2072 788 2144 valent,
822 2077 1412 2151 quantumcumque
1453 2069 1696 2133 robusti
1735 2072 1879 2131 sint.

376 2169 474 2230 lta
516 2176 579 2230 et
623 2185 757 2241 VOS,
802 2168 910 2249 qui
962 2185 1216 2230 summo
1263 2175 1491 2230 conatu
1545 2170 1774 2230 mentis
1823 2177 1882 2229 et

377 2267 670 2349 corporis
710 2266 996 2328 nitimini
1039 2266 1103 2327 in
1147 2267 1264 2328 hac
1305 2273 1472 2328 terra
1513 2267 1884 2348 impugnare

378 2373 444 2427 et
477 2366 736 2427 vincere
769 2373 1060 2426 naturam
1101 2364 1320 2446 patriae
1348 2371 1594 2438 vestrae,
1630 2364 1694 2426 in
1727 2366 1886 2426 mul-

378 2465 466 2526 tis
517 2463 857 2545 diligenter
903 2463 1210 2525 attendite
1254 2483 1334 2525 an
1385 2463 1698 2525 sustinere
1749 2482 1887 2545 pos-

377 2563 527 2626 sitis
575 2563 740 2624 hanc
791 2562 1147 2625 nuditatem
1194 2570 1256 2623 et
1305 2561 1767 2643 rigorositatcm
1819 2563 1883 2624 in

377 2660 754 2741 regionibus
786 2660 1013 2722 vestris
1035 2660 1135 2740 (ut
1163 2658 1334 2721 fama
1363 2659 1486 2739 est)
1513 2660 1799 2740 torpidiS,
1825 2668 1886 2722 et

376 2760 566 2841 quasi
607 2758 968 2821 constrictis
1009 2757 1245 2839 frigore
1289 2758 1502 2821 nimiae
1545 2758 1885 2822 infidelita-

375 2858 486 2920 tis.
541 2858 904 2939 Antiquitas
955 2876 1230 2939 namque
1278 2865 1510 2920 sanctae
1560 2874 1887 2919 conversa-

375 2956 578 3019 tionis
609 2955 983 3018 naturaliter
1013 2957 1480 3037 quodammodo
1511 2955 1740 3017 indidit
1770 2956 1889 3018 l'or-

1998 1991 2074 2033 ex
2124 1972 2325 2033 nimia
2374 1971 2759 2034 abstinentia
2800 1981 2862 2035 et
2905 1974 3246 2035 solitudine
3297 1973 3495 2055 longi-

1998 2078 2205 2143 turna,
2258 2070 2585 2151 respondit
2637 2088 2651 2131 ε
2704 2070 3025 2143 Quomodo
3076 2070 3251 2152 potui
3311 2072 3494 2133 illum

2000 2186 2239 2249 rogare,
2284 2169 2393 2249 qui
2438 2167 2599 2231 obiit
2639 2176 2785 2232 ante
2834 2168 3200 2250 quindecim
3250 2174 3496 2232 annos?

1997 2267 2088 2328 Ad
2140 2267 2310 2347 quod
2360 2268 2585 2349 Apollo
2627 2285 2641 2328 ε
2685 2268 2960 2347 IgnoraS,
3006 2267 3236 2349 inquit,
3282 2277 3345 2347 et
3392 2287 3495 2329 me

1997 2364 2197 2425 fuisse
2254 2364 2627 2426 defunctum
2689 2365 2927 2427 mundo
2983 2384 3181 2427 annos
3241 2366 3491 2446 viginti,

1997 2482 2114 2524 nec
2155 2480 2341 2544 posse
2391 2483 2490 2525 me
2534 2464 2648 2525 tibi
2695 2464 2981 2526 conferre
3022 2464 3242 2526 solatia
3282 2463 3495 2545 aliqua

1996 2562 2073 2623 ad
2116 2580 2190 2622 ea
2229 2580 2371 2642 quae
2416 2570 2807 2624 concernunt
2850 2563 3044 2625 vitam
3090 2570 3490 2644 praesentem,

1997 2660 2379 2741 egrediendo
2409 2660 2602 2741 hujus
2642 2661 2817 2723 cellae
2848 2662 3251 2743 sepulcrum3
3293 2680 3491 2742 quum

1999 2760 2286 2822 Christus
2327 2778 2454 2823 non
2495 2760 2820 2841 permittat
2850 2780 2953 2822 me
2985 2760 3248 2822 relaxari
3282 2760 3363 2822 ab
3392 2761 3496 2823 ad-

2001 2858 2371 2940 impletione
2416 2858 2927 2922 mortificationis
2970 2866 3235 2940 arreptae
3274 2860 3350 2921 ad
3394 2878 3497 2920 ex·

2000 2958 2378 3019 trahendum
2424 2957 2652 3019 bovem
2691 2965 2897 3031 tuum,
2934 2958 2997 3019 in
3040 2964 3285 3018 tantum
3327 2958 3495 3039 quod

377 3056 726 3119 titudinem
768 3054 962 3135 hujus
994 3054 1301 3137 propositi
1343 3054 1526 3118 nobis
1563 3071 1576 3116 ε
1612 3073 1885 3136 quorum
1921 3054 1962 3116 C
2000 3074 2122 3118 non
2186 3055 2498 3118 concessit
2550 3056 2866 3137 discipulo
2924 3056 3333 3119 brevissimas
3382 3075 3497 3138 pro

376 3154 754 3217 constantiae
797 3172 871 3215 ac
912 3154 1132 3215 virtuti
1177 3153 1230 3215 si
1270 3151 1500 3215 videtis
1545 3171 1657 3216 vos
1703 3172 1886 3235 pares

377 3253 713 3326 exsistere,
749 3252 968 3333 fugere
1007 3252 1304 3315 similiter
1342 3269 1468 3314 non
1509 3252 1754 3315 debetis
1795 3252 1885 3314 vi-

379 3350 622 3413 ciniam
674 3358 1010 3433 parentum
1063 3370 1136 3412 ac
1190 3350 1457 3412 fratrum
1505 3358 1880 3413 vestrorum.

792 3578 1296 3643 CAPITULUM
1360 3579 1480 3641 IX.

383 3710 562 3779 Quod
607 3710 990 3781 possidentes
1053 3710 1582 3779 mortificationem
1643 3707 1886 3763 abbatis

460 3798 792 3869 Apollinis,
833 3798 1077 3869 possint
1119 3814 1239 3853 non
1306 3798 1514 3853 timere
1560 3803 1888 3869 parentum

455 3903 771 3943 metutam.

513 4040 714 4103 ORRO
766 4047 836 4101 ut
883 4058 1163 4121 congrua
1210 4039 1626 4101 aestimatione
1676 4037 1882 4100 metiri

533 4138 790 4221 possitis
821 4139 990 4202 vires
1019 4146 1260 4199 vestras
1296 4138 1373 4199 ad
1407 4145 1650 4199 certum
1683 4136 1888 4198 distri·

1999 3162 2175 3235 patre
2226 3172 2341 3217 suo
2392 3154 2757 3236 sepeliendo
2806 3154 3115 3228 induciaS‚
3160 3174 3359 3236 quum
3412 3163 3496 3217 ta-

2000 3271 2146 3314 men
2198 3252 2488 3333 sepelitio
2533 3253 2643 3314 illa
2683 3252 2911 3314 fuisset
2955 3252 3156 3316 multo
3202 3253 3493 3327 celeriuS,

2000 3352 2328 3414 honestius
2373 3352 2860 3434 religiosiusque
2902 3353 3185 3433 agenda?

2079 3450 2260 3513 Nunc
2295 3469 2445 3531 ergo
2478 3450 2776 3513 discutite
2812 3457 3053 3513 secreta
3086 3452 3357 3532 pectoris
3394 3472 3496 3515 ve-

1999 3547 2136 3621 stri,
2171 3556 2235 3610 et
2266 3550 2612 3630 prudenter
2641 3556 2903 3631 pensate
2935 3568 3015 3611 an
3048 3550 3304 3631 possitis
3332 3550 3496 3631 jugi-

1999 3655 2095 3708 ter
2137 3646 2411 3708 retinere
2456 3646 2625 3708 circa
2666 3655 2960 3729 parentes
3002 3655 3062 3709 et
3103 3648 3495 3730 propinquos

2000 3752 2242 3807 vestros
2275 3745 2464 3806 talem
2496 3744 2978 3807 districtionem.
2998 3746 3332 3827 Quumque
3362 3764 3499 3807 sen-

1999 3843 2209 3905 seritis
2260 3860 2372 3904 vos
2424 3842 2664 3905 similes
2720 3842 2853 3905 seni
2905 3843 3165 3925 praefato
3216 3845 3281 3905 in
3335 3862 3497 3905 mor-

2001 3940 2351 4002 tificatione
2402 3940 2794 4021 hujusmodi,
2848 3948 3001 4003 tunc
3051 3942 3274 4005 scitote
3329 3942 3498 4023 quod

2003 4046 2336 4121 parentum
2379 4037 2615 4099 vicinia
2664 4056 2791 4101 non
2840 4038 3047 4100 oberit
3085 4038 3302 4118 vobis3
3344 4041 3495 4101 dum

2001 4135 2250 4198 sentitis
2286 4153 2397 4197 vos
2442 4143 2723 4198 mortuos
2758 4154 2897 4198 esse
2933 4137 3059 4198 illis
3098 4137 3391 4218 quamvis
3431 4137 3495 4199 in

379 4237 616 4300 ctionis
661 4256 773 4298 seu
815 4236 1218 4299 discretionis
1261 4254 1548 4309 examen,
1593 4234 1889 4297 indicabo
1919 4240 1967 4300 D
2000 4234 2292 4316 proximo
2331 4234 2712 4306 constitutis,
2752 4234 2838 4296 ita
2877 4241 2945 4295 ut
2986 4253 3102 4295 nec
3144 4234 3285 4297 illos
3324 4234 3496 4299 fove-

380 4335 668 4397 breviter
705 4335 890 4397 vobis
933 4334 1172 4396 factum
1220 4334 1554 4414 cujusdam
1598 4334 1789 4407 seniS‚
1825 4333 1886 4395 id

381 4442 485 4496 est
541 4433 792 4495 abbatis
851 4432 1162 4515 Apollinis
1227 4453 1240 4497 :
1301 4440 1614 4515 quatenus
1677 4433 1729 4494 si
1795 4432 1887 4494 in-

385 4532 625 4594 timum
685 4532 893 4595 cordis
945 4531 1138 4593 vestri
1194 4549 1460 4593 examen
1515 4529 1890 4594 indicaverit

385 4648 506 4693 vos
549 4648 682 4693 non
720 4648 860 4691 esse
904 4628 1236 4691 inferiores
1279 4629 1499 4691 virtuti
1546 4629 1892 4711 proposito-

383 4748 516 4812 que
565 4728 762 4803 illius,
817 4728 1214 4809 praesumatis
1272 4726 1729 4790 habitationem
1788 4747 1892 4809 pa·

382 4828 530 4890 triae
558 4834 786 4890 vestrae
815 4825 1249 4908 viciniamque
1282 4834 1616 4908 parentum
1651 4825 1892 4908 absque

385 4925 683 5009 periculo
723 4933 786 4987 et
821 4924 1068 5005 jactura
1106 4925 1300 4987 vestri
1340 4924 1700 5007 profectus3
1738 4924 1890 4985 certi

389 5025 566 5107 quod
611 5022 1056 5105 propinquitas
1096 5030 1529 5104 cognatorum,
1561 5021 1893 5084 amoenitas

389 5140 650 5205 quoque
691 5121 996 5195 locorum,
1034 5139 1162 5183 non
1203 5121 1447 5203 possint
1487 5139 1784 5202 superare
1829 5119 1892 5180 in

389 5220 576 5285 vobis
607 5219 1026 5281 humilitatem
1051 5220 1464 5281 districtionis
1496 5219 1680 5281 istius
1710 5238 1896 5299 quam

389 5322 458 5383 in
514 5318 847 5402 provincia
903 5319 1023 5381 ista
1072 5326 1405 5399 extorquet
1451 5338 1485 5379 a
1535 5317 1717 5380 vobis
1767 5334 1893 5379 non

1998 4331 2118 4394 atis
2169 4331 2399 4394 vestris
2456 4331 2719 4405 solatiiS,
2774 4351 2890 4395 nec
2948 4332 3330 4413 permittatis
3381 4351 3494 4396 vos

2001 4431 2267 4494 relaxari
2312 4430 2565 4493 illorum
2611 4429 2954 4513 obsequiis.

2421 4658 2924 4721 CAPITULUM
2986 4658 3072 4721 X.

2003 4791 2439 4860 Inter-rogatio,
2471 4806 2551 4845 an
2592 4789 2750 4845 obsit
2780 4790 3087 4854 monacho,
3118 4791 3279 4863 quod
3305 4807 3500 4846 neces-

2073 4881 2250 4934 saria
2287 4880 2433 4935 vitoe
2473 4880 2902 4935 ministrentur
2940 4880 2999 4935 ei
3038 4897 3078 4936 a
3116 4880 3245 4935 suis
3276 4896 3501 4952 paren-

2077 4968 2259 5024 tibus.

2139 5120 2500 5181 ERMANUS
2536 5137 2550 5180 :
2586 5119 2721 5181 Non
2753 5118 3066 5200 reliquisti
3098 5119 3378 5200 aliquem
3412 5120 3498 5182 lo-

2157 5236 2304 5279 cum
2335 5216 2733 5296 ambiguitati
2767 5216 2832 5278 in
2863 5217 2981 5278 hae
3013 5234 3098 5278 re.
3127 5216 3291 5279 Certi
3323 5218 3495 5279 enim

2009 5336 2231 5379 sumus
2280 5333 2395 5378 nos
2444 5315 2805 5377 nullatenus
2855 5333 3039 5397 posse
3085 5315 3148 5377 in
3200 5314 3310 5377 illa
3356 5334 3496 5399 pro-
