4359 6267
891 493 1008 559 126

1765 512 1844 558 DE
1885 511 2214 558 INSTITUTIS
2259 512 2342 557 SS.
2378 512 2640 558 PATRUM.
2685 529 2766 539 —
2805 510 2980 557 LIBER
3022 510 3109 556 xn

889 681 1090 763 ipsius
1138 681 1527 763 perniciosos
1572 690 1761 744 aestus
1804 698 1877 743 ac
1919 679 2140 743 noxios
2187 680 2383 761 impe·
2410 677 2463 740 A
2493 678 2771 741 deterius
2823 686 2939 753 est,
2993 678 3310 761 promittit
3357 678 3482 741 sibi
3527 679 3722 740 etiam
3773 676 3988 760 perfe-

886 788 1012 854 tuS,
1074 799 1274 861 quum
1334 780 1467 861 jam
1522 780 1738 842 animo
1796 778 2212 857 dominatur3
2273 777 2382 839 sed

887 897 1088 959 quum
1126 885 1537 959 agnoscentes
1573 877 2043 960 dispositiones,
2085 884 2148 939 et
2187 883 2258 937 ut
2298 876 2384 937 ita

886 976 1181 1049 dixerim,
1236 976 1435 1037 lineas
1484 976 1625 1057 ejus
1674 975 2124 1057 praecedenteS,
2177 974 2385 1036 discu-

887 1073 1083 1137 timus
1123 1092 1270 1136 eum
1312 1074 1708 1137 discussione
1749 1074 2012 1155 provida
2045 1092 2119 1136 ac
2150 1073 2377 1154 sagaci.

886 1174 1002 1235 Per
1032 1180 1275 1235 motum
1306 1173 1479 1235 enim
1512 1172 1843 1235 exterioris
1881 1172 2182 1246 hominiS,
2217 1172 2384 1233 sicut

888 1271 1321 1353 praediximuS,
1375 1271 1733 1353 agnoscitur
1780 1278 1981 1333 status
2037 1270 2376 1332 interioris

887 1369 996 1431 His
1036 1388 1185 1451 ergo
1227 1370 1481 1431 indiciis
1520 1369 1789 1431 carnalis
1838 1368 2139 1450 superbia
2176 1369 2383 1430 nosci-

888 1475 993 1528 tur
1025 1485 1038 1529 :
1074 1468 1354 1549 primum
1402 1467 1467 1529 in
1510 1467 1761 1548 loquela
1799 1466 1941 1547 ejus
1985 1474 2081 1528 est
2119 1465 2379 1542 clamor,

888 1566 953 1627 in
994 1566 1249 1628 silentio
1285 1567 1425 1646 ejus
1464 1566 1840 1639 amaritudo,
1875 1565 1941 1627 in
1982 1564 2201 1626 laetitia
2243 1564 2383 1646 ejus

888 1664 1052 1752 altus
1110 1663 1484 1744 effususque
1543 1664 1710 1725 risus
1770 1662 2261 1740 irrationabilis3
2315 1662 2381 1723 in

888 1762 1179 1825 serietate
1238 1781 1352 1824 sua
1409 1760 1598 1823 habet
1650 1761 1997 1834 tristitiam,
2051 1760 2115 1822 in
2173 1779 2382 1841 repre-

2491 776 2770 840 ctionem
2800 796 2877 840 ex
2909 778 3030 840 hoc
3061 778 3203 860 ipso
3242 795 3360 840 suo
3397 776 3752 839 miserabili
3789 784 3983 839 statu.

2826 1003 3331 1067 CAPITULUM
3393 1004 3646 1069 XXIX.

2578 1124 2879 1193 Quomodo
2905 1125 3210 1197 possimus
3247 1124 3596 1195 superbiam
3629 1126 3894 1190 vincere,

2780 1214 2876 1269 vel
2902 1214 2985 1269 ad
3003 1213 3436 1286 perfectionem
3461 1214 3686 1271 venire.

2639 1364 2766 1429 INC
2798 1365 2850 1427 si
2893 1363 3144 1447 fastigia
3183 1366 3535 1448 spiritualis
3573 1365 3836 1429 aedificii
3875 1384 3987 1429 no-

2650 1463 2762 1524 stri
2789 1462 3078 1525 volumus
3108 1482 3486 1545 consurgere
3513 1466 3639 1528 Deo
3669 1465 3987 1546 placentia

2489 1579 2563 1622 ac
2593 1560 2896 1643 perfecta,
2930 1561 3307 1624 festinemus
3338 1580 3574 1644 ponere
3614 1561 3990 1626 fundamen-

2491 1666 2554 1721 ta
2601 1659 2741 1740 ejus
2791 1678 2917 1723 non
2967 1661 3320 1722 secundum
3370 1660 3658 1723 libidinis
3698 1662 3989 1724 volunta—

2491 1765 2644 1831 tem,
2697 1759 2808 1820 sed
2858 1759 3211 1821 secundum
3258 1758 3674 1822 districtionis
3722 1778 3990 1840 evange-

887 1860 1193 1923 hensione
1260 1876 1611 1932 rancorem,
1681 1858 1888 1921 facilis
1957 1859 2034 1920 ad
2103 1857 2379 1940 loquen-
2417 1859 2464 1921 B
2495 1855 2634 1917 licae
2692 1855 3120 1937 disciplinam.
3175 1856 3323 1929 Quae
3381 1856 3798 1919 fundamenta
3853 1876 3992 1919 esse

887 1959 1040 2020 dum
1078 1956 1272 2019 verba
1306 1958 1543 2039 passim
1583 1956 1984 2038 erumpentia
2026 1956 2164 2018 sine
2205 1957 2380 2017 omni

882 2054 1209 2137 gravitatis
1258 2054 1565 2117 decentia.
1612 2054 1850 2135 Expers
1894 2061 1990 2115 est
2036 2052 2378 2135 patientiae,

886 2154 1165 2215 caritatis
1204 2152 1428 2224 aliena,
1462 2153 1665 2214 audax
1710 2153 1787 2214 ad
1838 2152 2256 2214 contumelias
2303 2150 2384 2211 ir-

838 2238 1214 2332 'rogandas,
1268 2251 1345 2311 ad
1396 2249 1748 2311 tolerandas
1800 2249 2253 2331 pusillanimiS,
2305 2249 2382 2311 ad

885 2348 1313 2412 obediendum
1356 2348 1668 2421 difficilis,
1702 2348 1828 2409 nisi
1873 2348 1937 2408 in
1980 2347 2082 2409 his
2120 2347 2200 2409 ad
2242 2366 2384 2429 quae

886 2466 964 2509 ex
1004 2465 1070 2509 se
1112 2447 1249 2527 ipsa
1279 2446 1577 2526 primitus
1622 2444 1993 2523 inclinatur3
2034 2445 2112 2507 ad
2155 2444 2383 2525 recipi-

886 2545 1113 2607 endam
1174 2544 1675 2606 exhortationem
1730 2544 2107 2617 tardissima,
2161 2543 2239 2604 ad
2289 2562 2383 2605 re-

887 2643 1189 2706 secandas
1234 2641 1522 2724 proprias
1567 2641 1922 2704 voluntates
1977 2641 2256 2713 infirma,
2305 2641 2383 2702 ad

888 2741 1241 2804 cedendum
1280 2746 1390 2802 aut
1420 2739 1968 2802 succumbendum
2007 2739 2235 2802 alienis
2274 2740 2385 2801 du-

886 2840 1157 2901 rissima.
1195 2839 1457 2919 Semper
1487 2856 1742 2919 quoque
1773 2844 2036 2899 conatur
2064 2856 2211 2899 suas
2243 2856 2382 2899 sen-

886 2938 1116 3000 tentias
1175 2944 1450 2999 statuere
1503 2954 1576 2997 ac
1624 2935 1906 3008 firmare,
1958 2935 2185 2997 alienis
2233 2953 2384 2997 vero

2494 1970 2621 2015 non
2680 1962 2947 2034 possunt
3001 1954 3146 2028 alia,
3201 1954 3326 2016 nisi
3383 1955 3578 2018 timor
3630 1956 3743 2018 Dei
3802 1964 3993 2038 atque

2492 2051 2843 2123 humilitaS,
2886 2070 3028 2132 quae
3071 2070 3148 2113 ex
3202 2053 3690 2116 mansuetudine
3734 2061 3798 2116 et
3839 2054 3992 2116 sim-

2492 2149 2775 2231 plicitate
2821 2150 3027 2212 cordis
3071 2151 3418 2213 descendit.
3457 2151 3798 2215 Humilitas
3841 2170 3994 2215 vero

2493 2248 2558 2308 in
2591 2247 2885 2328 religioso
2915 2266 3318 2330 nequaquam
3349 2249 3582 2331 poterit
3610 2251 3856 2332 absque
3885 2272 3996 2312 nu—

2492 2345 2686 2407 ditate
2727 2364 2839 2407 seu
2887 2353 3258 2427 paupertate
3302 2347 3568 2428 acquiri.
3604 2348 3753 2420 Quae
3793 2349 3846 2411 si
3888 2350 3992 2411 de-

2491 2444 2595 2518 sit,
2629 2445 3020 2525 apprehendi
3053 2462 3177 2508 non
3212 2446 3445 2527 poterit
3475 2446 3856 2511 obedientiae
3885 2448 3995 2511 bo·

2491 2561 2670 2615 num,
2722 2561 2840 2604 nec
2890 2542 3212 2624 patientiae
3263 2543 3477 2617 robur,
3529 2563 3648 2607 nec
3699 2546 3994 2609 mititatis

2493 2639 2940 2722 tranquillitas,
2984 2660 3102 2702 nec
3147 2643 3613 2706 consummatio
3655 2644 3938 2706 caritatis
3974 2665 3988 2708 :

2491 2739 2628 2800 sine
2669 2738 2904 2821 quibus
2933 2758 3054 2811 ,cor
3082 2748 3371 2802 nostrum
3411 2761 3822 2823 nequaquam
3851 2762 3992 2805 esse

2492 2838 2724 2918 poterit
2767 2837 3204 2899 habitaculum
3251 2839 3525 2920 Spiritus
3569 2839 3807 2914 Sancti,
3850 2859 3995 2924 pro-

2492 2942 2760 2997 testante
2807 2936 3077 2998 Domino
3126 2956 3242 3018 per
3289 2938 3663 3019 Prophetam
3719 2958 3734 3002 :
3787 2939 3994 3021 Super
4023 2966 4082 3011 12.
4107 2979 4202 3015 tm.
4221 2968 4250 3007 ε.

886 3035 1134 3098 deferre
1174 3042 1236 3097 et
1265 3034 1623 3096 consentire
1664 3052 1788 3096 non
1830 3034 2179 3114 acquiescit
2215 3051 2228 3095 :
2263 3033 2380 3095 sic-
2416 3032 2459 3095 C
2493 3052 2683 3114 quem
2714 3034 3070 3115 requiescet
3101 3035 3374 3116 Spiritus
3406 3054 3609 3110 meus,
3644 3036 3769 3099 nisi
3800 3056 3996 3119 super

888 3152 1012 3216 que
1060 3131 1159 3207 fit,
1203 3139 1273 3193 ut
1316 3132 1581 3212 incapax
1630 3126 1863 3193 effecta
1911 3131 2184 3194 salubris
2235 3149 2380 3194 con-

888 3230 1041 3304 silii,
1076 3229 1277 3310 magis
1322 3230 1535 3292 credat
1578 3229 1643 3291 in
1688 3229 1987 3291 omnibus
2031 3247 2147 3292 suo
2189 3249 2381 3312 quam

890 3328 1214 3392 seniorum
1254 3327 1518 3409 judicio.

1196 3553 1699 3617 CAPITULUM
1761 3553 2079 3617 XXVIII.

947 3674 1119 3745 Quod
1147 3675 1479 3747 tepefactus
1506 3675 1647 3748 quis
1667 3691 1783 3747 per
1810 3675 2161 3747 superbiam
2190 3676 2338 3732 aliis

1249 3780 1483 3838 quoque
1518 3765 1729 3836 cupiat
1746 3780 2027 3837 proeesse.

1018 3918 1359 3981 RAEFATIS
1398 3918 1610 3999 itaque
1650 3916 2072 4000 pravitatibus
2111 3916 2256 3999 quis
2295 3936 2389 3980 se-

1047 4016 1172 4079 mel
1222 4034 1551 4098 possessus
1598 4024 1787 4099 atque
1834 4014 2146 4098 gradatim
2193 4016 2389 4078 abdu-

892 4123 1054 4190 ctus,
1070 4113 1477 4197 disciplinam
1509 4114 1785 4178 coenobii
1815 4114 1945 4195 jam
1978 4114 2309 4189 horrescit,
2328 4121 2392 4176 et

2493 3131 2782 3212 quietum
2822 3139 2886 3193 et
2915 3132 3250 3207 humilem,
3283 3141 3346 3195 et
3379 3141 3760 3196 trementem
3801 3135 3996 3197 verba

2495 3232 2678 3291 mea?
2719 3229 2854 3303 Vel,
2903 3237 2972 3291 ut
3017 3230 3256 3293 habent
3300 3232 3690 3313 exemplaria
3739 3233 3999 3296 Hebrai-

2495 3346 2633 3389 cam
2679 3327 3009 3390 veritatem
3060 3330 3418 3410 promentia
3459 3348 3474 3392 :
3515 3329 3610 3392 Ad
3653 3350 3848 3412 quem
3899 3351 3996 3394 re-

2495 3425 2784 3507 spiciam,
2835 3426 2960 3487 nisi
3009 3427 3089 3488 ad
3138 3428 3600 3509 pauperculum
3649 3436 3713 3491 et
3765 3431 4000 3492 contri-

2498 3532 2632 3587 tum
2673 3524 2927 3606 spiritu,
2960 3532 3024 3586 et
3062 3533 3440 3588 trementem
3479 3526 3674 3590 verba
3716 3532 3914 3590 mea?

2855 3754 3359 3818 CAPITULUM
3419 3754 3638 3818 XXX.

2500 3884 2798 3954 Quomodo
2849 3884 3228 3941 destructrioe
3268 3885 3534 3941 omnium
3571 3885 3868 3942 virtutum
3903 3904 4004 3944 sw-

2563 3974 2789 4047 perbia
2820 3974 3019 4046 possit
3053 3989 3171 4046 per
3209 3989 3412 4030 veram
3448 3974 3854 4033 humilitatem
3889 3994 4006 4034 ex·

2570 4062 2825 4134 stinyui.

891 4213 1072 4298 quasi
1098 4232 1135 4277 a
1159 4212 1548 4296 perfectione
1581 4212 1966 4295 impediatur
1993 4231 2071 4274 ex
2100 4212 2388 4275 Fratrum
2422 4218 2471 4279 D
2639 4212 2942 4276 THLETA
2991 4212 3185 4294 igitur
3231 4212 3486 4288 Christi,
3535 4212 3648 4294 qui
3706 4212 4006 4295 spiritua-

870 4312 1233 4387 ·consortio‚
1260 4311 1657 4393 aliorumque
1689 4310 1846 4374 vitio
1874 4329 1947 4373 ac
1978 4310 2393 4392 impedimen-

894 4418 959 4473 to
1016 4410 1371 4473 retrahatur
1416 4428 1453 4471 a
1510 4408 1831 4491 patientias
1888 4416 1952 4471 et
2009 4408 2392 4471 humilitatis

898 4507 1209 4590 profectu,
1242 4507 1556 4570 desiderat
1597 4506 2053 4569 habitationem
2097 4506 2393 4570 solitariae

900 4606 1112 4685 cellae;
1153 4612 1263 4668 aut
1306 4611 1476 4667 certe
1519 4605 1975 4667 monasterium
2023 4606 2204 4687 cupit
2246 4622 2393 4668 con-

900 4713 1167 4779 struere,
1211 4703 1395 4785 quasi
1440 4703 1598 4765 alios
1648 4702 1960 4784 plurimos
2010 4704 2391 4777 lucraturuS,

899 4810 966 4865 et
1003 4819 1382 4883 congregare
1420 4800 1677 4863 festinat
1721 4818 1881 4883 quos
1922 4801 2147 4865 docere
2187 4821 2261 4866 ac
2301 4802 2395 4863 in-

901 4908 1145 4963 struere
1188 4898 1459 4962 debeat:
1494 4916 1571 4960 ex
1615 4897 1932 4979 discipulo
1976 4917 2252 4981 nequam
2295 4900 2396 4961 de-

902 4996 1254 5062 testabilior
1284 4995 1583 5077 magister
1610 4995 1899 5057 effectuS.
1921 4996 2084 5058 Dum
2112 4998 2288 5059 enim
2318 5017 2394 5060 ex

902 5094 1273 5177 hujusmodi
1330 5094 1603 5157 elatione
1656 5093 1720 5154 in
1778 5093 2396 5175 perniciosissimum

904 5194 1295 5275 noxiumque
1338 5200 1623 5275 teporem
1666 5192 1995 5267 corruerit,
2031 5192 2120 5256 ita
2160 5200 2233 5255 ut
2276 5212 2395 5257 nec

902 5310 1091 5355 verus
1130 5292 1213 5355 sit
1250 5290 1621 5365 monachus,
1656 5308 1774 5353 nec
1815 5292 2135 5356 saecularis
2170 5312 2184 5357 ε
2221 5294 2390 5376 quod

2661 4312 2786 4374 lem
2824 4329 3090 4393 agonem
3129 4312 3412 4393 legitime
3453 4319 3724 4388 certans,
3755 4311 3940 4394 cupit
3965 4331 4006 4375 a

2502 4410 2772 4475 Domino
2821 4410 3132 4485 coronari,
3176 4410 3542 4474 omnimode
3592 4410 3854 4474 festinet
3892 4429 4004 4473 ex-

2503 4510 2826 4591 stinguere
2869 4508 3334 4572 ferocissimam
3364 4508 3636 4571 bestiam
3677 4509 3866 4573 istam
3904 4530 4009 4573 su-

2505 4607 2765 4689 perbiae,
2815 4614 3119 4689 tanquam
3178 4606 3468 4671 omnium
3523 4607 3840 4670 virtutum
3895 4608 4004 4672 de-

2506 4706 2883 4768 voratricem
2931 4724 2945 4768 :
3001 4712 3212 4767 certus
3261 4705 3432 4787 quod
3481 4704 3536 4767 si
3582 4704 3724 4787 ipsa
3771 4706 3840 4768 in
3887 4724 4008 4769 suo

2505 4810 2761 4886 pectore
2811 4811 3262 4877 commoretur,
3315 4820 3444 4865 non
3495 4804 3704 4866 solum
3753 4804 4007 4867 cunctis

2503 4901 2680 4965 vitiis
2725 4919 2939 4964 carere
2987 4918 3114 4964 non
3164 4901 3387 4984 possit,
3430 4919 3656 4964 verum
3703 4901 3900 4965 etiam
3949 4902 4006 4965 si

2505 4999 2660 5082 quid
2702 4998 2960 5061 virtutis
3007 4998 3256 5073 habeat,
3299 4999 3440 5079 ejus
3485 5016 3733 5062 veneno
3783 4999 4006 5081 deper-

2505 5104 2622 5160 eat.
2675 5096 2863 5160 Nullo
2921 5096 3094 5158 enim
3150 5096 3338 5160 modo
3397 5095 3630 5178 poterit
3686 5096 3757 5158 in
3815 5098 4006 5160 corde

2503 5201 2722 5259 nostro
2750 5194 3063 5257 virtutum
3092 5200 3410 5257 structura
3438 5211 3844 5276 consurgere,
3875 5194 4004 5257 nisi

2503 5293 2682 5377 prius
2722 5292 2893 5374 jacta
2930 5291 3171 5355 fuerint
3219 5291 3634 5355 fundamenta
3672 5310 3843 5357 verae
3883 5292 4003 5356 hu-
