4359 6267
1292 512 1371 557 DE
1414 511 1743 558 INSTITUTIS
1786 511 1873 557 SS.
1906 511 2167 557 rammi.
2213 528 2295 541 --
2333 512 2508 558 LIBER
2547 512 2588 558 X

3375 498 3490 564 101

378 698 578 761 quam
608 680 907 763 deinceps
938 700 1007 743 se
1031 681 1235 743 valeat
1258 682 1558 762 expedire
1582 688 1645 744 et
1669 688 1884 763 aptare
1914 680 1966 743 A
1998 680 2084 743 ita
2106 682 2312 744 edocti
2345 682 2488 757 sint,
2504 684 2614 745 sed
2644 685 2835 746 etiam
2869 684 3027 745 illud
3060 683 3488 767 impleverint,

378 779 461 839 ad
506 777 965 861 perfectionem
1010 779 1421 862 professionis
1464 779 1759 861 antiquas.

786 1033 1293 1097 CAPITULUM
1356 1032 1477 1095 VI.

474 1180 845 1237 Testimom'a
884 1179 1162 1253 Apostoli
1199 1186 1413 1237 contra
1444 1180 1792 1252 passionem

1011 1270 1257 1326 acediae.

514 1464 761 1528 EATUS
808 1464 1060 1539 PauluS,
1105 1473 1409 1546 tanquam
1458 1482 1646 1525 verus
1696 1462 1881 1545 spiri-

542 1562 859 1644 tualisque
909 1563 1219 1637 medicuS‚
1260 1562 1661 1644 conspiciens
1709 1561 1881 1622 hunc

377 1766 667 1841 tempore
711 1777 966 1840 serpere
1009 1765 1072 1820 et
1118 1759 1373 1831 intrare,
1416 1757 1518 1819 vel
1562 1756 1879 1819 revelante

1995 778 2213 842 dicens
2258 798 2272 842 :
2317 780 2633 843 «Etenim
2685 782 2894 845 facitis
2945 782 3192 857 illud»,
3245 803 3369 847 non
3422 784 3488 846 in

1996 896 2124 941 uno
2155 879 2257 941 vel
2298 878 2568 953 duobus,
2603 880 2713 941 sed
2746 901 2779 939 «
2811 880 2876 940 in
2916 897 3138 942 omnes
3172 880 3397 944 fratres
3429 903 3487 956 ι),

1996 994 2112 1037 nec
2152 983 2400 1039 tantum
2442 978 2507 1039 in
2538 985 2780 1040 vestros
2821 978 2993 1040 cives
3031 998 3104 1041 ac
3143 986 3346 1053 notOS,
3380 980 3491 1042 sed

1996 1096 2031 1133 «
2062 1075 2127 1136 in
2164 1075 2464 1138 universa
2501 1076 2862 1139 Macedonia
2891 1100 2946 1138 ».
2982 1077 3093 1138 Dic
3133 1077 3325 1159 igitur
3357 1086 3490 1141 tan-

1995 1174 2163 1247 dem,
2210 1174 2366 1256 quid
2417 1182 2513 1237 est
2560 1176 2729 1257 quod
2777 1182 3103 1263 tantopere
3153 1176 3288 1239 haec
3337 1196 3492 1259 prae-

1994 1270 2196 1333 mittis
2245 1289 2259 1333 :
2311 1273 2624 1353 Rogamus
2673 1274 2886 1355 itaque
2935 1291 3069 1348 VOS,
3124 1275 3369 1351 fratreS,
3420 1284 3490 1339 ut

1991 1367 2330 1431 abundetis
2371 1370 2616 1449 magist
2648 1371 2722 1431 Et
2763 1370 2868 1432 vix
2908 1370 3246 1453 aliquando
3284 1374 3490 1455 expri-

1994 1466 2110 1528 mit
2155 1467 2222 1531 id
2265 1468 2433 1549 quod
2479 1468 2866 1541 intendebat,
2913 1476 3131 1551 utpote
3170 1488 3184 1531 ε

2073 1568 2159 1626 E't
2194 1582 2456 1641 operam
2493 1568 2660 1625 detis
2698 1576 2772 1626 ut
2809 1570 3020 1645 quieti
3055 1571 3218 1630 sitis.
3256 1569 3486 1652 Sicque
3515 1594 3778 1649 1Thess.1v‚

376 1661 679 1724 morbum
710 1662 787 1723 de
816 1661 1051 1723 acediae
1082 1661 1309 1741 spiritu
1340 1666 1740 1722 emanantem
1769 1675 1883 1720 suo
1992 1680 2180 1724 causa
2233 1663 2440 1745 prima
2488 1682 2602 1725 cur
2652 1664 2759 1726 illa
2808 1668 3115 1747 praemisit
3163 1686 3480 1749 expressa,
3515 1660 3582 1700 ¹¹·

1992 1762 2188 1840 tangit
2240 1763 2605 1836 secundam,
2659 1764 2928 1827 dicendo
2971 1785 2984 1827 :
3025 1769 3114 1828 E't
3154 1776 3228 1827 ut
3271 1778 3484 1828 vestra

3552 1790 3740 1835 Ibidem.

377 1858 624 1939 Spiritu
657 1858 886 1919 Sancto
924 1856 1322 1938 prospiciens
1352 1863 1753 1929 eventurum,
1788 1853 1880 1916 fe·
1914 1854 1962 1916 B
1993 1861 2248 1935 περσεία
2278 1862 2509 1937 aqatis.
2536 1860 2886 1943 Subditque
2917 1864 3167 1925 tertiam
3193 1882 3206 1925 z
3231 1868 3320 1927 Et
3348 1885 3485 1943 ope-
3551 1886 3736 1933 laidem.

374 1956 641 2017 stinavit
686 1974 835 2017 eum
898 1974 1012 2037 per
1060 1954 1358 2017 salutaria
1415 1960 1876 2036 praeceptorum

375 2072 641 2116 suorum
688 2053 1112 2116 medicamina
1156 2052 1523 2134 praevenire.
1559 2050 1881 2113 Thessalo-

375 2151 749 2239 nicensibus
790 2151 965 2214 enim
1004 2150 1314 2224 scribenS,
1347 2158 1406 2212 et
1448 2149 1657 2232 primo
1699 2148 1877 2210 infir-

378 2252 669 2313 mitatem
700 2269 923 2313 eorum
957 2258 1255 2331 tanquam
1288 2248 1715 2331 peritissimus
1745 2268 1881 2331 per-

376 2347 715 2430 fectusque
764 2348 1052 2410 medicus
1112 2366 1228 2429 per
1275 2346 1467 2410 verba
1525 2346 1756 2408 blanda
1804 2365 1876 2410 ac

378 2446 487 2528 pia
536 2447 930 2520 demulcenS,
974 2453 1164 2527 atque
1215 2445 1292 2507 de
1344 2444 1602 2507 caritate
1652 2444 1877 2527 incipi-

376 2564 517 2619 enS,
558 2553 623 2608 et
672 2545 817 2607 illos
867 2544 944 2607 de
992 2564 1066 2606 ea
1116 2543 1503 2617 collaudans,
1545 2562 1877 2625 quousque

378 2643 565 2705 letale
610 2644 843 2705 vulnus
893 2642 1125 2705 acediae
1170 2642 1397 2704 leniori
1448 2641 1729 2705 remedio
1771 2642 1877 2704 de-

376 2740 639 2803 linitum
688 2750 750 2802 et
799 2746 1224 2813 attrectatum,
1267 2738 1519 2801 facilius
1570 2740 1877 2802 sustineat

377 2838 805 2901 medicamina
860 2836 1229 2911 austeriora,
1291 2837 1724 2918 indignatione
1783 2845 1878 2898 tu-

74 2950 343 3001 117¹oean
378 2936 577 2999 moris
608 2937 915 3019 deposita,
940 2937 1027 2997 ita
1056 2936 1145 2998 ait
1179 2954 1193 2998 :
1226 2939 1323 2997 De
1350 2937 1628 2996 caritate
1657 2946 1871 2996 autem

62 3018 107 3060 9.
134 3017 201 3056 to,

88 3745 213 3787 leid.
244 3748 313 3785 10.

1992 1958 2239 2017 remini
2265 1960 2566 2018 manibus
2597 1961 2844 2029 vestriS,
2867 1963 3034 2021 sicut
3055 1965 3486 2039 proecepimus

1990 2056 2204 2123 vobis,·
2240 2055 2468 2117 deinde
2511 2065 2573 2118 et
2612 2065 2900 2139 quartam
2936 2078 2950 2121 ε
2993 2062 3081 2120 Et
3119 2069 3193 2119 ut
3229 2062 3484 2121 honeste

1988 2154 2334 2213 ambuletis
2367 2157 2456 2213 ad
2485 2174 2586 2213 eos
2619 2157 2740 2233 qui
2767 2157 2938 2232 foris
2971 2166 3162 2225 sunt,·
3194 2157 3480 2239 quintam

1988 2267 2242 2331 quoque
2288 2267 2301 2311 :
2347 2253 2433 2312 Et
2477 2254 2730 2311 nullius
2778 2253 3040 2331 aliquid
3078 2256 3477 2316 desideretis.

1988 2346 2171 2421 Ecce,
2207 2347 2316 2410 illa
2346 2348 2664 2412 cunctatio
2703 2369 2816 2412 seu
2858 2369 3032 2413 mora
3069 2369 3193 2432 qua
3227 2351 3481 2414 dissere-

1988 2445 2094 2506 bat
2128 2445 2444 2508 intentum
2485 2447 2840 2528 exprimere
2881 2450 3321 2530 praemittendo
3351 2458 3481 2517 tam

1989 2543 2209 2619 multa,
2261 2544 2417 2626 quid
2475 2546 2816 2625 parturiret
2872 2545 2937 2607 in
2997 2555 3252 2629 pectore
3315 2547 3477 2629 ejuS,

1987 2642 2369 2722 agnoscitur.
2408 2664 2442 2701 ε(
2474 2643 2742 2724 Operam
2775 2666 2808 2703 »
2842 2644 3108 2725 (inquit)
3145 2667 3178 2704 <c
3209 2646 3371 2708 detis
3411 2655 3481 2707 ut

1987 2739 2188 2821 quieti
2249 2740 2476 2814 sitis»,
2531 2740 2593 2803 id
2652 2750 2768 2816 est,
2821 2742 2888 2803 in
2945 2744 3172 2805 vestris
3233 2743 3480 2806 cellulis

1988 2846 2454 2919 permanentes,
2501 2858 2580 2901 ne
2631 2839 2897 2920 inquieti
2947 2839 3164 2902 effecti
3213 2841 3482 2905 diversis

1990 2936 2354 2998 rumoribus
2397 2937 2510 3018 qui
2557 2938 2842 3017 generari
2887 2938 3091 3000 solent
3134 2940 3481 3002 otiosorum

370 3036 832 3111 fraternitatis
861 3054 991 3095 non
1027 3054 1275 3094 necesse
1303 3035 1608 3093 habemus
1643 3035 1875 3093 scribe·
1915 3034 1958 3097 C
1990 3034 2267 3114 peccatis
2317 3042 2426 3095 aut
2465 3034 2721 3108 fabuliS,
2766 3034 3052 3098 inferatis
3101 3037 3484 3119 inquietudi-

378 3152 453 3193 re
492 3134 707 3201 vobis,·
738 3134 867 3209 ipsi
903 3134 1077 3193 enim
1118 3153 1157 3191 a
1196 3135 1328 3193 Deo
1366 3132 1575 3192 edocti
1612 3133 1765 3191 estis
1802 3140 1877 3192 ut

375 3234 683 3309 diliyatis
711 3232 989 3291 invicem
1022 3251 1045 3289 .·
1074 3231 1313 3290 etenim
1340 3231 1568 3307 facitis
1598 3231 1773 3289 illud
1803 3232 1876 3289 in

374 3350 595 3390 omnes
621 3332 872 3405 fratres
902 3330 975 3388 in
1006 3330 1317 3389 universa
1343 3327 1879 3389 Macedom'a.Ec-

376 3446 451 3488 ce
482 3427 792 3509 praemisit
824 3426 988 3489 lenia
1018 3426 1223 3488 laudis
1254 3424 1555 3499 fomenta,
1592 3444 1705 3507 per
1734 3445 1877 3507 quae

376 3524 537 3587 fecit
573 3544 757 3587 aures
796 3524 1054 3587 illorum
1097 3523 1376 3604 placidas
1407 3542 1479 3585 ac
1512 3532 1757 3605 paratas
1797 3524 1876 3585 ad

376 3642 599 3685 curam
638 3622 819 3685 verbi
869 3621 1162 3685 salubriS.
1211 3622 1345 3695 Quo
1394 3620 1559 3684 facto
1608 3622 1874 3703 subjun-

370 3722 835 3802 git‚Roya·mus
863 3730 1082 3781 autem
1112 3741 1241 3790 vos,
1274 3722 1547 3797 fratres,
1571 3730 1645 3781 ut
1675 3723 1876 3781 abun-

374 3820 549 3879 detis
576 3820 807 3895 mayiS,
836 3818 1044 3880 adhuc
1083 3836 1191 3880 eos
1231 3818 1600 3881 demulcens
1644 3818 1876 3881 blanda

376 3916 639 3980 lenitate
688 3915 1051 3989 verborum,
1096 3934 1176 3977 ne
1224 3915 1387 3978 forte
1438 3915 1718 3978 inveniat
1766 3935 1873 3979 eos

374 4015 665 4078 nondum
703 4012 1044 4094 dispositos
1074 4012 1153 4075 ad
1184 4013 1655 4094 susceptionem
1697 4032 1873 4075 cura-

372 4114 570 4175 tionis
614 4111 929 4194 perfeetae.

1990 3150 2136 3193 nem
2187 3132 2380 3194 etiam
2440 3132 2602 3194 aliis.
2662 3154 2697 3191 α
2729 3133 2804 3193 Et
2853 3140 2921 3194 ut
2967 3142 3176 3196 vestra
3235 3138 3486 3217 negotia

1988 3230 2188 3309 agatis
2220 3251 2278 3303 ι),
2329 3230 2392 3292 id
2440 3238 2557 3305 est,
2599 3248 2726 3294 non
2770 3250 2931 3293 vana
2981 3232 3344 3296 curiositate
3393 3234 3485 3296 in-

1988 3328 2256 3408 quiratis
2289 3328 2453 3390 facta
2491 3328 2738 3403 mundi,
2774 3348 2891 3391 nec
2920 3330 3190 3393 aliorum
3223 3350 3483 3395 conver-

1988 3426 2298 3489 sationem
2349 3427 2714 3509 exploretis,
2759 3446 2878 3489 nec
2919 3428 3198 3492 actiones
3242 3438 3481 3494 vestras

1988 3523 2370 3606 impendatis
2431 3525 2509 3587 ad
2567 3526 2986 3588 detractiones
3038 3536 3100 3589 et
3149 3530 3483 3591 temeraria

1984 3622 2226 3704 judicia
2257 3623 2546 3698 fratrum,
2582 3625 2691 3687 sed
2722 3626 2800 3687 ad
2832 3626 3153 3706 propriam
3186 3629 3480 3690 correcti-

1988 3738 2175 3783 onem
2226 3722 2728 3803 exercitiumque
2767 3723 3099 3785 virtutum.
3147 3746 3182 3783 ε(
3213 3725 3289 3787 Et
3336 3744 3482 3809 ope-

1986 3819 2217 3880 remini
2255 3819 2548 3882 manibus
2579 3820 2829 3894 vestriS,
2864 3821 3030 3883 sicut
3059 3824 3479 3906 praecepimus

1987 3918 2188 3979 vobis.
2226 3940 2260 3976 ι)
2302 3918 2415 3979 Per
2457 3937 2598 3999 quae
2641 3918 2836 3980 verba
2883 3920 3165 3983 insinuat
3205 3940 3320 3983 cur
3367 3942 3478 3985 seu

1986 4034 2063 4076 ex
2104 4034 2231 4097 qua
2269 4015 2478 4077 radice
2520 4015 2770 4091 fierent,
2805 4035 2946 4098 quae
2985 4035 3110 4081 non
3151 4017 3296 4081 fieri
3335 4028 3480 4083 ante

1985 4113 2337 4187 admonuit,
2371 4112 2637 4189 scilicet,
2672 4134 2752 4177 ne
2799 4115 3066 4198 inquieti
3113 4126 3344 4193 essent,
3379 4118 3480 4181 vel

456 4210 621 4283 Quid
659 4218 754 4271 est
793 4210 962 4291 quod
1005 4227 1205 4291 rogaS,
1238 4209 1558 4293 Apostole‚
1596 4216 1667 4270 ut
1704 4210 1874 4272 scili·
1905 4222 1954 4283 D
1986 4211 2194 4273 aliena
2223 4219 2517 4273 curarent
2547 4214 2820 4294 negotia,
2855 4214 2956 4275 vel
2989 4215 3318 4280 inhoneste
3346 4236 3479 4279 am-

374 4316 479 4370 cet
538 4307 739 4387 magis
796 4306 1121 4369 abundent
1174 4308 1239 4369 in
1289 4308 1568 4380 caritate,
1621 4307 1699 4369 de
1749 4326 1875 4389 qua

374 4406 675 4489 superius
705 4404 955 4466 dixeras
989 4421 1003 4465 :
1041 4426 1075 4464 c<
1097 4405 1184 4466 De
1215 4405 1471 4483 caritate
1502 4412 1715 4467 autem
1752 4404 1873 4467 fra-

371 4504 693 4567 ternitatis
743 4520 869 4564 non
930 4520 1187 4565 necesse
1235 4502 1543 4565 habemus
1594 4503 1872 4566 scribere

372 4602 560 4665 vobis
592 4604 675 4663 »2
716 4600 793 4664 Et
822 4602 976 4682 quid
1016 4620 1275 4664 necesse
1316 4607 1413 4663 est
1444 4608 1512 4661 ut
1542 4600 1713 4663 dicas
1755 4602 1868 4676 eiS,

374 4724 413 4761 α
442 4702 759 4781 Rogamus
807 4706 1019 4761 autem
1070 4718 1181 4762 vos
1231 4708 1299 4762 ut
1347 4699 1687 4762 abundetis
1746 4720 1875 4762 ma-

366 4801 469 4882 gis
500 4822 559 4873 n,
591 4799 705 4880 qui
749 4797 1031 4861 nondum
1075 4798 1359 4880 indigent
1399 4807 1468 4860 ut
1497 4798 1740 4881 aliquid
1779 4799 1871 4862 eis

370 4900 523 4961 inde
566 4896 929 4959 scribatur?
974 4896 1323 4977 praesertim
1368 4916 1569 4978 quum
1616 4916 1871 4959 causam

368 4996 639 5077 adjicias
668 4994 753 5057 ob
783 5014 974 5075 quam
1015 4994 1135 5056 hoc
1176 4995 1314 5076 ipso
1354 5014 1481 5058 non
1527 4995 1869 5076 indigeant,

369 5095 593 5157 dicens
628 5112 643 5157 ε
681 5114 716 5152 α
750 5092 875 5173 lpsi
914 5092 1087 5152 enim
1121 5110 1158 5153 a
1196 5092 1324 5155 Deo
1362 5094 1570 5156 edocti
1611 5094 1763 5155 estis
1804 5100 1875 5155 ut

370 5192 653 5274 diligatis
694 5189 973 5254 invicem
1004 5211 1059 5250 ».
1096 5188 1375 5251 Tertium
1409 5209 1662 5273 quoque
1693 5191 1873 5252 addis

372 5290 549 5371 quod
592 5290 799 5369 majus
842 5295 959 5363 est,
1004 5293 1221 5369 utpote
1270 5289 1438 5368 quod
1486 5308 1612 5351 non
1662 5289 1870 5351 solum

1988 4308 2281 4371 bularent
2328 4309 2405 4371 ad
2455 4327 2562 4372 eos
2611 4312 2723 4392 qui
2771 4311 2926 4374 foris
2977 4320 3144 4387 sunt,
3195 4334 3274 4377 ne
3322 4318 3478 4397 quid

1986 4407 2066 4468 ad
2113 4405 2271 4469 alios
2322 4406 2649 4487 pertinens
2698 4407 3088 4471 affectarent.
3134 4411 3309 4474 Unde
3352 4413 3479 4475 evi—

1986 4505 2209 4566 denter
2255 4504 2508 4567 edocuit
2555 4504 2755 4567 otium
2805 4524 2944 4568 esse
2993 4525 3248 4571 causam
3298 4510 3479 4574 vitio-

1984 4621 2128 4663 rum
2160 4601 2436 4664 illorum.
2461 4602 2686 4665 Nullus
2717 4603 2887 4665 enim
2919 4613 3123 4686 potest
3155 4606 3478 4689 inquietus

1984 4718 2122 4762 esse
2173 4708 2281 4761 aut
2330 4719 2551 4762 curare
2608 4701 2813 4763 aliena
2870 4704 3140 4783 negotia,
3191 4705 3315 4767 nisi
3366 4707 3475 4788 qui

1985 4816 2113 4861 non
2143 4797 2281 4859 vult
2311 4798 2486 4880 operi
2520 4818 2824 4861 manuum
2864 4820 3122 4864 suarum
3159 4804 3472 4868 insistere.

1984 4898 2288 4971 Quartum
2334 4915 2587 4980 quoque
2631 4898 2848 4960 intulit
2892 4900 3185 4963 morbum
3229 4922 3307 4965 ex
3349 4906 3479 4969 otio

1986 4995 2426 5076 prodeuntem,
2460 4996 2571 5077 qui
2611 5004 2708 5058 est
2751 4996 3081 5061 inhoneste
3125 5000 3474 5077 ambulare,

1984 5093 2255 5155 dicendo
2307 5109 2321 5154 ε
2376 5094 2519 5155 «Et
2567 5103 2636 5156 ut
2685 5095 2946 5158 honeste
3005 5097 3346 5161 ambuletis
3397 5101 3476 5162 ad

1984 5208 2091 5251 eos
2138 5190 2250 5271 qui
2292 5189 2446 5253 foris
2492 5199 2639 5254 sunt
2670 5214 2725 5255 ».
2769 5193 3105 5275 Nunquam
3150 5194 3322 5257 enim
3366 5215 3474 5278 po-

1986 5296 2109 5351 test
2166 5289 2429 5352 honeste
2493 5290 2783 5353 incedere
2850 5292 3218 5369 monachuS,
3277 5294 3473 5359 etiam

3548 2082 3734 2126 Ibidem.

3547 2276 3734 2322 Ibidem.
