4359 6267
598 1754 861 1861 lloTheeam,

599 1822 619 1862 ¹
654 1850 667 1862 .

594 4609 749 4654 11c0r.
762 4622 804 4661 x,
817 4611 858 4652 2.

636 4904 751 4947 [bid.
778 4906 818 4947 8.

592 5241 789 5349 110171653.
802 5253 859 5291 m,

881 469 1001 535 104

882 667 1033 720 tum·
1065 657 1393 722 ambulare
1440 659 1825 734 volentibus,
1870 666 1934 721 et
1977 677 2120 721 meo
2169 658 2384 722 labore
2414 658 2466 721 A

882 758 1281 822 ostenderem
1324 757 1596 821 sormam
1640 758 1919 821 vivendi.

1300 1010 1802 1075 CAPITULUM
1867 1011 1955 1073 X.

882 1158 1055 1227 Quod
1080 1174 1203 1214 non
1233 1158 1426 1214 solum
1461 1158 1759 1230 exemplo,
1791 1155 1897 1214 sed
1932 1159 2119 1213 etiam
2146 1158 2388 1230 proedi·

1034 1250 1273 1305 catione
1299 1264 1403 1305 seu
1430 1248 1609 1305 verbo
1637 1250 1941 1305 monuerit
1972 1249 2242 1320 operari.

1008 1445 1109 1507 ΕΙ)
1142 1465 1221 1508 116
1250 1445 1413 1508 forte
1444 1446 1673 1508 tacitus
1712 1462 2005 1527 operanS,
2040 1452 2103 1507 et
2132 1444 2386 1506 erudire

1025 1561 1133 1606 eos
1191 1544 1501 1625 exemplis
1559 1544 1802 1616 volenS,
1858 1543 2186 1606 videretur
2244 1542 2386 1605 illos

888 1661 1016 1706 non
1065 1642 1443 1705 instruxisse
1490 1643 1683 1705 etiam
1733 1641 1992 1704 monitis
2043 1648 2386 1723 praecepto-

890 1760 1056 1815 rum,
1080 1740 1349 1821 adjecit:
1374 1742 1549 1805 Nam
1578 1751 1638 1801 et
1670 1761 1871 1820 quum
1902 1760 2178 1800 essemus
2206 1742 2386 1815 apud

891 1860 1021 1909 υοε,
1070 1842 1185 1899 hoc
1236 1840 1779 1899 denuntiabamus
1826 1839 2023 1908 vobiS,
2074 1838 2385 1916 quoniam
2420 1839 2468 1901 B

886 1941 948 1997 si
984 1940 1132 2017 quis
1173 1958 1301 1998 non
1346 1941 1487 1997 vult
1530 1938 1818 2012 operari,
1858 1956 1973 1997 nec
2012 1939 2379 1996 manducet.

888 2036 1005 2099 Ubi
1043 2037 1250 2099 adhuc
1284 2037 1539 2099 illorum
1571 2036 1879 2099 desidiam
1919 2042 2093 2098 notat
2123 2035 2235 2117 qui
2267 2034 2385 2096 sci-

887 2143 1063 2197 entes
1127 2153 1277 2197 eum
1335 2143 1637 2216 tanquam
1698 2134 1940 2197 bonum
2006 2134 2382 2214 magistrum

886 2233 1020 2295 suis
1065 2232 1360 2295 manibus
1400 2240 1731 2313 operatum
1774 2232 1974 2313 gratia
2016 2230 2383 2294 documenti

886 2339 948 2394 et
977 2331 1397 2393 institutionis
1430 2331 1882 2412 intuitu‚sequi
1914 2331 2211 2392 eumdem
2242 2346 2384 2391 con-

887 2436 1199 2492 temnunt.
1254 2428 1538 2509 Denique
1593 2428 1990 2509 diligentiam
2039 2436 2102 2490 et
2150 2428 2384 2490 cautio-

887 2547 1036 2592 nem
1085 2546 1265 2589 suam
1308 2534 1659 2607 exaggerat,
1702 2526 1920 2589 dicens
1962 2545 2091 2589 non
2130 2534 2382 2588 tantum

887 2645 955 2689 se
1013 2631 1389 2707 praesentem
1446 2624 1779 2687 tradidisse
1837 2624 1931 2687 eis
1988 2624 2379 2706 exemplum,

888 2725 997 2787 sed
1029 2723 1219 2786 etiam
1261 2723 1432 2786 idem
1462 2722 1675 2785 verbis
1711 2722 1949 2803 jugiter
1978 2722 2378 2804 praedicasse,

888 2830 1107 2905 utpote
1159 2841 1173 2885 :
1226 2842 1261 2880 «
1292 2822 1345 2883 si
1395 2821 1540 2903 quis
1590 2839 1717 2884 non
1760 2821 1899 2884 vult
1947 2820 2219 2903 operari,
2263 2838 2382 2881 nec

888 2922 1229 2983 manducet
1260 2942 1314 2981 ».

2419 3018 2462 3083 C

1286 3173 1789 3238 CAPITULUM
1854 3172 1977 3236 XI.

938 3323 1022 3379 De
1050 3322 1157 3378 hoc
1185 3322 1347 3394 quod
1372 3321 1527 3376 dicit
1559 3338 1577 3375 :
1609 3321 1728 3388 Qui
1756 3336 1879 3375 non
1906 3318 2035 3374 vult
2062 3319 2336 3391 operari,

1390 3426 1513 3466 non
1540 3410 1875 3466 manducet.

1026 3605 1127 3669 ΟΝ
1162 3604 1295 3687 jam
1336 3604 1536 3666 utitur
1573 3604 1653 3666 ad
1690 3620 1797 3665 eos
1840 3603 2107 3666 consilio
2150 3604 2381 3665 medici

1042 3704 1142 3767 vel
1192 3703 1489 3777 doctoriS,
1541 3703 1651 3764 sed
1705 3702 2099 3764 districtione
2148 3701 2382 3781 judici-

884 3804 1033 3867 ariae
1092 3800 1418 3885 potestatis
1480 3800 1547 3862 in
1610 3817 1718 3864 eos
1782 3799 2125 3873 invehitur,
2192 3807 2381 3881 atque

882 3901 1231 3983 apostolica
1293 3899 1667 3962 auctoritate
1729 3906 2077 3980 resumpta,
2140 3897 2384 3979 profert

883 4000 1265 4062 sententiam
1306 3998 1489 4081 quasi
1528 3998 1605 4060 de
1646 3997 1948 4059 tribunali
1995 3997 2059 4059 in
2098 4004 2381 4059 contem-

881 4106 1113 4180 ptores.
1131 4098 1241 4161 llla
1269 4096 1487 4178 utique
1517 4103 1821 4178 potestate
1852 4102 2177 4176 resumpta
2199 4112 2384 4176 quam

880 4195 1153 4259 asseruit
1205 4195 1328 4257 sibi
1387 4194 1597 4257 datam
1654 4213 1692 4256 a
1751 4194 2041 4267 Domino,
2094 4192 2381 4254 scribens
2411 4194 2462 4257 D

884 4313 1033 4357 cum
1073 4293 1527 4376 imprecatione
1558 4312 1671 4355 seu
1711 4292 2228 4354 interminatione
2269 4291 2381 4354 Co-

884 4392 1161 4466 rinthiis‚
1194 4410 1392 4473 quum
1440 4390 1581 4453 illos
1623 4390 1688 4453 in
1727 4390 1959 4453 delicto
1998 4389 2238 4471 positos
2280 4390 2382 4451 ad-

888 4498 1175 4553 moneret
1228 4496 1299 4551 ut
1355 4496 1500 4551 ante
1558 4507 1745 4550 suum
1802 4489 2146 4549 adventum
2209 4487 2382 4549 festi-

888 4596 1111 4651 narent
1171 4588 1484 4669 corrigere
1542 4586 1917 4667 semetipsos
1962 4606 1975 4649 :
2022 4585 2193 4667 Rogo
2243 4603 2377 4659 VOS,

890 4687 1207 4768 inquienS,
1241 4703 1321 4747 116
1356 4702 1633 4766 praesens
1672 4684 2019 4765 compellar
2051 4684 2284 4745 audere
2317 4684 2382 4745 in

887 4785 1197 4867 quosdam
1236 4788 1544 4865 potestate
1586 4783 1693 4845 illa
1731 4802 1873 4864 quae
1912 4783 2055 4845 data
2092 4790 2188 4843 est
2223 4782 2381 4844 mihi

888 4883 955 4945 in
1004 4882 1227 4961 vobis;
1280 4889 1342 4943 et
1392 4882 1645 4957 iterum,
1698 4881 1761 4943 Si
1813 4881 2073 4944 voluero
2123 4880 2382 4961 gloriari

886 4983 965 5045 de
994 4988 1302 5063 potestate
1340 4999 1533 5062 quam
1563 4981 1737 5043 dedit
1769 4979 1927 5041 mihi
1965 4980 2274 5042 Dominus
2318 4980 2382 5041 in

886 5078 1399 5153 aedificationem,
1450 5086 1511 5140 et
1570 5097 1697 5142 non
1758 5078 1823 5140 in
1882 5078 2380 5140 destructionem

885 5184 1183 5251 vestram,
1218 5194 1345 5239 non
1373 5176 1764 5239 erubescam.
1790 5176 1923 5249 llla,
1957 5176 2242 5257 inquam,
2275 5193 2383 5256 po-

886 5284 1111 5339 testate
1140 5274 1529 5359 pronuntiat,
1564 5274 1629 5338 Si
1659 5274 1807 5357 quis
1836 5290 1965 5335 non
1996 5272 2135 5335 vult
2164 5290 2380 5354 opera-

1788 489 1866 535 1)ῐὲ
1907 488 2236 535 mammis
2279 489 2366 535 SS.
2399 489 2661 536 PATRUI.
2707 506 2786 518 ·-
2827 490 3002 537 mim
3041 491 3082 537 X

2498 658 2573 733 ri,
2593 678 2710 721 nec
2742 660 3081 723 manducet
3105 678 3119 723 ε
3143 678 3272 723 11611
3303 661 3612 724 materiali
3643 662 3854 743 gladio
3883 680 4004 724 eos

2493 757 2888 837 adjudicans,
2925 759 3033 820 sed
3064 759 3438 821 auctoritate
3468 760 3740 841 Spiritus
3773 760 4002 822 Sancti

2495 856 2840 936 prohibens
2871 856 2964 918 eis
2998 856 3418 919 substantiam
3450 858 3596 921 vitae
3629 875 3643 921 ε
3679 866 3748 919 ut
3779 859 3831 921 si
3867 858 4002 919 for-

2493 959 2556 1015 te
2599 972 2726 1016 non
2776 953 3192 1017 formidantes
3251 973 3506 1037 poenam
3555 956 3999 1019 damnationis

2493 1049 2744 1126 futurae,
2763 1052 2962 1114 velint
2992 1053 3200 1115 adhuc
3234 1054 3542 1115 exsistere
3581 1061 3997 1116 contumaces

2491 1148 2827 1212 otiositatis
2856 1164 3085 1224 amore,
3108 1158 3486 1233 cogerentur
3510 1151 3808 1214 salutaria
3837 1170 4000 1233 prae-

2494 1254 2677 1329 cepta
2716 1248 3042 1330 suscipere
3085 1249 3310 1311 saltem
3349 1250 3676 1311 constricti
3715 1250 3994 1313 naturali

2493 1346 2882 1420 necessitate,
2904 1364 2976 1409 ac
3010 1347 3232 1411 mortis
3262 1348 3593 1428 praesentis
3625 1347 3988 1410 formidine.

2882 1601 3385 1665 CAPITULUM
3449 1603 3604 1666 XII.

2590 1749 2675 1805 De
2701 1764 2770 1805 eo
2799 1749 2961 1821 quod
2987 1750 3142 1805 dicit
3172 1768 3191 1804 :
3221 1751 3584 1806 Audivimus
3613 1750 3904 1824 quosdam

2894 1838 3272 1895 ambulantes
3307 1840 3597 1912 inquiete.

2621 2034 2760 2098 OST
2803 2042 3044 2097 tantum
3084 2053 3233 2117 ergo
3271 2037 3652 2118 evangelicae
3690 2038 3992 2100 districti-

2637 2133 2780 2195 onis
2838 2132 3109 2213 rigorem
3169 2133 3300 2214 jam
3365 2142 3512 2196 ante
3569 2135 3986 2217 descriptum,

2492 2250 2664 2293 nunc
2711 2232 2915 2313 aperit
2959 2250 3214 2295 causam
3264 2251 3378 2294 cur
3419 2234 3636 2296 omnia
3681 2234 3788 2296 illa
3829 2254 3988 2317 prae-

2494 2329 2740 2391 miserit
2782 2347 2795 2391 :
2838 2332 3238 2391 Audivimus
3282 2332 3637 2413 (inquiens)
3677 2336 3984 2411 quosdam
4018 2351 4298 2401 numm.

2493 2430 2671 2489 inter
2719 2449 2826 2489 vos
2871 2431 3209 2489 ambulare
3259 2431 3574 2509 inquiete,
3625 2434 3800 2491 nihil
3845 2451 3986 2507 ope-
4021 2420 4092 2458 ¹¹·

2494 2535 2739 2598 rantes,
2779 2530 2891 2588 sed
2935 2529 3188 2588 curiose
3234 2537 3509 2606 mentes,
3557 2528 3672 2591 Ubi
3719 2548 3824 2593 eos
3871 2532 3984 2612 qui

2493 2625 2739 2706 operari
2788 2643 2916 2689 non
2964 2626 3208 2699 volunt,
3263 2628 3632 2708 pronuntiat
3677 2646 3804 2691 non
3856 2647 3986 2691 uno

2493 2730 2740 2785 tantum
2789 2724 2946 2787 vitio
3003 2742 3141 2786 esse
3201 2732 3550 2806 corruptos.
3603 2727 3674 2788 In
3731 2727 3984 2809 prima*

2493 2821 2732 2903 quippe
2780 2823 2860 2884 ad
2909 2822 3501 2886 Thessalonicenses
3559 2824 3829 2906 epistola
3875 2843 3982 2889 eos

2491 2919 2769 3000 appellat
2801 2920 3211 2995 inordinatos,
3247 2940 3364 2983 1166
3392 2922 3719 2985 ambulare
3759 2942 3982 2985 secun—

2494 3017 2647 3078 dum
2686 3017 3090 3081 traditionem
3131 3037 3324 3100 quam
3361 3019 3454 3081 eis
3495 3021 3815 3083 commisit
3858 3038 3984 3083 ser-

2493 3115 2798 3195 vandam3
2839 3116 3084 3178 dixerat
3122 3134 3375 3199 quoquc
3415 3135 3522 3181 eos
3562 3136 3700 3181 6556
3742 3119 3986 3201 111111116-

2491 3219 2611 3286 tos,
2645 3222 2708 3275 et
2737 3232 2967 3296 panem
3008 3215 3337 3277 comedere
3376 3216 3589 3296 gratis.
3624 3216 3806 3279 Nunc
3835 3236 3986 3281 vero

2491 3310 2578 3371 ait
2608 3312 2685 3373 de
2716 3312 2809 3373 eis
2835 3331 2849 3375 ε
2878 3335 2911 3370 11
2931 3313 3309 3375 Audivimus
3340 3314 3647 3395 quosdam
3679 3315 3846 3378 inter
3873 3334 3986 3379 vos

2492 3408 2818 3486 ambulare
2861 3410 3143 3492 inquiete
3175 3428 3250 3489 »3
3292 3418 3356 3473 et
3398 3413 3612 3474 statim
3655 3412 3988 3495 subjungit

2495 3506 2790 3569 morbum
2828 3508 3138 3570 vitiumve
3178 3510 3554 3584 secundum,
3588 3511 3697 3592 qui
3739 3511 3988 3593 inquie-

2491 3605 2735 3667 tudinis
2775 3606 2967 3687 hujus
3018 3616 3114 3669 est
3154 3607 3352 3681 radix,
3394 3608 3663 3671 dicendo
3697 3629 3712 3673 ε
3757 3632 3792 3669 (t
3825 3610 3987 3673 nihil

2492 3710 2826 3783 operantes
2866 3724 2921 3764 1).
2971 3704 3253 3766 Tertium
3311 3724 3566 3787 quoque
3624 3715 3986 3788 peccatum,

2493 3800 2662 3883 quod
2707 3818 2785 3862 ex
2823 3818 2901 3864 eo
2941 3800 3139 3863 instar
3179 3802 3524 3865 ramusculi
3563 3804 3784 3877 oritur,
3829 3823 3990 3886 pan-

2492 3898 2584 3959 dit
2623 3898 2954 3962 subdendo
2989 3917 3002 3961 :
3043 3921 3078 3958 «
3107 3901 3219 3962 sed
3259 3900 3506 3964 curiose
3544 3910 3799 3982 agentes
3829 3924 3886 3964 1).

2861 4153 3363 4218 CAPITULUM
3422 4155 3612 4219 XIII.

2491 4294 2662 4361 Quod
2690 4294 2967 4365 operatio
2991 4308 3274 4349 manuum
3297 4298 3567 4366 amputet
3587 4295 3748 4350 vitia
3775 4295 3984 4353 multa.

2569 4490 2819 4564 TAQUE
2858 4508 3031 4551 nunc
3069 4488 3326 4551 festinat
3357 4506 3700 4570 congruam
3740 4488 3986 4553 confer-

2586 4606 2656 4649 re
2696 4587 3006 4650 medelam
3047 4594 3367 4649 tantorum
3410 4587 3619 4650 fomiti
3659 4588 3982 4661 vitiorum,

2491 4685 2789 4748 videlicet
2838 4686 2986 4759 otio,
3039 4693 3103 4747 et
3149 4686 3332 4768 quasi
3381 4686 3669 4767 deposita
3727 4686 3835 4747 illa
3881 4705 3989 4748 au-

2493 4784 2781 4847 ctoritate
2824 4783 3169 4866 apostolica
3212 4804 3339 4866 qua
3382 4804 3536 4847 usus
3581 4784 3788 4847 fuerat
3814 4792 3985 4859 ante,

2493 4900 2712 4943 rursus
2746 4881 3082 4943 revertitur
3109 4881 3188 4943 ad
3219 4882 3463 4944 viscera
3494 4881 3585 4964 pii
3629 4884 3825 4964 patris
3857 4901 3988 4945 me-

2493 4979 2747 5061 dicique
2779 4980 3132 5053 clementiS,
3157 4987 3219 5043 et
3249 4980 3342 5043 eis
3373 4988 3677 5062 tanquam
3717 4982 3874 5044 filiis
3908 5000 3986 5045 ac

2492 5076 2824 5158 discipulis
2865 5077 2997 5138 suis
3037 5078 3335 5159 proponit
3375 5078 3656 5141 remedia
3696 5080 3986 5142 sanitatis

2493 5174 2732 5237 salubri
2780 5175 3068 5249 consilio,
3112 5175 3330 5238 dicens
3373 5196 3387 5240 :
3431 5178 3558 5238 His
3605 5187 3822 5237 autem
3863 5181 3987 5257 qui
4041 5194 4168 5238 1⁶51.
4203 5198 4272 5238 12.

2491 5274 2815 5351 ejusmodi
2858 5282 3036 5344 sunt,
3075 5276 3546 5336 denuntiamus
3591 5284 3653 5335 et
3695 5278 3982 5336 obsecra-
