4359 6267
1049 520 1467 569 com-noum!
1509 521 1595 567 ss.
1630 520 1873 567 runnu
1913 520 2089 567 Lmen
2129 521 2169 566 ι.
2214 539 2296 548 -
2336 520 2626 569 com-no
2665 521 2687 567 1
3296 498 3417 565 149

406 687 663 763 Interea,
711 690 863 771 quia
910 706 1269 753 sermonem
1310 692 1387 753 de
1432 689 1813 753 discretione
1840 687 1893 750 A
1924 706 2188 771 ponenS,
2251 688 2535 751 hortatus
2598 696 2692 751 est
2751 705 2866 751 nos
2926 687 3133 751 adhuc
3193 686 3412 749 avidos

334 802 449 846 non
480 786 767 849 valemus
806 788 1125 869 complere
1167 788 1235 850 in
1275 788 1654 851 brevissimo
1692 787 1814 849 isto

332 884 489 965 quod
528 892 722 947 restat
750 887 957 968 spatio
985 888 1211 961 noctis,
1246 904 1642 949 reservemus
1682 885 1812 967 ple·

333 1000 478 1043 num
504 982 797 1045 ordinem
829 984 1023 1065 hujus
1063 985 1375 1047 sermonis
1414 984 1690 1047 examini
1724 985 1815 1046 in-

331 1087 497 1160 tegro
531 1079 765 1144 futurae
805 1082 932 1145 diei
970 1090 1079 1145 aut
1116 1082 1357 1161 noctis3
1390 1090 1452 1144 et
1490 1082 1813 1145 modicum

331 1177 489 1257 quod
548 1187 840 1259 superest
896 1180 1122 1256 noctis,
1173 1182 1553 1263 deputemus
1611 1180 1811 1262 quieti

333 1292 659 1356 corporeae,
694 1278 798 1339 cui
839 1296 1097 1341 necesse
1135 1286 1233 1341 est
1270 1286 1471 1341 totum
1512 1278 1810 1361 persolvi,

330 1373 377 1434 si
408 1372 467 1433 id
498 1375 669 1455 quod
696 1376 1018 1438 modicum
1050 1384 1147 1439 est
1172 1376 1365 1439 fuerit
1389 1377 1447 1440 ei
1474 1376 1813 1440 indiscrete

330 1482 637 1554 negatum.
658 1475 849 1537 Decet
878 1492 1153 1556 namque
1183 1475 1459 1557 optimos
1490 1475 1815 1539 discretio-

328 1571 417 1632 nis
455 1571 863 1653 inquisitores
900 1572 966 1634 in
1001 1572 1121 1634 hoc
1161 1572 1444 1654 primum
1482 1574 1811 1635 ostendere

328 1688 447 1731 suae
476 1670 709 1731 mentis
750 1668 1151 1743 industriam,
1184 1678 1375 1753 atque
1416 1671 1654 1734 indicio
1692 1671 1813 1734 isto

328 1774 384 1826 et
429 1766 733 1847 patientia
792 1766 909 1830 hac
960 1768 1229 1850 probare
1280 1776 1494 1831 utrum
1548 1788 1810 1851 capaces

1923 794 1985 849 et
2030 787 2106 848 de
2155 804 2264 849 ore
2312 805 2428 849 suo
2477 788 2846 869 pendentes,
2888 788 3219 868 degustare
3263 803 3416 867 pau-

1926 885 2120 966 lisper
2158 903 2456 947 somnum
2499 906 2513 949 :
2555 886 2902 947 admonens
2949 902 3064 947 nos
3110 883 3413 946 incubare

1921 984 2163 1046 eisdem
2206 983 2464 1047 sedibus
2505 1002 2698 1066 super
2727 1003 2884 1066 quas
2923 982 3226 1057 sedimuS,
3267 1001 3420 1062 sup-

1924 1099 2167 1164 ponens
2223 1083 2456 1146 nostris
2519 1081 2836 1163 capitibus
2901 1081 3038 1144 loco
3090 1080 3415 1142 cervicali-

1924 1198 2034 1241 um
2066 1180 2405 1242 crassiores
2438 1196 2711 1263 papyros
2741 1199 2852 1242 seu
2879 1179 3132 1260 juncoS,
3165 1186 3414 1259 coapta-

1922 1286 2020 1341 tos
2048 1278 2125 1339 'in
2173 1278 2394 1359 longos
2441 1278 2836 1360 gracilesque
2876 1277 3232 1340 fasciculos.
3269 1278 3416 1350 Quae

1921 1377 2159 1457 pariter
2219 1375 2510 1457 colligata
2578 1375 2912 1438 intervallo
2973 1375 3203 1458 pedali,
3258 1394 3414 1457 prae-

1922 1480 2089 1535 stant
2137 1472 2463 1536 Fratribus
2518 1473 2583 1535 in
2630 1473 2849 1556 synaxi
2901 1472 3270 1535 sedentibus
3319 1490 3414 1534 se-

1922 1571 2047 1633 dile
2078 1571 2517 1633 humillimum
2552 1571 2689 1635 loco
2727 1571 3010 1645 scabelli,
3043 1570 3414 1651 eisdemque

1920 1669 2245 1731 Fratribus
2294 1669 2580 1751 praebent
2627 1669 3078 1732 fulcimentum
3119 1668 3413 1731 tractabi-

1922 1767 2001 1841 le,
2047 1775 2294 1849 aptum,
2337 1786 2463 1830 non
2511 1767 2705 1830 nimis
2755 1768 3011 1842 durum,
3053 1767 3132 1829 ad
3181 1766 3415 1829 dormi-

326 1864 443 1925 sint
488 1874 601 1927 aut
645 1884 785 1929 esse
836 1867 1081 1949 possint
1132 1867 1555 1942 discretioniS,
1610 1874 1679 1929 ut
1732 1868 1809 1929 de
1845 1868 1891 1929 B
1920 1865 2176 1927 endum.
2231 1865 2324 1927 Ad
2374 1882 2533 1947 quos
2586 1885 2738 1928 usus
2798 1864 3254 1929 monachorum
3307 1864 3415 1926 illa

328 1960 549 2023 virtute
574 1961 685 2023 illa
704 1969 1045 2025 tractantes
1074 1981 1216 2044 quae
1240 1963 1691 2025 moderationis
1716 1972 1811 2025 est

328 2066 537 2132 mater,
569 2078 973 2141 nequaquam
1005 2060 1333 2122 incurrant
1363 2061 1590 2122 vitium
1623 2061 1810 2122 nimi-

327 2157 501 2218 etatis
537 2158 599 2219 ei
639 2158 1051 2233 contrarium,
1085 2158 1321 2221 effectu
1361 2166 1425 2221 et
1456 2177 1647 2241 opere
1678 2159 1811 2223 vio-

327 2254 517 2317 lantes
554 2256 687 2318 vim
729 2264 793 2317 et
832 2263 1123 2319 naturam
1170 2256 1311 2337 ejus
1362 2276 1549 2338 quam
1596 2258 1809 2320 verbis

325 2353 643 2416 extollunt.
696 2354 766 2415 In
825 2354 945 2417 hoc
1004 2354 1197 2435 igitur
1255 2355 1554 2437 primitus
1611 2356 1811 2437 prosit

326 2450 497 2514 nobis
533 2452 738 2514 virtus
778 2452 1201 2529 discretionis,
1236 2454 1313 2515 de
1350 2472 1476 2536 qua
1514 2454 1809 2534 indagare

325 2548 714 2631 disponimus
777 2558 1085 2632 quantum
1150 2552 1539 2614 concesserit
1597 2553 1809 2615 Domi-

324 2666 455 2721 nus,
504 2656 576 2709 ut
634 2665 749 2711 nos
808 2648 919 2730 qui
978 2650 1055 2711 de
1105 2647 1480 2711 excellentia
1538 2650 1677 2730 ejus
1736 2669 1809 2712 ac

324 2746 743 2809 moderamine
790 2746 1134 2829 loquimur,
1168 2765 1295 2809 non
1342 2748 1669 2830 permittat
1708 2768 1811 2810 ex-

323 2843 533 2906 cedere
576 2845 837 2907 modum
868 2845 969 2908 vel
1012 2852 1268 2927 tempus
1307 2845 1756 2927 disputationis
1790 2866 1804 2910 :

322 2960 460 3002 nam
498 2944 846 3006 moderatio
886 2944 1095 3027 primo
1131 2962 1204 3006 ac
1242 2944 1518 3006 maxime
1559 2962 1811 3027 compe-

322 3039 391 3100 tit
429 3040 815 3103 discretioni.

394 3138 495 3201 Sic
534 3139 759 3203 beatus
798 3142 1037 3225 Moyses
1081 3140 1404 3205 collationi
1445 3140 1644 3203 finem
1688 3141 1805 3203 im-

1924 1959 2161 2025 idcirco
2219 1970 2368 2023 sunt
2417 1963 2692 2025 maxime
2750 1970 3111 2045 opportuna
3155 1969 3219 2025 et
3267 1979 3413 2023 con-

1920 2074 2088 2137 grua,
2113 2060 2264 2140 quia
2295 2078 2421 2123 non
2453 2061 2659 2123 solum
2692 2069 2840 2123 sunt
2868 2060 3228 2142 aliqualiter
3258 2060 3417 2122 mol-

1920 2154 2019 2228 lia,
2037 2175 2360 2239 parvoque
2392 2159 2598 2240 pretio
2626 2166 2689 2221 et
2718 2177 2908 2241 opere
2939 2158 3190 2221 modico
3220 2157 3410 2233 fiunt,

1920 2262 2139 2336 utpote
2199 2275 2277 2319 ex
2331 2275 2571 2340 papyro
2629 2258 2868 2340 passim
2928 2263 3251 2319 crescente
3299 2274 3415 2338 per

1919 2354 2090 2435 ripas
2147 2354 2440 2417 fluminis
2493 2356 2660 2435 Nili3
2709 2356 2820 2417 sed
2868 2354 3060 2418 etiam
3107 2354 3412 2437 quoniam

1919 2451 2149 2515 habilis
2199 2460 2350 2514 sunt
2395 2454 2675 2516 materiae
2720 2471 2794 2515 ac
2839 2452 2996 2515 levis
3045 2460 3285 2515 naturae
3332 2453 3415 2514 ad

1921 2552 2305 2613 movendum
2346 2570 2419 2614 ac
2459 2553 2938 2625 removendum,
2978 2569 3179 2633 quum
3219 2550 3413 2613 fucrit

1917 2657 2370 2732 opportunum.
2407 2650 2638 2731 Sicque
2675 2650 2931 2712 tandem
2975 2668 3053 2711 ex
3093 2655 3411 2733 praecepto

1918 2748 2087 2809 senis
2137 2747 2429 2809 dedimus
2481 2765 2593 2810 nos
2640 2749 2718 2810 ad
2769 2747 2977 2810 somni
3028 2747 3407 2828 degustatio-

1917 2862 2101 2924 nem3
2145 2846 2360 2927 quiete
2409 2846 2593 2909 nobis
2643 2846 2928 2918 molesta,
2974 2852 3104 2907 tam
3154 2843 3407 2907 inflam-

1918 2944 2103 3007 matis
2162 2943 2394 3025 gaudio
2457 2944 2812 3006 collationis
2875 2944 3160 3025 digestae,
3223 2962 3408 3024 quam

1841 3042 1885 3106 C
1916 3042 2242 3124 suspensis
2291 3043 2760 3124 exspectatione
2803 3040 3250 3123 disputationis
3293 3059 3406 3103 seu

1916 3140 2271 3203 collationis
2315 3140 2665 3223 promissae.
