4359 6267
883 481 1006 546 380
1564 497 1982 546 com-Anomm
2024 499 2108 544 ss.
2143 498 2389 544 uram:
2431 498 2605 544 tumn
2647 499 2710 545 11.
2757 517 2839 527 —-
2878 499 3163 547 contulo
3205 501 3313 546 xxi

883 669 963 730 da
990 666 1192 750 gratia
1230 668 1603 751 principalis
1643 668 1816 743 boni,
1851 668 2062 750 ipsum
2093 685 2246 730 vero
2276 685 2381 730 ex·
2410 666 2463 729 A
2493 667 2606 728 mii
2636 669 3065 750 praedicatoris
3096 669 3510 752 poenitentiae‚
3526 669 3614 732 ita
3641 669 4001 751 praebentis

885 767 1228 848 petendum
1274 775 1371 828 est
1415 775 1673 849 propter
1713 786 1780 829 se
1824 767 2050 829 solum.
2492 784 2607 829 suo
2650 768 2943 849 exemplo
2985 768 3253 831 formam
3306 768 3560 851 populis
3603 769 3875 840 cuncti5‚
3924 776 3999 829 ut

2492 882 2619 927 non
2668 865 2874 928 solum
2924 866 3153 929 vitaret
3198 867 3451 929 diversa
3499 885 3729 948 genera
3778 867 3997 929 fercu-

2492 963 2698 1026 lorum
2747 984 2888 1047 quae
2943 965 3240 1027 humanis
3298 964 3525 1028 usibus
3583 965 3991 1046 ingeruntur,

1238 1022 1741 1086 CAPITULUM
1799 1021 2017 1085 XVII·
2490 1063 2621 1125 imo
2650 1070 2712 1124 et
2735 1083 2915 1126 esum
2947 1065 3130 1146 panis
3162 1066 3415 1147 penitus
3448 1064 3816 1147 ignoraret);
3838 1082 3999 1128 con-

1100 1162 1186 1217 De
1222 1161 1463 1216 ratione
1499 1165 1556 1216 et
1593 1159 1866 1216 utilitate
1893 1159 2156 1231 J‘ejunii.
2488 1160 2698 1242 questi
2732 1169 2881 1222 sunt
2910 1161 3104 1243 igitur
3135 1162 3383 1225 Christo
3412 1162 3695 1224 dicentes
3729 1180 3743 1224 ε
3777 1162 3992 1236 Quare
4043 1179 4287 1228 umam,

2488 1276 2603 1321 nos
2634 1266 2698 1320 et
2726 1259 3021 1322 Pharisaei
3048 1260 3416 1342 jejunamus
3448 1260 3832 1343 frequenter,
3857 1261 3994 1322 dis·
4024 1247 4092 1286 ¹⁴·

1024 1355 1451 1420 ETINENTES
1510 1356 1704 1438 igitur
1748 1356 1941 1418 talem
1998 1355 2376 1417 determina·
2488 1354 2687 1436 cipuli
2742 1363 2954 1418 autem
3013 1357 3103 1418 tui
3163 1375 3289 1420 non
3335 1357 3683 1439 jejunant?
3738 1357 3993 1431 Quibus

1041 1455 1279 1518 tionem
1324 1456 1402 1518 de
1445 1455 1748 1537 qualitate
1788 1453 2044 1535 jejunii,
2084 1454 2169 1515 ita
2214 1452 2374 1514 illud
2488 1453 2773 1516 Christus
2803 1457 3561 1536 responden8,evidenter
3589 1456 3863 1520 ostendit
3895 1457 3995 1536 je-

878 1563 1252 1636 appetamus
1283 1553 1429 1616 totis
1459 1553 1705 1616 viribus
1736 1551 1966 1624 cordiS‚
1996 1559 2066 1613 ut
2094 1551 2372 1613 sciamus
2481 1549 2739 1630 junium
2780 1570 2907 1614 non
2938 1571 3076 1614 esse
3105 1553 3279 1615 omni
3312 1560 3597 1635 tempore
3628 1571 3991 1634 congruum

880 1651 1037 1715 illud
1087 1671 1225 1715 esse
1275 1651 1460 1715 nobis
1507 1650 2014 1722 accommodum,
2061 1650 2116 1710 si
2163 1649 2376 1711 obser·
2486 1667 2605 1712 nec
2654 1651 3107 1726 necessarium,
3152 1659 3219 1713 ut
3265 1671 3467 1733 quum
3514 1652 3823 1714 festivitas
3874 1661 3995 1714 aut

877 1759 1107 1813 ventur
1153 1751 1215 1812 in
1259 1767 1336 1812 eo
1373 1749 1813 1832 opportunitas
1864 1747 2192 1829 temporiS,
2227 1767 2377 1829 qua·
2489 1747 2917 1810 interveniens
2959 1750 3207 1812 occasio
3246 1749 3526 1812 caritatis
3569 1750 3847 1812 admittit
3891 1751 3993 1812 in-

878 1848 1021 1910 litas
1059 1856 1122 1909 et
1162 1865 1493 1926 mensura3
1535 1865 1652 1909 nec
1692 1847 1779 1908 ita
1821 1855 1890 1908 ut
1931 1844 1995 1907 in
2041 1846 2179 1926 ipso
2222 1844 2375 1926 siga·
2412 1838 2459 1900 B
2488 1843 2878 1924 dulgentiam
2910 1844 3293 1908 refectionis.
3320 1846 3475 1908 Nam
3508 1847 3994 1929 aittNumquid
4054 1865 4171 1908 lom.
4204 1869 4263 1906 ιε.

879 1965 1020 2007 mus
1079 1944 1279 2007 finem
1339 1953 1568 2007 nostrae
1625 1943 1902 2018 fiduciae,
1963 1942 2072 2004 sed
2133 1950 2203 2004 ut
2261 1961 2375 2023 per
2487 1949 2753 2023 possunt
2792 1942 2913 2004 filii
2960 1943 3179 2025 sponsi
3224 1943 3439 2024 lugere
3482 1944 3787 2025 quamdiu
3830 1964 3991 2006 cum

875 2043 1090 2126 ipsum
1129 2044 1491 2126 pertingere
1531 2043 1854 2105 valeamus
1898 2042 1975 2103 ad
2019 2040 2219 2102 animi
2262 2059 2377 2121 pu·
2487 2039 2614 2101 illis
2644 2048 2740 2102 est
2764 2041 3357 2122 sponsustvenient
3378 2049 3591 2105 autem
3620 2042 3755 2105 dies
3786 2062 3995 2125 quum

874 2143 1124 2204 ritatem
1169 2149 1233 2204 et
1273 2141 1684 2224 apostolicam
1728 2141 2075 2202 caritatem.
2119 2138 2375 2200 Manife-
2484 2138 2807 2200 auferetur
2848 2138 2928 2200 ab
2969 2140 3061 2201 eis
3108 2158 3400 2221 sponsus,
3434 2147 3497 2202 et
3538 2147 3691 2202 tunc
3731 2141 3989 2222 Jejuna-

873 2248 1045 2303 stum
1085 2249 1182 2304 est
1213 2258 1363 2321 ergo
1401 2258 1527 2302 non
1568 2238 1920 2321 principale
1963 2239 2224 2312 bonum,
2260 2237 2369 2299 sed
2484 2236 2662 2298 bunt.
2698 2236 2846 2309 Quae
2888 2237 3081 2300 verba
3124 2239 3416 2319 quamvis
3461 2238 3797 2320 protulerit
3838 2258 3991 2322 pro-

875 2340 1159 2402 medium
1217 2358 1355 2402 esse
1408 2338 1751 2420 jejunium,
1814 2337 1916 2399 cui
1975 2355 2104 2399 non
2161 2335 2368 2399 solum
2484 2343 2661 2416 pter*
2694 2336 3222 2398 resurrectionem
3255 2337 3537 2419 corporis
3567 2338 3689 2410 sui,
3723 2338 3989 2420 proprie
4090 2355 4235 2395 unte

873 2446 1024 2500 sunt
1054 2438 1317 2519 praefixa
1347 2436 1648 2519 specialia
1681 2444 1962 2517 tempora
1994 2435 2232 2518 quibus
2264 2434 2373 2496 fie-
2483 2440 2696 2495 tamen
2736 2435 3077 2496 ostendunt
3110 2435 3659 2516 Quinquagesimae
3699 2443 3985 2518 tempuS‚

873 2537 928 2598 ri
972 2535 1160 2598 debet
1205 2535 1337 2598 sive
1381 2535 1612 2608 omitti,
1646 2535 1756 2596 sed
1799 2534 1991 2596 etiam
2040 2533 2266 2595 modus
2307 2539 2372 2594 et
2484 2530 2549 2593 in
2598 2549 2725 2613 quo
2769 2531 3017 2594 Christo
3065 2539 3206 2613 post
3249 2533 3780 2596 resurrectionem
3826 2553 3991 2616 epu-

869 2633 1142 2715 qualitas
1191 2632 1526 2714 praestituti
1575 2640 1724 2694 sunt
1768 2632 1846 2693 ei.
1889 2631 2182 2694 Ceterum
2228 2649 2369 2712 quae
2482 2629 2650 2691 laute
2690 2647 2803 2710 per
2833 2630 3248 2711 quadraginta
3283 2631 3419 2693 dies
3460 2649 3607 2693 cum
3642 2631 3991 2714 discipulis

869 2731 1331 2813 praecipiuntur
1367 2738 1437 2792 ut
1468 2729 1654 2804 bona,
1688 2737 1797 2792 aut
1838 2727 2261 2812 prohibentur
2299 2735 2369 2789 ut
2482 2728 2637 2802 suiS,
2670 2729 2974 2809 gaudium
3016 2729 3401 2811 quotidianae
3445 2729 3797 2812 praesentiae
3835 2731 3989 2812 ejus

868 2829 1077 2904 noxia,
1121 2847 1449 2910 nunquam
1491 2828 1584 2890 sic
1627 2827 1961 2908 subjacent
2003 2833 2366 2908 temporum
2478 2843 2608 2890 non
2650 2826 2899 2889 sinebat
2940 2826 3083 2890 illos
3121 2826 3439 2908 jejunare.

867 2925 1248 3009 exceptioni,
1292 2933 1363 2988 ut
1405 2925 1727 3008 prohibita
1768 2925 2040 2988 debeant
2083 2923 2369 3006 aliquan-

867 3024 1126 3086 defieri
1166 3031 1276 3087 aut
1309 3024 1478 3087 'ussa
1504 3022 1651 3086 fieri
1682 3023 1953 3086 debeant
2030 3022 2237 3085 uando
2287 3040 2365 3083 ue
2396 3020 2441 3085 C

868 3123 1096 3187 omitti.
1133 3072 1277 3187 'Non
1299 3045 1492 3185 Jenim
1533 3122 1767 3205 aliquis
1818 3043 2041 3184 moduls
2092 3041 2365 3184 statniltus
2847 3081 3350 3174 CAPITULUM
3414 3082 3600 3146 XIX·

867 3230 978 3284 aut
1016 3221 1261 3304 positus
1304 3229 1400 3283 est
1436 3221 1722 3301 justitiae,
1755 3220 2098 3302 patientiae,
2131 3217 2367 3281 sobrie-
2530 3232 2817 3300 Qua-scio,
2848 3249 2957 3290 cur
2978 3249 3093 3305 per
3120 3239 3306 3290 totam
3334 3234 3920 3306 Quinquaqesimam

868 3318 1003 3393 tati,
1035 3318 1380 3402 pudicitiae,
1412 3318 1695 3397 caritati3
1736 3337 1854 3381 nec
1898 3335 2180 3399 unquam
2222 3333 2367 3379 con·
2867 3322 3188 3394 jejunium
3214 3323 3580 3380 resolvatur.

868 3435 1046 3479 cessa
1092 3425 1188 3480 est
1233 3416 1492 3478 licentia
1543 3423 1652 3478 aut
1699 3416 1958 3478 libertas
2007 3414 2361 3496 injustitiae,

868 3514 1300 3597 impatientiae,
1367 3515 1496 3589 irae,
1567 3513 1986 3596 impudicitiae
2054 3513 2188 3576 sive
2254 3531 2361 3574 su·
2612 3517 3007 3581 ERMANUS:
3041 3517 3167 3581 Cur
3194 3536 3343 3598 ergo
3373 3518 3657 3581 laxamus
3692 3516 3984 3599 rigorem

870 3613 1126 3696 perbiae.
2625 3615 3026 3679 abstinentiae
3059 3624 3189 3679 tota
3220 3616 3755 3699 Quinquagesima
3792 3635 3998 3698 pran-

2476 3712 2619 3788 diis,
2654 3732 2854 3795 quum
2886 3713 3191 3776 Dominus
3232 3723 3447 3777 noster
3473 3715 3653 3776 Jesus
3685 3713 3991 3777 Christus

1197 3841 1701 3926 mmm
2477 3907 3992 3992 ag

892 4010 1064 4080 Quod
1077 4011 1399 4082 jejunium
1425 4026 1548 4066 non
1576 4009 1662 4065 sit
1689 4025 1922 4082 semper
1950 4007 2204 4064 conveni
2210 4021 2334 4062 ens,

1017 4208 1086 4272 IS
1115 4226 1265 4290 ergo
1295 4206 1641 4290 praemissis
1671 4207 1748 4268 de
1779 4205 2080 4287 qualitate
2106 4205 2361 4287 jejunii,
2393 4214 2444 4277 D
2820 4223 2829 4230 ·
2860 4165 3363 4230 CAPITULUM
3427 4166 3580 4229 XX·

995 4383 1004 4390 α
1035 4307 1394 4388 adjicienda
1435 4313 1531 4368 est
1574 4303 2043 4386 Scripturarum
2091 4303 2364 4366 auctori·
2588 4304 2917 4376 Responsio
2948 4303 3031 4360 ad
3057 4305 3448 4376 quw-itionem
3466 4303 3855 4376 praedictam.

864 4414 979 4481 ωε,
1022 4424 1147 4488 qua
1190 4403 1526 4466 manifeste
1570 4401 1873 4485 probetur
1916 4403 2084 4483 quod
2130 4401 2366 4482 Jejuni-

869 4525 978 4569 um
1008 4521 1127 4566 nec
1158 4502 1360 4585 possit
1389 4520 1506 4563 nec
1545 4500 1771 4562 debeat
1809 4518 2062 4585 semper
2099 4501 2359 4562 servari.
2603 4499 2906 4563 HEONAS
2948 4519 2963 4563 ι
3006 4499 3415 4580 Interrogatio
3455 4507 3664 4562 vestra
3709 4517 3835 4562 non
3889 4500 4001 4564 in—

869 4605 946 4667 Ut
975 4601 1147 4665 enim
1179 4600 1244 4661 in
1275 4597 1615 4678 Evangelio
1645 4597 1896 4678 legitur,
1920 4597 2364 4678 jejunantibus
2623 4615 2900 4678 congrua
2943 4593 3241 4660 meretur
3263 4614 3602 4678 agnoscere
3648 4598 3999 4679 integerri-

870 4699 1200 4765 Pharisaeis
1224 4716 1365 4761 cum
1389 4695 1724 4777 discipulis
1743 4696 2365 4778 Praecursoris,quum
2480 4716 2648 4759 mam
2681 4697 3011 4761 veritatem
3050 4694 3319 4777 quaesiti.
3352 4695 3495 4758 Post
3531 4696 3997 4761 ascensionem

871 4798 1154 4881 Apostoli
1197 4796 1480 4859 nondum
1524 4802 1848 4856 servarent
1885 4794 2152 4876 jejunia,
2189 4805 2368 4878 utpo-
2480 4795 2841 4868 SalvatoriS,
2875 4813 3016 4876 quae
3044 4793 3211 4855 facta
3238 4801 3334 4856 est
3363 4793 3841 4882 quadragesima
3876 4796 4001 4859 die

871 4909 934 4963 te
982 4899 1105 4961 filii
1155 4906 1217 4960 et
1265 4894 1548 4958 convivae
1605 4893 1822 4975 sponsi
1875 4895 2171 4968 coelestiS,
2225 4913 2372 4958 con·
2478 4915 2515 4957 a
2562 4914 2676 4956 sua
2732 4890 3215 4964 resurrectione,
3265 4890 3547 4973 Apostoli
3612 4891 3850 4953 reversi
3891 4894 4003 4957 ,de

870 4997 1080 5082 questi
1119 5003 1268 5059 sunt
1308 4993 1557 5057 Christo
1596 4991 1895 5073 discipuli
1934 4992 2366 5067 PraecursoriS,
2481 5000 2694 5054 monte
2736 4989 2963 5053 Oliveti
2992 4988 3088 5070 (in
3129 5006 3255 5071 quo
3286 4988 3573 5052 Christus
3612 4989 3689 5051 ad
3728 4989 3999 5054 Patrem
4064 5021 4173 5063 Aa,
4196 5035 4222 5068 2,

873 5097 986 5180 qui
1048 5093 1506 5179 perfectionem
1571 5089 1837 5170 justitiae
1899 5089 2240 5153 credebant
2303 5111 2370 5153 se
2478 5090 2827 5153 ascendens
2868 5087 3141 5171 praebuit
3176 5107 3245 5150 se
3283 5087 3655 5162 videndum,
3688 5087 3855 5150 sicut
3904 5090 4005 5153 le·
4038 5086 4109 5127 ¹²·

877 5195 1200 5279 possidere
1243 5192 1322 5254 de
1361 5188 1651 5271 jejuniiS,
1685 5205 1812 5250 non
1859 5188 1936 5249 de
1979 5187 2227 5251 actibus
2274 5209 2373 5252 ca-
2482 5188 2610 5250 ctio
2630 5188 2903 5250 Actuum
2925 5186 3371 5268 Apostolorum
3406 5185 3718 5268 testatur),
3740 5185 4005 5266 ingres—

876 5293 1082 5360 ritatis
1110 5292 1442 5372 (tanquam
1480 5293 1819 5348 sectatores
1861 5286 1920 5348 S.
1953 5286 2210 5349 Ioannis
2248 5288 2375 5350 exi·
2484 5287 2538 5350 si
2589 5293 2738 5349 sunt
2778 5285 3255 5368 Jerosolymam,
3301 5291 3363 5347 et
3412 5302 3527 5365 per
3568 5284 3789 5348 decem
3838 5285 4001 5351 dies

4315 4981 4316 4996 l

4246 5021 4283 5064 9.
