4359 6267
108 2459 144 2501 ll
155 2436 396 2505 Thes-stur,

115 2525 180 2563 to.
259 2551 270 2556 -

1085 498 1501 548 COLLATIONUH
1541 498 1628 543 SS.
1663 497 1906 543 PA'mmff
1946 496 2121 541 LIBER
2163 497 2226 541 11.
2272 516 2353 526 —
2394 496 2679 545 COLLATIO
2720 498 2866 543 xxiv

3407 478 3522 543 421

423 671 734 735 trimento
773 690 900 735 non
941 668 1162 733 leviori
1199 686 1213 730 :
1247 668 1550 751 quoniam
1593 686 1794 750 quum
1835 666 1923 729 sis
1953 664 2006 728 A
2034 666 2346 729 aestuanti.
2384 667 2528 729 Erat
2566 668 2633 729 in
2672 667 2927 730 civitate
2967 669 3235 749 quadam
3279 667 3527 750 peritis·

419 788 622 831 sanus
688 769 1118 849 robustusque
1185 784 1476 850 corpore,
1549 765 1924 828 sustentaris

417 867 638 929 alieno
673 868 1016 950 stipendio,
1059 867 1226 948 quod
1261 867 1434 946 juste
1474 865 1788 927 tributum
1829 872 1924 925 est

417 964 580 1027 solis
609 966 952 1028 debilibus.
975 966 1132 1028 Nam
1165 972 1393 1047 praeter
1425 964 1788 1037 monachOS,
1814 962 1922 1043 qui

415 1065 778 1127 secundum
812 1064 1163 1128 doctrinam
1190 1062 1495 1145 Apostoli,
1519 1063 1742 1123 vivunt
1776 1079 1926 1142 quo·

414 1162 682 1225 tidianis
713 1183 1022 1227 manuum
1052 1182 1314 1225 suarum
1349 1161 1695 1235 laboribuS‚
1730 1160 1922 1223 ceteri

417 1279 646 1324 omnes
707 1269 1075 1346 exspectant
1131 1280 1394 1343 agapen,
1447 1261 1727 1323 fructum
1790 1259 1924 1321 sive

423 1360 732 1434 laborem,
767 1361 990 1423 alienae
1028 1360 1414 1442 operationis
1451 1379 1465 1424 :
1507 1360 1586 1421 de
1628 1378 1753 1440 qua
1795 1376 1924 1419 cer-

423 1468 566 1520 tum
603 1467 701 1521 est
740 1459 1080 1522 sustentari
1113 1475 1240 1520 non
1272 1458 1479 1520 solum
1509 1476 1616 1520 eos
1657 1456 1766 1539 qui
1795 1456 1926 1537 glo-

423 1557 678 1620 riantur
713 1578 782 1620 se
819 1558 1159 1619 sustentari
1202 1556 1610 1619 facultatibus
1658 1573 1919 1619 suorum

423 1663 788 1737 parentum,
841 1675 955 1719 seu
1005 1655 1329 1719 laboribus
1379 1654 1767 1718 famulorum
1814 1659 1925 1716 aut

423 1753 746 1817 fructibus
805 1772 1068 1817 suorum
1129 1753 1499 1827 fundorum,
1563 1755 1672 1816 sed
1729 1752 1922 1815 etiam

2035 763 2237 825 simus
2287 772 2521 838 tonsor,
2574 766 2683 847 qui
2732 784 3260 847 unumquemque
3308 765 3525 828 deton-

2035 863 2190 924 dens
2230 881 2345 945 pro
2384 863 2587 925 tribus
2625 865 2922 939 denariiS‚
2954 865 3289 947 acquirens
3328 865 3522 926 vilem

2034 980 2106 1023 ac
2152 970 2408 1024 tenuem
2452 964 2663 1045 operis
2706 964 2803 1025 sui
2850 965 3232 1037 mercedem,
3274 981 3527 1044 compa-

2035 1060 2213 1123 rabat
2241 1080 2319 1122 ex
2348 1063 2567 1123 eadem
2598 1062 2947 1144 quantitate
2977 1062 3403 1125 necessarium
3438 1062 3525 1123 si-

2034 1158 2099 1221 bi
2149 1160 2416 1233 victum,
2471 1160 2813 1242 intulitque
2862 1179 2977 1223 suo
3027 1160 3351 1243 marsupio
3400 1161 3527 1223 sin-

2032 1258 2201 1339 gulis
2260 1258 2487 1321 diebus
2546 1266 2801 1321 centum
2861 1260 3168 1324 denarios.
3232 1261 3524 1342 Dumque

2037 1358 2469 1421 indesinenter
2500 1360 2867 1422 reconderet
2900 1360 3145 1421 lucrum
3178 1360 3318 1433 hoc,
3352 1361 3527 1423 audi-

2034 1456 2124 1518 vit
2152 1458 2321 1538 quod
2349 1458 2413 1518 in
2441 1457 2598 1519 urbe
2626 1459 2893 1538 quadam
2923 1466 3163 1521 remota
3188 1459 3526 1540 unusquis—

2033 1574 2158 1638 que
2202 1563 2421 1618 tonsus
2465 1557 2640 1618 daret
2686 1556 2922 1619 tonsori
2972 1557 3247 1619 solidum
3296 1578 3519 1620 unum.

2033 1654 2166 1727 Quo
2222 1654 2439 1716 audito
2491 1674 2506 1719 :
2557 1654 2893 1727 Quamdiu,
2945 1653 3175 1737 inquit,
3227 1674 3334 1719 ero
3382 1674 3527 1718 con-

2033 1758 2247 1813 tentus
2297 1752 2416 1815 hoc
2470 1752 2722 1815 modico
2777 1753 2974 1829 lucr0‚
3028 1774 3226 1835 quum
3282 1755 3519 1836 possim

423 1872 604 1935 reges
645 1854 890 1916 mundi.
925 1854 1212 1935 Denique
1249 1854 1694 1916 determinat-io
1731 1851 1922 1932 majo-
1952 1854 2000 1916 Β
2036 1850 2100 1911 in
2135 1850 2244 1913 illa
2272 1850 2526 1914 civitate
2563 1850 2748 1913 ditari
2783 1852 3087 1915 lucrando
3121 1859 3211 1914 tot
3245 1852 3523 1916 solidos?

426 1971 570 2013 rum
604 1960 968 2015 nostrorum
1002 1953 1120 2016 hoc
1151 1952 1364 2025 habet,
1402 1952 1701 2033 quoniam
1741 1950 1922 2033 quid-

426 2051 582 2131 quid
618 2051 934 2132 accipitur
967 2068 1082 2133 pro
1113 2050 1286 2113 victu
1327 2050 1718 2132 quotidiam,
1755 2049 1923 2130 quod

423 2150 810 2230 acquisitum
845 2168 972 2211 non
1001 2156 1096 2212 est
1125 2150 1383 2232 proprio
1412 2149 1648 2223 labore,
1681 2149 1756 2210 ad
1789 2166 1925 2229 aga-

427 2266 554 2329 pen
584 2248 882 2330 pertinet,
912 2248 1096 2327 juxta
1121 2247 1520 2330 Apostolum,
1556 2247 1666 2329 qui
1705 2247 1923 2309 otiosis

431 2346 688 2427 penitus
738 2346 1030 2429 prohibet
1085 2363 1273 2429 opem
1319 2346 1544 2409 alienae
1597 2344 1920 2427 largitatiS‚

427 2443 700 2507 dicendo
724 2444 880 2517 :Qui
909 2462 1036 2507 non
1065 2452 1382 2527 operatur,
1401 2461 1527 2506 non
1563 2444 1919 2506 manducet.

539 2542 646 2605 His
710 2543 924 2605 verbis
988 2564 1142 2606 usus
1201 2544 1267 2606 B.
1333 2543 1646 2607 Antonius
1707 2550 1926 2606 contra

425 2643 798 2724 quemdam,
839 2642 1209 2705 informavit
1266 2650 1329 2705 et
1386 2660 1500 2705 nos
1561 2641 1926 2723 magisterio

427 2740 530 2803 sui
556 2740 860 2824 exempli,
894 2749 964 2802 ut
994 2741 1352 2804 devitemus
1383 2740 1926 2823 perniciosissima

425 2838 868 2902 blandimenta
897 2848 1230 2926 parentum
1267 2847 1327 2902 et
1357 2858 1599 2921 agapen
1633 2840 1922 2902 omnium

423 2937 1058 3001 subministrantium
1089 2938 1444 3002 necessaria
1471 2938 1693 3012 victui,
1716 2946 1779 3001 et
1806 2956 1928 3002 om-

2031 1948 2249 2031 ltaque
2280 1968 2499 2011 secum
2530 1956 2789 2032 portans
2820 1950 3244 2013 instrumenta
3270 1971 3399 2014 suae
3429 1972 3524 2014 ar-

2032 2047 2134 2121 tis,
2180 2068 2329 2110 cum
2372 2048 2594 2128 grandi
2640 2048 2851 2111 labore
2895 2050 3187 2130 pervenit
3233 2051 3309 2112 ad
3360 2070 3526 2132 quae·

2032 2145 2498 2208 stuosissimam
2542 2145 2765 2208 urbem
2805 2146 3003 2219 illam,
3038 2165 3418 2210 consumens
3460 2148 3522 2209 in

2033 2244 2136 2307 via
2157 2264 2299 2326 quae
2327 2245 2527 2307 multo
2549 2252 2836 2327 tempore
2861 2248 3274 2327 congregavit.
3301 2249 3527 2321 Quum-

2034 2360 2158 2423 que
2190 2344 2409 2405 eadem
2441 2343 2544 2405 die
2576 2362 2702 2426 qua
2731 2344 2955 2407 urbem
2989 2345 3164 2407 illam
3205 2345 3525 2427 ingressus

2033 2447 2150 2516 est,
2203 2441 2545 2523 recepisset
2592 2441 2671 2503 ab
2722 2460 3106 2525 unoquoque
3156 2452 3339 2508 tonso
3386 2454 3526 2508 tan-

2037 2547 2170 2601 tum
2224 2540 2389 2602 sicut
2436 2541 2741 2615 audierat,
2791 2543 3015 2605 videns
3068 2544 3144 2605 ad
3194 2564 3521 2627 vesperam

2035 2658 2102 2700 se
2153 2638 2465 2701 lucratum
2525 2640 2757 2702 solidos
2804 2640 2985 2703 valde
3036 2643 3291 2715 multos,
3348 2644 3525 2707 laetus

2037 2736 2285 2799 transiit
2321 2738 2399 2799 ad
2440 2738 2779 2800 macellum
2822 2746 3153 2822 empturus
3192 2760 3411 2804 carnes
3447 2743 3527 2805 ad

2036 2836 2569 2898 manducandum.
2606 2837 2768 2910 Quas
2800 2858 2998 2920 quum
3032 2840 3329 2922 coepisset
3358 2861 3526 2904 eme-

2035 2954 2103 2996 re
2135 2953 2251 3017 pro
2284 2924 2577 3016 plurimis
2607 2936 2848 3010 solidis,
2882 2938 3176 3019 exposuit
3207 2957 3323 3021 pro
3351 2940 3523 3003 victu

427 3056 512 3098 ne
553 3037 851 3099 solatium
895 3037 1309 3121 habitationis
1356 3056 1644 3110 amoenae,
1687 3055 1924 3119 praepo-
1957 3039 2000 3102 C
2035 3034 2265 3114 exiguo
2309 3033 2619 3116 quidquid
2664 3033 2786 3096 suit
2830 3036 3131 3110 lucratuS,
3180 3057 3295 3101 nec
3339 3040 3525 3121 quid.-

425 3154 788 3217 namusque
845 3135 1094 3197 cunctis
1150 3135 1382 3217 opibus
1432 3134 1656 3197 mundi
1703 3153 1923 3197 arenas

423 3233 856 3299 amaritudine
899 3234 1166 3296 naturali
1213 3234 1574 3315 squalentes
1619 3241 1681 3295 et
1725 3233 1923 3314 regio-

431 3352 547 3395 nes
587 3333 752 3396 salsa
792 3332 1206 3395 inundatione
1252 3340 1563 3414 perustas,
1605 3339 1796 3414 atque
1841 3331 1923 3393 ob

427 3432 552 3495 hoc
575 3432 818 3493 nullius
845 3430 1258 3494 dominationi
1282 3438 1390 3493 aut
1409 3431 1542 3512 juri
1567 3431 1921 3512 subjectas:

429 3540 504 3593 ut
545 3531 943 3594 declinemus
985 3530 1376 3613 frequentias
1416 3531 1753 3593 hominum
1799 3548 1926 3593 non

427 3631 640 3693 solum
673 3630 937 3693 obtentu
968 3630 1329 3694 solitudinis
1362 3629 1569 3704 inviae,
1594 3630 1703 3691 sed
1733 3630 1922 3692 etiam

427 3738 504 3791 ut
541 3749 946 3812 nequaquam
987 3728 1283 3791 sollicitet
1321 3746 1434 3791 nos
1474 3728 1926 3811 qualicumque

426 3829 846 3910 occupatione
889 3828 1155 3890 culturae
1198 3833 1421 3890 natura
1463 3826 1679 3889 uberis
1722 3834 1924 3900 terrae,

431 3947 547 4011 per
590 3948 782 4010 quam
837 3945 1017 3989 mens
1067 3926 1368 3989 distracta
1411 3925 1490 3987 ab
1539 3926 1648 3987 illa
1696 3923 1931 4007 princi-

429 4027 559 4110 pali
609 4026 819 4090 cordis
869 4024 1174 4099 custodia,
1217 4024 1584 4087 redderetur
1633 4022 1928 4105 spiritua-

432 4127 604 4189 libus
649 4125 879 4188 studiis
923 4124 1138 4186 minus
1179 4130 1342 4205 apta.

806 4377 1308 4443 CAPITULUM
1369 4377 1558 4441 XIII.

496 4528 731 4585 Fabula
765 4528 1095 4599 composita
1132 4527 1205 4583 de
1247 4532 1506 4591 tonsore,
1543 4528 1628 4583 ad
1663 4542 1873 4598 coquo-

737 4617 988 4673 scendas
1017 4616 1336 4672 illusiones
1364 4616 1621 4673 diaboli.

572 4814 684 4877 AM
725 4814 896 4896 quod
941 4812 1264 4876 confiditis
1303 4832 1415 4876 vos
1459 4832 1642 4895 posse
1685 4814 1927 4877 salvare

590 4921 655 4975 et
684 4913 866 4987 alios,
889 4919 954 4975 et
983 4931 1094 4994 spe
1126 4911 1286 4974 lucri
1323 4912 1581 4992 majoris
1615 4911 1927 4975 festinatis

429 5012 510 5074 ad
549 5012 822 5094 patriam
863 5011 1291 5084 revisendam,
1323 5010 1537 5072 audite
1577 5030 1770 5092 super
1807 5011 1926 5073 hoc

431 5110 716 5173 fabulam
756 5110 1004 5173 abbatis
1040 5109 1291 5171 Macarii
1331 5108 1800 5188 jucundissime
1843 5118 1930 5172 at-

433 5228 560 5292 que
591 5208 923 5290 aptissime
957 5208 1217 5281 editam,
1254 5226 1443 5289 quam
1477 5207 1613 5290 ipse
1649 5225 1761 5289 pro
1802 5227 1931 5271 me-

431 5308 650 5373 dicina
671 5306 948 5369 narravit
971 5306 1222 5369 cuidam
1251 5305 1573 5369 similibus
1597 5306 1929 5369 desideriis

2037 3152 2227 3213 quam
2282 3132 2427 3193 inde
2476 3132 2755 3194 retinuit.
2799 3135 3003 3207 Quum
3057 3137 3268 3219 itaque
3316 3157 3529 3202 cerne-

2036 3237 2130 3292 ret
2169 3248 2236 3292 se
2280 3231 2562 3312 quotidie
2605 3250 2794 3295 omne
2844 3232 3091 3297 lucrum
3142 3255 3331 3299 suum
3381 3256 3526 3301 con-

2037 3348 2291 3392 sumere
2328 3346 2445 3391 nec
2478 3330 2829 3412 quidquam
2861 3334 3223 3409 recondere,
3259 3335 3389 3398 imo
3419 3338 3526 3399 vix

2036 3446 2224 3510 posse
2256 3429 2594 3491 sustentari
2627 3448 2704 3491 ex
2739 3430 2958 3494 solidis
2995 3432 3133 3495 istis
3171 3436 3523 3517 acquisitis,

2037 3528 2336 3609 cogitavit
2374 3528 2542 3611 apud
2580 3546 2669 3603 se,
2703 3530 2921 3592 dicens
2955 3550 2969 3595 :
3004 3533 3301 3596 Revertar
3329 3535 3391 3597 in
3428 3555 3528 3597 ur-

2038 3626 2186 3689 bem
2240 3646 2470 3701 meam,
2522 3634 2587 3688 et
2635 3629 3045 3709 promerebor
3093 3631 3181 3693 ibi
3234 3634 3527 3697 tenuissi-

2040 3745 2217 3787 mum
2246 3732 2551 3807 quaestum
2581 3745 2657 3787 ex
2691 3744 2816 3807 quo
2842 3728 3124 3808 quotidie
3149 3732 3532 3795 necessitati·

2038 3824 2158 3886 bus
2190 3823 2351 3885 meis
2382 3823 2629 3904 providi
2663 3832 2725 3885 et
2753 3824 3110 3903 abundavi3
3144 3835 3206 3889 et
3237 3831 3529 3909 quamvis

2040 3930 2319 4004 quaestus
2380 3921 2485 3983 ille
2538 3921 2874 3984 videbatur
2923 3924 3082 3986 mihi
3134 3926 3327 3988 nimis
3386 3948 3530 4010 par-

2039 4040 2156 4083 vus
2196 4039 2268 4083 ac
2308 4020 2541 4093 tenuiS,
2576 4038 2868 4101 magnam
2911 4030 3119 4084 tamen
3161 4024 3376 4087 intulit
3415 4028 3531 4088 mi-

2037 4120 2104 4181 hi
2154 4138 2475 4182 summam
2528 4137 2643 4181 suo
2698 4128 3037 4201 augmento
3084 4122 3358 4185 assidu0.
3410 4124 3530 4187 Lu-

1959 4222 2008 4284 D
2039 4218 2278 4281 crosior
2316 4218 2476 4279 mihi
2517 4215 2639 4279 suit
2676 4218 2782 4281 ille
2820 4238 3148 4293 nummuS,
3183 4239 3375 4301 quam
3411 4224 3530 4286 iste

2040 4318 2388 4382 solidorum
2446 4318 2857 4399 imaginarius
2917 4327 3217 4400 quaestuS,
3269 4340 3347 4384 ex
3403 4342 3531 4405 quo

2039 4436 2166 4481 non
2206 4416 2411 4480 solum
2451 4416 2614 4479 nihil
2651 4417 2809 4479 mihi
2850 4418 3193 4500 superfluit
3232 4422 3401 4502 quod
3438 4442 3533 4485 re-

2039 4517 2329 4591 condam,
2371 4516 2479 4577 sed
2530 4515 2635 4578 vix
2682 4517 3035 4580 necessaria
3071 4517 3271 4581 victui
3321 4520 3531 4602 quoti-

2038 4616 2227 4680 diano
2269 4616 2547 4698 acquiro.

2136 4714 2581 4787 Conformiter,
2635 4714 2869 4777 rectius
2921 4714 3105 4778 nobis
3156 4724 3253 4779 est
3303 4717 3533 4781 indesi-

2038 4820 2263 4875 nenter
2306 4813 2528 4875 sectari
2576 4813 3025 4876 tenuissimum
3071 4814 3265 4878 istum
3314 4818 3533 4880 solitu-

2039 4912 2208 4973 dinis
2262 4920 2575 4994 quaestum
2632 4931 2744 4975 seu
2798 4911 3102 4987 fructum,
3160 4934 3351 4996 quem
3406 4935 3531 4980 non

2038 5012 2325 5073 corrodat
2374 5010 2587 5092 aliqua
2643 5011 2975 5092 occupatio
3031 5013 3369 5085 saeculariS‚
3421 5015 3531 5077 ali-

2039 5128 2165 5191 qua
2216 5108 2535 5172 mundana
2585 5108 2885 5171 distentio
2937 5117 3044 5171 aut
3092 5110 3308 5190 gloriae
3355 5132 3531 5176 vanae

2038 5208 2248 5281 elati0,
2301 5227 2491 5289 quem
2553 5207 2742 5270 nullae
2800 5208 3259 5271 sollicitudines
3318 5230 3531 5275 neces—

2042 5306 2245 5369 sitatis
2308 5306 2551 5369 diurnae
2613 5306 2974 5369 diminuant
3030 5306 3295 5391 (melius
3357 5330 3531 5375 nam·
3562 5344 3627 5385 η,

3582 5277 3664 5320 Ρε.
3684 5289 3826 5329 xxxvi,
