4359 6267
1357 526 1438 571 DE
1477 525 1806 572 msmtJTls
1848 526 1932 571 88.
1975 526 2235 572 PA'mtm.
2282 546 2363 555 --
2402 527 2577 573 LIBER
2616 528 2677 573 lv
3485 506 3566 571 4⁷

469 694 562 774 pti
617 712 746 774 prae
793 694 1152 755 reverentia
1208 694 1378 755 senis
1427 702 1616 775 atque
1673 692 1964 773 obsequii
1995 692 2046 753 A
2079 693 2348 767 Christ0,
2382 714 2499 757 nec
2539 696 2783 758 curavit
2820 696 2897 756 de
2940 694 3356 777 praa-sentibus
3400 693 3566 755 affli-

467 791 880 872 simplicitate
912 791 1180 865 sincera,
1199 811 1326 873 qua
1355 797 1482 853 tota
1512 791 1641 853 fide
1673 790 1969 853 credebat

467 908 688 951 senem
737 890 876 951 sine
927 890 1166 952 ratione
1191 898 1317 951 -aut
1363 890 1599 952 frustra
1638 890 1730 951 nil
1780 907 1965 970 posse

465 988 836 1070 praecipere.

789 1240 1293 1304 CAPITULUM
1355 1240 1638 1304 XXVII.

459 1390 550 1444 De
577 1388 924 1444 humilitate
951 1394 1008 1443 et
1035 1388 1384 1444 obedientia
1411 1388 1655 1443 abbatis
1681 1389 1866 1443 Mutii
1895 1390 1962 1444 in

527 1477 922 1550 projiciendo
943 1479 1269 1549 proprium
1294 1478 1496 1548 filium
1539 1494 1712 1533 suum
1745 1479 1812 1532 in
1847 1478 1962 1551 slu-

532 1583 666 1623 men
684 1567 886 1639 J'uoeta
912 1568 1175 1624 senioris
1205 1568 1546 1641 imperium.

617 1775 1019 1850 UCUSQUE
1051 1794 1252 1857 pauca
1282 1776 1359 1838 de
1391 1777 1610 1838 multis
1640 1776 1824 1838 factis
1853 1775 1959 1837 ab-

2075 792 2395 854 ctionibus
2445 793 2606 873 ejuS,
2640 795 2747 855 sed
2802 794 3001 874 magis
3043 791 3355 873 gaudebat
3397 792 3567 873 quod

2076 909 2202 952 non
2264 890 2657 953 infructuose
2708 890 2867 952 vidit
2915 891 3127 952 filium
3180 909 3370 951 suum
3418 890 3569 951 talia

2075 989 2205 1069 pati
2233 1006 2497 1069 :parum
2531 989 2813 1069 cogitans
2843 989 2920 1051 de
2953 989 3210 1071 planctu
3242 989 3437 1063 illius,
3457 989 3568 1050 sed

2073 1087 2151 1148 de
2182 1087 2441 1167 propria
2471 1087 2830 1149 humilitate
2859 1106 2933 1149 ac
2973 1086 3363 1169 perfectione
3398 1087 3567 1149 solli-

2073 1185 2257 1247 citus.
2293 1186 2489 1259 Quam
2535 1185 2996 1247 districtionem
3043 1183 3568 1265 immobilemque

2073 1283 2343 1364 rigorem
2391 1283 2569 1346 Mutii
2620 1284 2874 1345 intuens
2916 1282 3113 1345 abbas
3164 1282 3461 1357 coenobii,
3504 1290 3567 1343 et

2072 1381 2491 1444 constantiam
2536 1381 2675 1461 ejus
2714 1381 2933 1444 volens
2975 1380 3225 1463 plenius
3265 1381 3561 1462 experiri,

2072 1498 2269 1559 quum
2302 1480 2574 1561 quadam
2606 1480 2709 1541 die
2739 1480 3002 1541 vidisset
3031 1498 3301 1560 puerum
3335 1478 3566 1541 lamen-

2071 1584 2332 1651 tantem,
2395 1578 2705 1639 simulans
2768 1597 2835 1640 se
2894 1584 3284 1639 commotum
3347 1585 3566 1639 contra

2071 1676 2391 1749 eumdem,
2426 1676 2585 1738 dixit
2616 1676 2810 1737 Mutio
2843 1692 2858 1736 ι
2893 1675 3087 1749 Tolle,
3120 1681 3181 1736 et
3209 1674 3378 1755 jacta
3415 1693 3561 1736 eum

2073 1774 2139 1835 in
2171 1773 2465 1836 fluvium.
2493 1775 2669 1836 Tunc
2702 1774 2828 1846 ille,
2854 1773 3036 1854 quasi
3068 1774 3187 1836 hoc
3218 1773 3341 1835 sibi
3372 1792 3409 1834 a
3438 1773 3565 1835 Deo

635 1874 799 1936 batis
825 1874 1082 1937 Joannis
1113 1874 1396 1937 sufficiat
1425 1875 1744 1937 recitasse.
1779 1875 1959 1937 Nunc
1998 1874 2044 1936 B
2074 1872 2100 1935 f
2105 1873 2300 1934 uisset
2333 1881 2742 1954 praeceptum,
2764 1890 2909 1934 mox
2936 1871 3147 1954 rapuit
3177 1890 3471 1953 puerum,
3490 1891 3564 1934 ac

459 1973 774 2035 enarrabo
834 1972 1076 2035 factum
1139 1972 1387 2034 abbatis
1451 1973 1628 2035 Mutii
1695 1972 1958 2053 dignum

463 2071 792 2133 memoria.
827 2070 942 2132 Hic
991 2088 1268 2152 namque
1311 2069 1759 2132 abrenuntiare
1802 2070 1962 2132 desi-

457 2168 690 2231 derans
739 2168 1000 2241 mundo,
1049 2168 1292 2229 tamdiu
1340 2174 1485 2229 ante
1532 2168 1700 2230 fores
1750 2186 1962 2229 mona—

455 2266 640 2327 sterii
686 2265 907 2346 jacuit,
951 2265 1152 2327 donec
1205 2265 1619 2347 insuperabili
1670 2284 1960 2347 perseve-

457 2364 668 2427 rantia
719 2382 836 2425 sua
892 2364 1171 2426 obtinuit
1229 2364 1427 2445 recipi
1488 2383 1634 2425 cum
1695 2364 1959 2444 parvulo

457 2461 602 2524 filio
631 2479 750 2524 suo
779 2461 1034 2523 circiter
1063 2469 1206 2523 octo
1235 2469 1803 2536 annorum,contra
1831 2480 1959 2523 om-

457 2578 612 2621 nem
653 2558 1186 2622 consuetudinem
1232 2558 1688 2623 coenobiorum.
1723 2560 1955 2633 Quum-

455 2678 586 2739 que
637 2658 876 2740 recepti
921 2658 1216 2731 fuissent,
1255 2675 1381 2720 non
1432 2657 1638 2719 solum
1688 2657 1956 2719 diversis

459 2756 783 2837 magistris
831 2764 980 2817 sunt
1032 2756 1265 2831 traditi,
1300 2756 1408 2818 sed
1459 2763 1522 2817 et
1569 2755 1954 2818 habitatione

455 2854 637 2915 cellae
689 2854 901 2915 statim
945 2853 1135 2915 divisi
1171 2871 1184 2915 :
1220 2872 1298 2915 ne
1343 2860 1520 2933 pater
1561 2853 1816 2914 assidua
1864 2854 1954 2916 vi-

451 2951 637 3014 sione
671 2950 919 3033 parvuli
955 2951 1078 3025 sui,
1113 2951 1549 3013 recordaretur
1579 2949 1952 3012 facultatum

2076 1971 2350 2051 propriis
2384 1971 2551 2032 ulnis
2583 1970 2773 2032 celeri
2807 1989 2997 2031 cursu
3033 1970 3306 2050 portavit
3336 1970 3413 2031 ad
3444 1970 3564 2031 flu-

2072 2068 2351 2139 vium‚ut
2380 2067 2443 2127 in
2474 2086 2621 2129 eum
2656 2067 2995 2148 projiceret
3019 2067 3370 2148 parvulum.
3387 2067 3560 2140 Quod

2071 2166 2264 2228 etiam
2304 2184 2383 2228 ex
2424 2165 2669 2229 fervore
2710 2165 2863 2227 fidei
2902 2172 2966 2227 et
3005 2164 3383 2228 obedientiae
3423 2183 3563 2247 pro-

2071 2262 2244 2325 tinus
2293 2263 2722 2344 adimplesset,
2764 2262 2889 2324 nisi
2939 2263 3017 2324 de
3068 2262 3381 2324 industria
3422 2263 3561 2344 qui-

2069 2362 2215 2424 dam
2262 2362 2505 2422 Fratres
2550 2361 2754 2442 ripam
2799 2359 3091 2421 fluminis
3139 2359 3557 2433 obsedissent,

2023 2478 2038 2489 ·
2067 2466 2132 2520 et
2177 2458 2653 2521 exsecutionem
2701 2457 3186 2539 impedivissent
3235 2458 3555 2539 praecepti.

2370 2719 2873 2784 CAPITULUM
2935 2718 3251 2782 XXVIII.

2067 2878 2348 2945 Qualiter
2382 2876 2712 2932 revelatum
2748 2878 2831 2931 sit
2871 2876 3083 2933 abbati
3118 2877 3399 2941 coenobii,
3430 2879 3559 2934 Mu-

2138 2970 2291 3023 tium
2319 2969 2532 3042 fecisse
2571 2982 2721 3037 opus
2748 2966 3011 3022 Abralzoe
3044 2968 3425 3038 patriarcha.»
3444 2986 3467 3029 ,·
3502 2974 3559 3023 et

449 3050 694 3131 quibus
735 3048 1148 3123 renuntiavit,
1183 3057 1244 3111 et
1284 3067 1363 3111 ne
1405 3049 1640 3111 carnali
1669 3048 1953 3113 affectio·
1990 3050 2034 3113 C
2134 3058 2299 3130 quod
2346 3058 2413 3111 in
2454 3056 2747 3126 reyimine
2790 3058 3145 3111 monasterii
3183 3057 3412 3111 Mutius
3450 3073 3555 3113 suo

447 3167 534 3211 ne
586 3147 799 3210 filium
849 3147 976 3209 sibi
1026 3165 1357 3229 superesse
1404 3147 1798 3227 adverteret3
1843 3150 1953 3211 sed

445 3246 621 3308 sicut
664 3246 980 3327 ignoravit
1019 3265 1086 3307 se
1126 3245 1391 3307 divitem
1429 3264 1590 3319 esse,
1625 3246 1718 3307 sic
1751 3248 1952 3309 nesci-

445 3345 548 3406 vit
596 3364 664 3406 se
714 3351 963 3425 patrem
1005 3344 1328 3406 exsistere.
1363 3344 1537 3416 Quod
1584 3352 1652 3405 ut
1702 3343 1952 3425 plenius

449 3442 856 3524 probaretur,
881 3460 963 3503 an
995 3442 1239 3503 scilicet
1272 3442 1414 3522 plus
1445 3441 1680 3503 faceret
1709 3462 1786 3503 ex
1817 3462 1954 3503 san—

444 3540 668 3621 guinis
714 3546 778 3600 et
816 3538 1134 3601 viscerum
1180 3558 1438 3601 suorum
1479 3539 1838 3613 affectione,
1872 3560 1952 3601 an

446 3658 533 3700 ex
597 3636 965 3700 obedientia
1023 3644 1087 3699 et
1145 3636 1377 3700 Christi
1439 3637 1950 3711 mortificatione,

445 3755 650 3817 quam
709 3735 920 3797 omnis
970 3735 1340 3797 renuntians
1390 3754 1504 3817 pro
1554 3735 1692 3815 ejus
1739 3755 1953 3798 amore

445 3834 646 3896 debet
696 3834 871 3896 omni
919 3833 1196 3895 sensuali
1239 3832 1564 3895 affectioni
1612 3833 1950 3915 praeferre3

444 3935 533 3996 de
563 3932 878 3995 industria
908 3931 1346 4012 negligebatur
1376 3931 1704 4012 puerulus,
1741 3932 1956 4013 panni-

443 4030 616 4093 culis
669 4030 880 4111 potius
933 4029 1192 4090 indutus
1241 4048 1434 4109 quam
1484 4028 1790 4103 vestibus,
1837 4030 1952 4091 im—

447 4128 792 4191 munditiis
841 4144 1097 4209 quoque
1155 4127 1246 4188 sic
1307 4133 1564 4207 opertus
1623 4146 1694 4189 ac
1746 4129 1953 4210 inqui-

2134 3146 2487 3202 site-cesserit
2526 3143 2738 3199 abbati
2744 3170 2761 3197 .-

2204 3350 2532 3424 ENIQUE
2562 3350 2725 3412 fides
2765 3357 2952 3431 atque
2989 3349 3240 3412 devotio
3278 3350 3455 3412 Mutii
3488 3350 3553 3413 in

2224 3456 2467 3510 tantum
2514 3447 2898 3529 complacuit
2940 3450 3090 3523 Deo,
3123 3448 3293 3529 quod
3336 3448 3555 3511 divino

2061 3554 2157 3607 est
2188 3546 2553 3608 testimonio
2592 3545 2961 3617 collaudata.
2999 3546 3153 3608 Nam
3194 3545 3383 3627 paulo
3414 3552 3557 3626 post

2063 3642 2407 3705 revelatum
2439 3651 2534 3704 est
2562 3642 2774 3704 abbati
2808 3642 3105 3715 coenobii‚
3129 3641 3387 3703 Mutium
3417 3659 3555 3703 esse

2066 3740 2468 3822 parificatum
2511 3741 2575 3802 in
2611 3740 2846 3802 virtute
2886 3738 3261 3801 obedientiae
3289 3739 3556 3801 Abrahae

2064 3838 2454 3919 patriarchae.
2490 3838 2825 3919 Quumque
2864 3836 3043 3898 brevi
3083 3846 3367 3918 tempore
3409 3853 3553 3898 con-

2063 3944 2380 3998 summato
2428 3935 2622 3997 abbas
2672 3936 2780 3998 ille
2831 3935 3213 4014 migraturus
3262 3941 3428 3995 esset
3475 3934 3551 3995 ad

2063 4034 2427 4105 Dominum,
2450 4034 2793 4114 praeposuit
2814 4033 3134 4095 Fratribus
3167 4032 3412 4093 cunctis
3432 4032 3556 4093 Mu-

2064 4132 2248 4206 tium,
2282 4150 2558 4212 eumque
2590 4131 2847 4212 reliquit
2886 4147 3319 4193 successorem
3360 4131 3458 4191 sui
3489 4138 3553 4191 et

441 4234 664 4299 natuS,
683 4233 754 4287 ut
783 4225 1156 4287 contristare
1189 4224 1388 4305 magis
1419 4244 1610 4305 quam
1640 4226 1952 4288 delectare
1983 4234 2032 4295 D
2062 4231 2356 4293 abbatem
2403 4227 2697 4291 coenobii.

440 4324 768 4407 potuisset
809 4323 1028 4385 oculos
1068 4322 1288 4403 patriS,
1320 4323 1570 4404 quoties
1611 4323 1835 4385 fuisset
1871 4324 1951 4386 ab

441 4422 774 4485 eo-visuS.
819 4421 1084 4501 Insuper
1132 4429 1308 4502 patre
1359 4439 1474 4484 suo
1523 4421 1798 4495 vidente,
1833 4421 1952 4483 fre-

443 4526 726 4601 quenter
767 4516 1052 4599 colaphis
1095 4518 1424 4600 alapisque
1469 4537 1806 4599 percussus
1855 4527 1950 4581 est

439 4616 694 4697 absque
744 4616 1054 4677 demerito
1112 4633 1250 4689 suo,
1301 4616 1388 4677 ita
1436 4624 1503 4677 ut
1563 4624 1741 4697 pater
1789 4637 1949 4678 nun-

437 4732 644 4796 quam
685 4714 928 4776 videret
967 4731 1162 4794 genas
1201 4713 1341 4793 ejus
1382 4714 1505 4775 nisi
1549 4714 1830 4777 lacrimis
1869 4715 1949 4776 ir-

437 4812 704 4892 rigatas.
739 4811 1074 4891 Quumque
1125 4829 1284 4891 puer
1328 4830 1442 4892 per
1487 4812 1768 4892 singulos
1813 4812 1949 4875 dies

437 4910 574 4972 sub
605 4909 808 4971 oculis
839 4908 1038 4990 patris
1069 4908 1279 4971 taliter
1309 4917 1703 4985 tractaretur,
1737 4918 1950 4974 tamen

441 5024 570 5091 pro
621 5006 851 5069 Christi
900 5024 1115 5068 amore
1163 5014 1226 5069 et
1267 5006 1500 5069 virtute
1550 5008 1947 5083 obediemus,

2400 4479 2903 4545 CAPITULUM
2964 4481 3213 4544 XXIX.

2174 4632 2260 4686 De
2297 4631 2514 4685 Fratre
2553 4628 2662 4700 qui
2700 4627 2895 4682 decem
2928 4634 3168 4699 sportas
3198 4630 3444 4702 publice

2424 4716 2865 4789 siyillatimque
2902 4717 3194 4772 vendidit.

2201 4914 2301 4977 ΟΝ
2344 4914 2698 4977 tacebimus
2736 4913 3004 4975 virtutes
3047 4914 3277 4977 Fratris
3320 4917 3555 4997 cogniti

2218 5013 2425 5087 nobis,
2477 5011 2861 5075 nobilissimi
2922 5030 3151 5092 genere
3204 5014 3554 5075 secundum

441 5105 700 5167 viscera
761 5104 959 5185 patris
1020 5104 1222 5184 rigida
1277 5112 1342 5167 et
1401 5105 1664 5169 immota
1717 5107 1954 5188 jugiter
2061 5110 2279 5173 saeculi
2311 5110 2888 5192 dignitatem:nam
2921 5109 3171 5171 comitis
3201 5109 3379 5171 filius
3408 5110 3552 5183 fuit,

445 5208 966 5285 permanserunt.
1019 5201 1155 5264 Non
1215 5203 1388 5264 enim
1439 5203 1570 5284 jam
1623 5205 1956 5286 reputabat
2060 5217 2124 5270 et
2155 5208 2527 5271 liberalibus
2556 5207 2799 5269 artibus
2830 5225 2957 5270 non
2990 5206 3393 5269 mediocriter
3422 5226 3557 5269 eru·

445 5301 674 5365 filium
713 5319 925 5376 suum,
957 5319 1150 5382 quem
1191 5320 1407 5364 secum
1453 5303 1689 5385 pariter
1726 5304 1958 5366 obtulit
2065 5306 2255 5368 ditus,
2290 5304 2406 5379 Qui
2451 5305 2604 5366 dum
2648 5304 2887 5367 relictis
2930 5305 3301 5386 parentibus
3346 5324 3555 5369 mona·
