4359 6267
864 486 982 551 124
1740 504 1818 550 nu
1859 504 2189 555 ms‘rrrnns
2232 504 2319 550 ss.
2353 505 2614 551 rA'mun.
2659 524 2742 535 —
2782 508 2957 554 11111111
2997 509 3085 554 xn

864 674 1037 755 pido,
1089 691 1216 737 non
1274 673 1649 755 permittens
1696 692 1846 736 eum
1893 672 2277 736 descendere
2322 690 2363 734 a
2388 672 2442 735 A

864 772 1137 854 pristino
1176 772 1460 836 saeculari
1492 780 1739 835 tumore
1773 773 1851 835 ad
1881 791 2097 835 veram
2128 771 2359 833 Christi

864 870 1313 945 humilitatem,
1356 871 1564 952 primo
1606 870 1759 933 facit
1800 890 1947 933 eum
1992 870 2360 933 inobedien-

864 977 994 1032 tem
1033 990 1106 1032 ac
1144 989 1463 1052 asperum,
1499 970 1728 1032 deinde
1769 986 1898 1032 non
1939 970 2178 1050 patitur
2211 986 2358 1031 eum

862 1088 1002 1131 esse
1034 1069 1255 1131 mitem
1286 1076 1474 1151 atque
1504 1067 1855 1142 affabilem,
1880 1086 1999 1129 nec
2030 1067 2181 1129 sinit
2210 1085 2360 1128 eum

865 1166 1188 1229 Fratribus
1238 1166 1545 1249 aequalem
1604 1165 1749 1229 fieri
1797 1184 1869 1227 ac
1925 1183 2357 1239 communem,

864 1284 984 1327 nec
1047 1265 1299 1347 plenam
1362 1265 1837 1347 apprehendere
1898 1271 2357 1345 paupertatem,

864 1363 1045 1443 juxta
1074 1362 1306 1426 Christi
1346 1363 1675 1425 salvatoris
1716 1382 1789 1423 ac
1829 1362 1939 1423 Dei
1981 1361 2179 1424 nostri
2217 1378 2363 1423 con-

864 1461 1102 1523 silium.
1156 1462 1488 1543 Quumque
1538 1460 1922 1522 renuntiatio
1968 1460 2139 1521 aliud
2197 1459 2359 1520 nihil

2825 722 3333 788 CAPITULUM
3395 725 3609 789 XXV.

2575 869 2923 927 Declaratio
2958 873 3250 929 vitiorum
3282 890 3420 946 quoe
3453 890 3534 929 θα·
3569 873 3866 946 superbia

3017 968 3405 1033 qenerantur.

2597 1164 2867 1228 ALIBUS
2917 1165 3129 1248 itaque
3178 1167 3580 1249 passionibus
3629 1188 3810 1231 mens
3861 1169 3978 1231 ob-

2615 1263 2856 1337 durata,
2897 1272 2962 1325 et
3003 1284 3149 1326 cum
3200 1266 3556 1329 detestabili
3605 1275 3824 1348 tepore
3875 1267 3974 1328 in-

2471 1359 2737 1441 cipiens,
2758 1380 3016 1425 necesse
3047 1371 3142 1425 est
3175 1372 3244 1425 ut
3272 1365 3558 1446 quotidie
3589 1364 3653 1426 in
3685 1365 3974 1427 det-erius

2471 1467 2730 1533 crescat,
2765 1468 2828 1521 et
2856 1459 3168 1542 reliquam
3210 1462 3406 1524 vitam
3445 1482 3624 1524 suam
3666 1462 3974 1525 deformi-

864 1560 946 1621 sit
994 1560 1117 1621 nisi
1176 1560 1489 1621 indicium
1546 1558 2059 1621 mortificationis
2107 1565 2171 1620 et
2220 1576 2359 1619 cru·
2470 1556 2561 1618 ori
2607 1556 2741 1619 fine
2785 1558 3138 1621 concludat.
3174 1561 3465 1643 Dumque
3509 1561 3974 1643 cupiditatibus

866 1658 979 1732 ciS,
1014 1676 1132 1721 nec
1169 1659 1375 1720 valeat
1416 1657 1697 1719 inchoari
1743 1664 1852 1718 aut
1890 1674 2175 1718 crescere
2217 1656 2360 1718 aliis
2471 1654 2760 1735 pristinis
2807 1656 3182 1731 oblectatur,
3233 1667 3297 1721 et
3342 1659 3648 1740 sacrilega
3702 1659 3978 1721 avaritia

864 1755 1295 1819 fundamentis
1335 1756 1460 1818 nisi
1499 1763 1569 1816 ut
1598 1754 1968 1817 renuntians
2007 1754 2254 1817 noverit
2291 1772 2359 1816 se
2471 1761 2804 1833 superatur
2831 1755 2936 1834 (de
2976 1774 3102 1837 qua
3141 1757 3230 1818 ait
3268 1758 3605 1838 Apostolus
3639 1777 3653 1821 :
3688 1758 3974 1819 Avaritia
4027 1778 4205 1821 cozan
4221 1793 4272 1825 ιιι,

864 1872 992 1916 non
1030 1854 1237 1917 solum
1286 1853 1699 1936 spiritualiter
1743 1861 2065 1915 mortuum
2108 1851 2358 1914 actibus
2394 1851 2440 1912 B
2471 1869 2612 1932 quae
2660 1859 2756 1912 est
2798 1852 3286 1915 simulacrorum
3334 1862 3443 1915 aut
3484 1854 3797 1918 idolorum
3839 1873 3974 1916 ser·
4005 1846 4050 1886 ⁵·

863 1952 1058 2032 hujus
1099 1951 1345 2027 mundi,
1377 1970 1601 2014 verum
1634 1952 1827 2013 etiam
1859 1951 2073 2013 credat
2110 1969 2175 2013 se
2207 1967 2359 2032 quo·
2469 1948 2676 2027 vitus;
2715 1956 2776 2011 et
2806 1950 3059 2025 iterum,
3093 1952 3289 2014 Radix
3319 1953 3608 2014 omnium
3649 1952 3968 2015 malorum
4045 1976 4276 2019 1rfm.n

862 2049 1019 2113 tidie
1089 2050 1499 2133 corporaliter
1566 2051 1947 2113 moriturum
1977 2068 1993 2127 ;
2054 2048 2191 2111 haec
2259 2068 2360 2111 su·
2468 2054 2564 2108 est
2592 2047 2902 2128 avaritia),
2936 2068 3261 2131 nunquam
3295 2058 3502 2132 potest
3531 2051 3598 2112 in
3627 2053 3814 2114 corde
3845 2069 3970 2114 suo
4007 2042 4080 2083 ¹⁰·

569 1279 834 1387 {lsattlnxm

600 1348 617 1387 ί
627 1376 639 1388 .

573 3046 676 3090 Act.
688 3058 759 3096 xx,
772 3047 839 3087 35.

866 2148 1086 2230 perbia
1114 2149 1468 2211 econtrario
1506 2148 1659 2211 facit
1688 2167 1836 2211 eum
1876 2167 2127 2230 sperare
2160 2146 2355 2209 vitam

867 2247 1675 2329 longaevam,proponitque
1703 2247 1762 2308 ei
1794 2245 2195 2308 infirmitates
2226 2262 2362 2327 pro·

867 2344 1025 2407 lixas
1066 2364 1139 2407 ac
1183 2345 1415 2407 multas
1459 2363 1601 2426 quae
1641 2345 1701 2405 ci
1744 2351 2010 2425 possunt
2044 2342 2354 2417 accidere,

865 2443 1096 2505 incutit
1138 2461 1391 2525 quoque
1441 2442 1882 2505 confusionem
1929 2450 2119 2525 atque
2164 2442 2360 2524 pudo-

865 2560 1001 2604 rem
1042 2542 1095 2603 si
1135 2542 1344 2604 nudus
1382 2560 1455 2603 ac
1487 2559 1729 2623 pauper
1767 2539 2061 2614 effectus,
2095 2540 2362 2621 coeperit

864 2641 1203 2703 sustentari
1262 2640 1671 2703 facultatibus
1728 2640 1974 2713 alieniS,
2037 2656 2162 2701 non
2223 2656 2364 2720 pro-

866 2738 1041 2820 priis.
1084 2739 1421 2801 Persuadet
1464 2738 1655 2801 etiam
1704 2738 1906 2799 multo
1951 2738 2180 2799 melius
2222 2754 2361 2799 esse

866 2836 1213 2898 ministrari
1255 2836 1377 2899 sibi
1413 2837 1655 2898 victum
1696 2844 1759 2898 et
1786 2836 2091 2899 vestitum
2130 2853 2208 2897 ex
2247 2852 2362 2896 sua

865 2935 1219 2997 substantia
1263 2936 1473 3017 potius
1517 2954 1709 3017 quam
1752 2954 1829 2997 ex
1875 2934 2102 3008 aliena,
2137 2952 2362 2996 secun-

2469 2145 2792 2226 suscipere
2823 2166 3039 2209 veram
3077 2167 3151 2210 ac
3183 2148 3544 2231 simplicem
3576 2149 3807 2213 Christi
3847 2150 3970 2211 hu-

2470 2244 2804 2307 militatem
2853 2262 2867 2306 :
2919 2246 3072 2308 dum
3117 2247 3426 2328 gloriatur
3472 2247 3804 2310 nobilitate
3857 2268 3970 2330 pa-

2469 2348 2744 2416 rentum,
2787 2344 2889 2405 vel
2934 2345 3011 2406 de
3055 2344 3272 2407 saeculi
3320 2346 3625 2427 dignitate
3674 2346 3967 2420 inflatur,

2470 2459 2662 2521 quam
2721 2459 2984 2523 corpore
3043 2450 3106 2504 et
3166 2460 3291 2506 non
3355 2452 3568 2507 mente
3626 2444 3974 2526 reliquisse

2470 2538 2794 2619 probatur,
2819 2541 2919 2603 vel
2949 2541 3026 2603 de
3059 2541 3350 2623 pecuniis
3383 2541 3773 2617 intumescit,
3807 2562 3978 2624 quas

2470 2636 2548 2698 ad
2596 2637 2920 2719 propriam
2979 2639 3232 2701 ruinam
3293 2650 3659 2719 conservat3
3710 2649 3982 2723 propter

2471 2753 2612 2814 quae
2643 2753 2769 2797 non
2800 2736 3150 2817 acquiescit
3176 2738 3310 2817 jam
3342 2738 3570 2819 jugum
3603 2740 3980 2802 monasterii

2472 2832 2806 2909 sustinere,
2841 2853 2958 2896 nec
2998 2835 3340 2917 disciplina
3383 2836 3657 2917 alicujus
3701 2838 3982 2900 senioris

2475 2930 2746 3004 institui,
2781 2951 2898 2993 nec
2928 2932 3306 2996 obedientiae
3337 2936 3618 3014 regulam
3653 2936 3984 2998 custodire

867 3033 1019 3095 dum
1066 3034 1224 3095 illud
1260 3053 1273 3097 :
1307 3034 1559 3096 Beatius
1600 3041 1695 3095 est
1734 3033 1935 3113 magis
1976 3033 2123 3094 dare
2168 3050 2361 3112 quam
2399 3029 2441 3091 C
2474 3027 2768 3107 dignatur
2802 3048 2815 3092 :
2851 3030 2982 3091 imo
3021 3049 3138 3092 nec
3180 3032 3383 3112 ipsam
3425 3032 3835 3113 perfectionis
3866 3035 3986 3097 do-

865 3132 1172 3213 accipere.
1217 3132 1393 3204 Quod
1440 3131 1713 3212 qualiter
1760 3131 2004 3191 dictum
2054 3130 2157 3203 sit,
2201 3149 2362 3190 nun-

865 3248 1059 3311 quam
1100 3228 1454 3311 intelligere
1487 3236 1784 3310 poterunt
1823 3228 1933 3289 tali
1971 3228 2360 3290 hebetudine

864 3345 937 3388 ac
982 3327 1189 3388 cordis
1232 3334 1448 3408 tepore
1493 3326 1725 3388 obtusi.

946 3424 1077 3486 Tali
1129 3424 1323 3505 igitur
1372 3423 1615 3486 desidia
1665 3424 1897 3486 mentis
1943 3423 2118 3495 victi,
2163 3430 2228 3485 et
2269 3422 2361 3483 in-

862 3521 1172 3583 fidelitate
1218 3522 1531 3583 diabolica
1576 3521 1852 3583 revocati
1892 3540 1929 3582 a
1968 3521 2247 3583 scintilla
2286 3520 2363 3581 fi-

864 3620 967 3681 dei
1018 3639 1145 3700 qua
1195 3620 1261 3681 in
1316 3619 1682 3701 primordiis
1741 3639 1869 3682 suae
1927 3619 2362 3681 conversionis

865 3718 987 3780 visi
1027 3718 1281 3779 ,fuerant
1321 3717 1599 3789 accensi,
1636 3717 1954 3797 incipiunt
1992 3715 2362 3798 diligentius

867 3815 1185 3878 custodire
1249 3815 1553 3897 pecunias
1615 3834 1771 3898 quas
1834 3822 1979 3877 ante
2042 3814 2363 3895 disperge-

866 3932 935 3976 re
975 3921 1318 3995 coeperant,
1353 3920 1415 3974 et
1452 3932 1557 3975 eas
1600 3913 1865 3975 avaritia
1902 3911 2362 3974 vehementiori

870 4018 1266 4086 conservant,
1300 4011 1475 4074 velut
1516 4030 1659 4092 quae
1705 4011 1901 4073 semel
1947 4009 2192 4082 effusae,
2235 4028 2362 4071 non

871 4117 1167 4191 poterunt
1196 4129 1233 4171 a
1263 4128 1331 4171 se
1371 4108 1637 4170 ulterius
1678 4108 1994 4189 reparari3
2028 4117 2157 4182 aut,
2194 4110 2362 4189 quod

2474 3126 2744 3187 ctrinam
2789 3126 3052 3189 auribus
3103 3128 3236 3190 suis
3282 3129 3582 3191 admittit.

2562 3223 2834 3285 Tantum
2885 3243 3137 3306 quoque
3188 3228 3418 3289 crescit
3467 3228 3530 3289 in
3584 3230 3770 3291 corde
3823 3228 3978 3310 ejus

2473 3320 2801 3383 fastidium
2851 3323 3201 3404 spiritualis
3251 3326 3585 3401 sermonis,
3634 3335 3701 3389 ut
3748 3328 3800 3389 si
3851 3327 3978 3389 fiat

2474 3419 2618 3481 talis
2668 3420 2942 3495 collatio,
2990 3422 3166 3484 visus
3216 3423 3356 3503 ejus
3407 3442 3534 3486 uno
3582 3425 3648 3486 in
3701 3425 3836 3489 loco
3887 3425 3975 3486 fi-

2471 3518 2533 3598 gi
2579 3536 2704 3579 non
2753 3519 2974 3600 possit,
3020 3521 3130 3581 sed
3171 3521 3298 3583 huc
3341 3521 3621 3603 illucque
3670 3523 3975 3604 stupidus

2473 3616 2982 3691 circumferatur,
3018 3626 3205 3701 atque
3244 3619 3570 3703 obliquius
3606 3641 3797 3703 quam
3831 3640 3976 3685 mo-

2474 3714 2562 3775 ris
2619 3722 2735 3787 est,
2787 3716 3091 3778 aliorsum
3157 3717 3627 3801 detorqueatur.
3682 3720 3976 3801 Denique

2473 3819 2661 3893 sputa
2718 3814 2795 3874 de
2855 3814 3025 3876 sicco
3073 3823 3327 3895 gutture
3377 3816 3518 3896 ejus
3568 3835 3685 3899 pro
3735 3817 3976 3880 saluta-

2475 3909 2654 3972 ribus
2721 3912 3016 3993 suspiriis
3077 3913 3516 3989 traducuntur,
3585 3917 3976 3980 exscreatio·

2475 4026 2586 4069 nes
2635 4010 2829 4070 etiam
2879 4010 3016 4071 sine
3067 4011 3196 4073 ulla
3244 4014 3594 4076 cessatione
3645 4014 3977 4095 phlegma-

2475 4106 2554 4167 tis
2611 4116 3054 4187 provocantur,
3110 4109 3290 4190 digiti
3352 4110 3599 4185 ludunt,
3651 4119 3716 4173 et
3765 4111 3975 4174 instar

871 4209 1057 4291 pejus
1100 4216 1218 4281 est,
1259 4226 1333 4270 ea
1375 4227 1516 4289 quae
1561 4206 1737 4288 prius
1785 4206 2149 4287 abjecerant
2193 4226 2364 4269 resu-
2394 4214 2443 4274 D
2475 4206 2891 4268 scribentium
2951 4208 3214 4270 volitant
3263 4228 3335 4269 ac
3389 4209 3790 4291 depingunt3
3839 4210 3970 4272 sic-

871 4313 1137 4379 mentes,
1189 4313 1297 4367 aut
1354 4312 1545 4380 certe,
1596 4306 1764 4385 quod
1813 4306 2072 4368 tertium
2127 4306 2365 4368 teterri—

870 4422 1177 4485 mumque
1206 4422 1407 4483 gcnus
1437 4403 1739 4484 nequitiae
1768 4410 1883 4474 est,
1913 4411 2362 4483 congregantes

868 4522 943 4564 ea
971 4522 1112 4583 quae
1152 4520 1270 4563 nec
1310 4508 1455 4562 ante
1494 4499 1833 4574 habebant,
1868 4502 2102 4581 egressi
2138 4502 2216 4563 de
2255 4520 2364 4563 sae-

868 4600 1013 4663 culo
1057 4599 1553 4685 comprobantur
1601 4598 1691 4659 nil
1738 4598 2013 4679 amplius
2058 4599 2366 4679 acquisis-

868 4721 935 4764 se
978 4720 1171 4782 quam
1215 4718 1448 4762 nomen
1491 4706 1682 4780 atque
1722 4698 2105 4761 vocabulum
2150 4716 2363 4761 mona-

869 4799 991 4860 chi.
1027 4799 1243 4878 ltaque
1274 4816 1466 4877 super
1495 4797 1617 4859 ista
1654 4796 2141 4859 renuntiationis
2184 4795 2366 4859 initia

871 4898 1034 4959 male
1083 4914 1154 4957 ac
1205 4895 1433 4957 vitiose
1492 4893 1775 4968 fundata,
1826 4914 2085 4957 necesse
2142 4904 2240 4957 est
2297 4904 2366 4958 ut

870 4996 1169 5058 universa
1206 4984 1525 5055 structura
1554 4992 1845 5054 vitiosius
1884 4993 2187 5075 deinceps
2219 5012 2366 5056 con-

870 5100 1119 5175 surgat;
1162 5111 1280 5154 nec
1326 5091 1567 5172 aliquid
1609 5091 1809 5153 valeat
1858 5110 2050 5173 super
2092 5094 2370 5173 pessima

873 5192 1288 5254 fundamenta
1316 5188 1643 5262 aedificari,
1676 5188 1801 5250 nisi
1835 5190 2003 5271 quod
2045 5191 2370 5254 miserabi-

856 5292 1002 5353 lem
1046 5291 1325 5353 animam
1371 5288 1722 5369 lugubriori
1769 5294 2123 5368 prosternat
2163 5290 2363 5352 ruina.

2473 4322 2596 4385 que
2634 4304 2759 4365 huc
2802 4313 2865 4365 et
2905 4305 3058 4366 illuc
3103 4306 3398 4368 universa
3439 4308 3723 4388 corporis
3767 4326 3971 4371 mem-

2473 4401 2586 4464 bra
2639 4410 2995 4477 moventur,
3044 4411 3113 4464 ut
3166 4405 3318 4465 dum
3373 4405 3724 4487 spiritualis
3773 4407 3966 4470 colla-

2476 4501 2562 4563 tio
2609 4501 2836 4581 agitur,
2881 4502 3094 4563 credat
3141 4521 3208 4564 se
3253 4510 3452 4565 totum
3503 4505 3722 4566 sedere
3770 4524 3972 4587 super

2473 4617 2721 4661 vermes
2785 4608 3192 4681 erumpentes
3254 4609 3361 4662 aut
3424 4621 3616 4683 super
3672 4604 3969 4665 acutissi-

2475 4716 2610 4759 mas
2669 4698 2908 4778 spinaS,
2953 4706 3016 4760 et
3075 4700 3388 4781 quidquid
3445 4700 3718 4781 simplex
3777 4701 3972 4764 colla·

2475 4796 2565 4857 tio
2621 4796 2699 4857 ad
2757 4795 3152 4858 audientium
3213 4798 3702 4861 aedificationem
3755 4808 3974 4882 protu-

2478 4894 2643 4968 lerit,
2699 4894 2782 4957 ob
2839 4914 3018 4957 suam
3078 4896 3640 4978 reprehensionem
3699 4898 3976 4961 aestimet

2476 5011 2615 5055 esse
2650 4994 2986 5075 prolatum.
3023 4993 3303 5076 Totoque
3346 5002 3631 5076 tempore
3667 5012 3794 5077 quo
3831 5014 3978 5059 exa-

2479 5092 2743 5154 minatio
2791 5092 3141 5174 spiritualis
3192 5094 3338 5156 vitae
3388 5093 3797 5175 protrahitur,
3833 5094 3974 5176 ipse

2479 5191 2612 5253 suis
2665 5189 3140 5271 suspicionibus
3183 5198 3552 5272 occupatus,
3587 5208 3716 5253 non
3758 5192 3980 5253 adver·

2480 5292 2556 5352 tit
2605 5290 2758 5371 quid
2811 5290 2890 5352 ad
2951 5309 3138 5351 suum
3199 5289 3556 5372 profectum
3605 5309 3682 5351 ex
3736 5308 3980 5355 sermo—
