4359 6267
566 4047 750 4155 ΙῚΤΙιου.
765 4063 805 4102 v,

547 4117 562 4156 l
599 4145 610 4156 .

830 491 950 558 404

1490 514 1905 562 COLLATtoNUM
1947 515 2032 560 SS.
2068 513 2313 560 PATRUI!
2354 513 2529 559 LIBER
2570 514 2631 558 n.
2678 531 2758 541 ·-
2796 510 3085 559 conano
3123 515 3277 560 xxm

834 700 1008 763 pore,
1043 691 1114 745 ut
1143 693 1356 766 posset
1390 685 1670 768 perfecte
1701 684 1968 766 adipisci
1999 684 2120 746 hoc
2153 702 2327 745 sum·
2359 680 2410 743 A
2447 681 2665 744 multis
2696 681 3160 756 instrumentiS‚
3189 681 3491 756 vasculis,
3522 679 3792 744 sarcinis
3830 699 3941 742 oc-

836 799 1012 842 mum
1067 781 1332 856 bonum,
1385 783 1553 865 quod
1605 790 1700 845 est
1748 783 1870 844 frui
1925 781 2158 844 intuitu
2217 781 2326 843 Dei

831 886 896 940 et
940 879 1188 944 Christo
1236 881 1746 964 inseparabiliter
1787 881 2127 942 adhaerere.
2169 880 2329 942 Nam

833 995 1063 1059 corpus
1110 980 1421 1041 caducum
1466 988 1530 1042 et
1577 979 1792 1040 multis
1841 977 2329 1041 necessitatibus

832 1075 1192 1158 fragilitatis
1225 1078 1496 1160 propriae
1528 1077 1930 1159 impeditum,
1965 1094 2091 1139 non
2123 1083 2330 1158 potest

831 1194 868 1236 a
901 1175 1130 1238 Christi
1173 1176 1488 1239 consortio
1527 1195 1653 1239 non
1684 1176 1893 1238 avelli.
1929 1175 2327 1257 Impossibile

832 1292 1088 1356 quoque
1132 1283 1227 1336 est
1272 1275 1468 1337 menti
1509 1294 1652 1357 quae
1694 1283 1822 1336 tam
1870 1274 2109 1337 crebris
2154 1273 2327 1335 curis

833 1372 1236 1447 distenditur,
1283 1382 1408 1435 tam
1449 1375 1658 1436 variis-
1689 1393 1762 1435 ac
1813 1373 2094 1436 molestis
2137 1391 2326 1453 ango-

833 1470 1011 1532 ribus
1057 1471 1462 1553 praepeditur‚
1508 1472 1745 1553 jugiter
1788 1471 1914 1533 frui
1966 1472 2185 1534 divino
2233 1471 2325 1532 in-

833 1569 1018 1631 tuitu.
1054 1570 1227 1642 Quod
1269 1570 1441 1632 enim
1483 1577 1686 1652 potest
1725 1589 1862 1632 esse
1895 1577 2024 1630 tam
2061 1568 2325 1631 firmum

833 1667 1116 1729 studium
1174 1668 1573 1749 arduumque
1626 1669 2021 1750 propositum
2075 1668 2328 1730 Sancto-

832 1784 998 1840 rum,
1032 1765 1135 1826 cui
1167 1775 1458 1828 versutus
1500 1767 1608 1828 ille
1651 1765 1979 1828 insidiator
2020 1783 2144 1827 non
2188 1765 2328 1826 illu-

2444 788 2737 862 cupatam
2776 797 2789 843 :
2826 798 3035 843 nonne
3078 781 3419 844 caecutiens
3462 780 3803 843 aestimabit
3848 779 3941 842 ibi

2442 879 2533 941 nil
2576 879 2749 942 aliud
2792 898 2931 942 esse
2974 879 3099 941 nisi
3138 879 3432 954 armaria,
3476 879 3693 952 lectos,
3734 897 3945 942 scam-

2442 997 2544 1052 na,
2594 979 2924 1060 praesepia,
2965 987 3027 1041 et
3071 977 3384 1060 quidquid
3424 978 3773 1040 occurrerit
3810 997 3949 1040 ma-

2442 1076 2633 1138 nibus
2673 1076 2813 1156 ejus
2846 1077 3045 1157 magis
3087 1095 3277 1158 quam
3309 1075 3554 1155 oculis3
3587 1076 3791 1139 nihilo
3821 1077 3945 1137 mi-

2443 1194 2563 1237 nus
2603 1175 2712 1256 qui
2747 1175 3174 1238 clarissimum
3205 1175 3418 1237 visum
3450 1175 3661 1248 habet,
3693 1175 3947 1238 videbit

2444 1272 2533 1335 ibi
2572 1292 2712 1336 esse
2750 1273 2875 1336 alia
2912 1274 3115 1336 multa
3153 1273 3552 1356 parvissima,
3584 1294 3727 1355 quae
3756 1274 3947 1336 dinu-

2444 1372 2672 1433 merari
2712 1372 2821 1433 vix
2860 1380 3097 1454 queant
3137 1389 3153 1434 ε
3197 1393 3338 1455 quae
3378 1373 3431 1435 si
3476 1380 3947 1454 congregentur

2445 1470 2509 1532 in
2542 1490 2767 1544 unum,
2800 1491 2914 1534 sua
2950 1471 3364 1534 multitudine
3404 1471 3943 1553 compensabunt,

2440 1577 2550 1631 aut
2579 1569 2741 1632 forte
2773 1571 3223 1633 transcendent
3253 1569 3757 1652 magnitudinem
3788 1589 3948 1652 pau-

2442 1685 2661 1729 corum
2703 1687 2845 1750 quae
2885 1668 3099 1751 lippus
3140 1669 3551 1752 palpaverat?
3582 1668 3685 1731 Sic
3724 1668 3941 1730 Sancti

2442 1766 2809 1840 illuminati,
2852 1767 2961 1849 qui
3004 1785 3258 1830 summo
3302 1767 3515 1830 studio
3560 1765 3945 1850 perfectioni

831 1864 936 1925 dat
974 1863 1402 1946 quandoque?
1442 1865 1591 1938 Quis
1633 1864 1718 1929 ita
1765 1871 2040 1926 sectatus
2089 1872 2186 1926 est
2233 1882 2328 1925 so-
2363 1863 2410 1925 B
2442 1865 2668 1928 intenti
2719 1872 2888 1938 sunt,
2933 1865 2998 1927 in
3049 1884 3116 1927 se
3156 1865 3314 1947 ipsis
3363 1865 3671 1947 sagaciter
3718 1866 3948 1948 depre-

832 1961 1122 2024 litudinis
1171 1962 1405 2033 abdita,
1449 1971 1512 2024 et
1555 1963 1640 2024 ita
1682 1962 1909 2025 vitavit
1960 1962 2325 2025 mortalium

835 2061 1276 2123 universorum
1339 2061 1676 2134 consortia,
1727 2068 1793 2122 ut
1846 2079 2173 2142 nunquam
2237 2061 2325 2122 la-

833 2178 985 2241 psus
1015 2159 1097 2220 sit
1127 2161 1504 2240 cogitatione
1535 2158 1878 2241 superflua,
1905 2177 2112 2241 neque
2144 2158 2328 2220 intui-

833 2265 901 2318 tu
933 2275 1146 2319 rerum
1177 2258 1278 2320 vel
1308 2259 1725 2339 occupatione
1759 2263 2019 2319 actuum
2051 2266 2327 2320 terreno-

833 2375 976 2417 rum
1017 2356 1324 2418 deciderit
1361 2375 1398 2417 a
1438 2355 1973 2438 contemplatione
2015 2356 2148 2429 Dei,
2185 2376 2325 2438 quae

833 2474 980 2517 vere
1025 2455 1157 2518 sola
1207 2455 1371 2518 bona
1420 2458 1557 2518 est?
1596 2455 1745 2528 Quis
1793 2473 2075 2536 unquam
2119 2457 2323 2537 potuit

833 2555 1106 2616 retinere
1151 2561 1396 2616 tantum
1446 2553 1786 2628 fervorem,
1836 2562 1905 2615 ut
1954 2573 2082 2616 non
2129 2562 2325 2616 trans-

832 2652 1105 2715 ferretur
1161 2652 1446 2715 vicissim
1509 2651 2000 2734 cogitationibus
2061 2652 2326 2714 lubricis

831 2750 912 2813 ab
971 2751 1318 2814 attentione
1385 2751 1709 2825 orationiS,
1773 2751 1992 2833 sicque
2063 2759 2326 2831 repente

833 2857 1155 2913 corrueret
1198 2850 1276 2911 de
1320 2848 1686 2914 eoelestibus
1726 2850 1802 2911 ad
1855 2852 2140 2941 terrena?
2176 2849 2327 2922 Quis

833 2956 1121 3013 nostrum
1164 2950 1264 3030 (ut
1303 2957 1512 3011 cetera
1549 2957 1837 3029 tempora
1881 2949 2323 3028 evagationum

2439 1963 2729 2025 hendunt
2767 1982 2909 2045 quae
2954 1982 3135 2025 mens
3180 1963 3517 2027 tenebrosa
3558 1982 3684 2027 non
3734 1963 3947 2026 intue-

2438 2069 2563 2134 tur,
2594 2069 2658 2124 et
2696 2062 3003 2124 acerrime
3045 2061 3387 2144 reprobant
3425 2080 3501 2124 ea
3532 2081 3547 2126 :
3582 2062 3648 2124 in
3686 2069 3947 2124 tantum

2439 2168 2509 2221 ut
2550 2161 2613 2222 hi
2655 2160 2765 2242 qui
2808 2161 3147 2223 candorem
3192 2179 3323 2223 suae
3362 2161 3767 2224 conscientiae
3808 2179 3945 2224 non

2438 2258 2916 2321 maculaverunt
2946 2258 3345 2321 tenuissimis
3374 2259 3581 2340 culpis
3610 2259 3709 2340 (ut
3739 2260 3951 2340 negli-

2436 2357 2665 2437 gentiae
2689 2366 2919 2419 nostrae
2944 2357 3254 2439 apparet),
3274 2356 3611 2419 videantur
3632 2357 3755 2420 sibi
3788 2359 3959 2420 mul·-

2436 2456 2518 2517 tis
2562 2455 2828 2516 maculis
2869 2454 3208 2536 inquinati.
3255 2455 3428 2528 Quod
3469 2455 3522 2517 si
3565 2456 3955 2537 improbitas

2437 2573 2613 2617 vante
2643 2553 3042 2634 cogitationis
3074 2572 3200 2616 non
3238 2553 3565 2635 irrepserit
3596 2554 3816 2628 menti,
3848 2575 3957 2617 re-

2438 2653 2718 2716 cordatio
2766 2652 2995 2734 psalmi
3055 2653 3311 2714 dicendi
3364 2653 3590 2716 avertit
3650 2653 3956 2716 attentio-

2438 2771 2586 2814 nem
2632 2751 2949 2833 precantis
2995 2759 3283 2833 tempore
3327 2748 3650 2814 orationiS.

2515 2851 2781 2932 Nempe,
2816 2858 2887 2911 ut
2924 2851 3105 2912 aiunt
3136 2850 3371 2924 PatreS,
3404 2849 3457 2912 si
3499 2857 3694 2913 totam
3732 2850 3953 2913 aciem

2440 2949 2671 3011 mentis
2701 2948 3111 3030 corporisque
3142 2947 3485 3029 defigimus
3517 2948 3583 3010 in
3612 2948 3951 3011 hominem

833 3048 1152 3129 omittam)
1201 3047 1414 3129 lapsus
1466 3065 1589 3109 non
1640 3054 1735 3108 est
1784 3047 2058 3128 quodam
2111 3055 2326 3128 stupo-
2365 3051 2409 3116 C
2440 3067 2630 3130 quem
2672 3066 2988 3128 rogamuS,
3026 3066 3227 3129 quum
3269 3046 3705 3128 supplicamus
3744 3047 3951 3110 alicui

834 3167 924 3218 re,
967 3146 1160 3208 etiam
1200 3145 1311 3207 illo
1357 3153 1678 3207 momento
1721 3163 1849 3226 quo
1899 3144 1976 3206 ad
2027 3144 2329 3206 sublimia

837 3253 1116 3307 mentem
1156 3243 1377 3317 erexit,
1411 3243 1780 3325 supplicans
1813 3244 1960 3316 Deo,
1993 3250 2185 3324 atque
2216 3262 2330 3324 per

836 3344 898 3406 id
942 3341 1211 3405 offendit
1254 3341 1476 3403 saltem
1521 3341 1782 3415 invituS,
1826 3361 1938 3423 per
1980 3341 2148 3422 quod
2194 3361 2331 3423 spe-

834 3441 998 3503 ravit
1038 3448 1101 3502 et
1139 3439 1380 3520 rogavit
1419 3439 1669 3501 veniam
1711 3439 2086 3500 delictorum
2119 3442 2143 3499 2
2179 3438 2329 3512 Quis

836 3547 965 3601 tam
997 3537 1376 3600 exercitatus
1405 3557 1478 3598 ac
1510 3537 1779 3619 vigilans
1819 3545 1935 3609 est,
1971 3545 2042 3598 ut
2077 3537 2330 3600 animus

835 3636 977 3717 ejus
1008 3653 1336 3716 nunquam
1375 3634 1727 3697 abducatur
1755 3655 1792 3697 a
1822 3654 2012 3698 sensu
2053 3636 2333 3717 Scriptu-

837 3753 943 3806 rae,
994 3733 1146 3794 dum
1200 3733 1466 3815 psallit-2
1515 3734 1665 3806 Quis
1711 3742 1838 3794 tam
1889 3732 2221 3795 familiaris
2270 3740 2331 3794 et

837 3839 966 3892 tam
999 3831 1378 3911 conjunctus
1407 3839 1504 3893 est
1535 3832 1676 3898 Deo,
1712 3839 1777 3891 ut
1808 3832 2073 3912 gaudeat
2107 3851 2172 3894 se
2207 3849 2332 3893 uno

839 3929 942 3991 die
976 3928 1273 4010 implesse
1305 3928 1462 3990 illud
1488 3928 1905 4009 apostolicum
1940 3936 2327 4009 praeceptum

837 4045 965 4109 quo
1010 4025 1193 4106 jubet
1243 4043 1356 4088 nos
1407 4025 1544 4087 sine
1595 4024 2063 4087 intermissione
2113 4029 2331 4087 orare?

840 4127 988 4200 Quae
1027 4126 1242 4188 omnia
1281 4125 1574 4206 quamvis
1614 4125 1948 4186 videantur
1989 4123 2152 4185 levia
2196 4133 2258 4186 et
2296 4145 2333 4186 a

2441 3146 2700 3209 sublimi
2727 3146 2883 3220 viro,
2900 3163 3025 3208 non
3052 3145 3259 3207 dicam
3290 3163 3406 3226 pro
3431 3146 3633 3208 salute
3660 3154 3769 3207 aut
3790 3147 3954 3220 vita,

2442 3244 2550 3306 sed
2583 3261 2697 3325 pro
2738 3243 3073 3306 commodo
3103 3243 3262 3305 lucri
3302 3242 3559 3316 terreni,
3592 3251 3656 3305 et
3693 3243 3957 3324 trepida

2441 3342 2910 3424 exspectatione
2968 3341 3322 3424 pendemus
3372 3341 3449 3404 de
3500 3349 3661 3403 nutu
3712 3341 3952 3423 ipsiuS,

2441 3458 2568 3503 non
2614 3440 3019 3502 mediocriter
3063 3439 3479 3502 formidantes
3524 3457 3603 3502 ne
3648 3440 3953 3522 ineptum

2440 3539 2684 3621 aliquid
2735 3538 3155 3621 proferamuS,
3196 3557 3310 3621 per
3360 3538 3529 3620 quod
3578 3547 3954 3602 avertamus

2442 3638 2742 3719 pietatem
2792 3637 2931 3717 ejus
2980 3657 3017 3699 a
3062 3636 3291 3714 nobis3
3331 3655 3574 3711 rursuS,
3616 3637 3672 3698 si
3719 3637 3952 3706 tussis,

2442 3744 2725 3817 sputum,
2772 3735 2960 3809 risuS,
3005 3735 3295 3797 oscitatio
3337 3734 3439 3796 vel
3482 3752 3744 3797 somnus
3788 3734 3956 3796 irre-

2442 3833 2641 3916 pserit
2678 3834 2861 3896 nobis
2902 3833 3264 3896 constitutis
3308 3833 3371 3895 in
3413 3832 3551 3896 foro
3591 3851 3800 3896 coram
3840 3833 3958 3913 ju-

2442 3932 2583 3994 dice
2632 3932 2941 4004 saeculari,
2994 3933 3061 3994 in
3113 3932 3323 3994 media
3372 3927 3817 4014 prosecutione
3884 3942 3959 3994 et

2444 4030 2751 4092 conflictu
2792 4049 2998 4092 causae
3040 4037 3291 4099 nostrae,
3326 4031 3687 4093 adversario
3724 4037 3961 4094 nostro

2445 4135 2775 4211 praesente,
2820 4136 3057 4210 quanta
3096 4128 3336 4190 invidia
3374 4128 3801 4191 commovebit
3840 4130 3963 4191 ad-

841 4234 1102 4307 peccato
1151 4224 1358 4286 aliena
1405 4242 1543 4286 esse
1596 4221 1979 4304 quibusdam
2030 4223 2138 4304 qui
2188 4241 2331 4304 gra·
2362 4228 2412 4291 D
2444 4227 2759 4288 versarius
2802 4227 3204 4288 severitatem
3259 4225 3495 4306 judicis
3538 4226 3613 4287 ad
3662 4233 3959 4288 nostram

837 4323 1124 4388 vioribus
1164 4323 1336 4385 vitiis
1382 4320 1814 4393 involvuntur,
1863 4321 2205 4384 multitudo
2248 4329 2335 4383 ta-

844 4443 988 4486 men
1051 4421 1460 4483 minimarum
1521 4439 1731 4481 rerum
1794 4419 1927 4481 sive
1997 4420 2331 4502 culparum

839 4519 1216 4602 gravissima
1257 4525 1353 4579 est
1394 4516 1758 4579 sitientibus
1802 4515 2279 4599 perfectionem.

1247 4743 1750 4808 CAPITULUM
1811 4745 1926 4807 VI.

922 4867 1092 4936 Quod
1120 4866 1314 4938 lippis
1341 4865 1468 4919 sint
1495 4863 1745 4928 similet«,
1777 4865 1886 4937 qui
1915 4865 2169 4920 credunt
2195 4883 2255 4921 se

1305 4971 1429 5010 esse
1458 4954 1590 5009 sine
1612 4959 1878 5025 peccato.

978 5109 1176 5172 ELUT
1225 5107 1277 5170 si
1330 5125 1642 5190 ponamus
1689 5106 1870 5179 duoS,
1923 5127 2121 5169 unum
2167 5109 2335 5170 clare

996 5207 1342 5278 videntem,
1374 5205 1572 5266 alium
1604 5205 2042 5268 caecutientem
2074 5225 2187 5267 seu
2220 5206 2337 5287 lip-

842 5325 1021 5388 pum,
1060 5306 1375 5386 ingressos
1416 5304 1696 5385 aliquam
1738 5303 2000 5366 domum
2043 5322 2335 5384 magnam

2444 4324 2845 4407 perniciem?
2886 4324 3130 4397 Quanto
3175 4324 3373 4404 magis
3424 4324 3577 4385 dum
3628 4323 3964 4405 supplica-

2446 4443 2587 4485 mus
2657 4430 3045 4485 secretorum
3104 4422 3395 4485 omnium
3456 4421 3767 4503 cognitori
3828 4441 3965 4503 pro

2444 4521 2741 4584 evasione
2764 4529 3015 4584 aeternae
3046 4520 3471 4584 damnationis
3500 4520 3816 4593 instantiS,
3846 4523 3969 4584 ad-

2446 4627 2649 4682 stante
2698 4638 2776 4681 ex
2824 4619 3091 4682 adverso
3140 4618 3555 4682 callidissimo
3612 4619 3967 4682 seductore

2444 4738 2517 4782 ac
2557 4717 2984 4790 criminatore,
3021 4717 3221 4799 pietas
3259 4716 3503 4779 Iudicis
3547 4715 3785 4779 summi
3826 4717 3969 4780 im-

2445 4816 2753 4900 ploranda
2795 4823 2892 4878 est
2932 4815 3218 4878 oratione
3263 4822 3503 4877 attenta
3551 4823 3614 4877 et
3652 4815 3969 4880 attentio—

2445 4935 2524 4978 ne
2568 4913 2884 4977 sollicita?
2914 4914 3042 4977 Nec
3085 4913 3323 4993 injuste
3361 4913 3779 4994 adstringitur
3814 4933 3971 4978 non

2446 5015 2654 5077 solum
2714 5012 2838 5075 levi
2896 5019 3179 5094 peccat0,
3230 5011 3361 5074 imo
3419 5011 3608 5074 etiam
3671 5011 3969 5076 crimine

2447 5109 2794 5192 impietatis
2852 5109 3250 5191 gravissimo,
3303 5108 3413 5190 qui
3474 5127 3729 5190 precem
3787 5109 3975 5173 offe-

2447 5227 2591 5269 rens
2622 5207 2772 5280 Deo,
2800 5213 3059 5288 repente
3089 5205 3467 5268 abscesserit
3498 5213 3712 5269 mente
3740 5226 3779 5269 a
3806 5225 3977 5271 con-

2448 5311 2668 5385 spectu
2702 5303 2928 5384 ipsiuS,
2955 5302 3137 5384 quasi
3165 5302 3246 5364 ab
3277 5301 3483 5365 oculis
3513 5321 3639 5364 non
3670 5303 3971 5368 videntis
