4359 6267
594 1073 768 1118 Manli.
787 1086 843 1121 iv,

593 1272 712 1316 laid.
727 1274 769 1321 8,
786 1272 826 1313 9.

622 1569 739 1614 laid.
757 1572 796 1612 6.

578 2157 743 2201 loann.
755 2171 839 2209 xiv,

579 2224 647 2264 3⁰.

870 473 990 537 424

1539 492 1956 539 COLLATmNtJu
1997 492 2082 537 SS.
2117 490 2361 536 PATRUM
2401 488 2577 534 LIBER
2618 489 2682 533 11.
2727 507 2808 516 -
2848 490 3135 536 COLLATIO
3174 490 3321 535 xxiv

870 678 1018 721 eum
1062 660 1126 722 in
1169 661 1246 724 iis
1284 662 1491 725 tribus
1535 662 1780 725 viribus
1823 662 2074 735 animas,
2118 661 2184 723 in
2229 659 2367 741 qui·
2400 657 2450 720 A
2480 658 2658 721 sibus
2690 658 2885 721 nimis
2917 660 3133 735 tardis,
3158 668 3220 723 et
3249 660 3601 722 secundum
3636 659 3987 742 prist-inum

870 760 992 821 bus
1023 767 1283 822 noverat
1324 768 1525 823 totum
1569 780 1769 841 genus
1802 760 2136 823 hominum
2171 759 2370 841 capti-

870 858 1046 935 vari3
1080 859 1190 921 sed
1243 859 1400 920 nihil
1453 859 1721 941 profecit.
1769 859 2042 921 versutis
2092 857 2361 920 insidiis.

872 957 1218 1035 Aggressus
1249 963 1344 1018 est
1370 956 1609 1037 quippe
1634 954 2204 1037 concupiscibilem
2235 955 2361 1015 vim

875 1053 1129 1127 Christi,
1171 1054 1283 1116 Dic
1320 1055 1677 1136 (inquiens)
1719 1061 1789 1116 ut
1835 1054 2072 1135 lapides
2117 1054 2220 1115 isti
2266 1072 2370 1135 pa-

874 1171 986 1213 nes
1016 1150 1216 1230 fiant3
1251 1153 1637 1215 irascibilem
1675 1170 1949 1235 quoque,
1986 1153 2241 1234 quando
2272 1170 2371 1213 co·

873 1260 1060 1314 natus
1121 1259 1217 1314 est
1282 1251 1602 1314 Christum
1664 1253 1863 1314 Deum
1924 1251 2225 1331 instigare
2291 1249 2364 1313 ad

873 1352 1296 1431 expetendum
1342 1351 1558 1414 omnia
1599 1369 1790 1431 regna
1835 1350 2055 1411 mundi
2102 1356 2370 1431 potcsta-

872 1456 1131 1532 temque
1187 1449 1454 1527 saeculi3
1505 1448 1875 1511 rationalem
1933 1467 2104 1522 vero,
2164 1467 2363 1529 quum

872 1548 1034 1610 dixit
1067 1568 1082 1612 :
1117 1548 1180 1610 Si
1215 1547 1412 1610 Filius
1447 1548 1558 1610 Dei
1598 1568 1688 1621 eS,
1725 1547 1905 1609 mitte
1945 1555 2003 1609 te
2042 1548 2360 1609 deorsum.

872 1646 942 1707 In
982 1646 1218 1729 quibus
1257 1645 1557 1708 omnibus
1586 1646 1678 1708 nil
1711 1646 1853 1708 ideo
1892 1645 2181 1726 profecit,
2218 1646 2369 1727 quia

872 1745 964 1807 nil
1012 1746 1244 1827 reperit
1291 1745 1582 1807 vitiatum
1634 1745 1700 1807 in
1750 1744 2067 1826 praedictis
2115 1744 2365 1806 viribus

873 1844 1233 1918 SalvatoriS,
1285 1844 1638 1907 secundum
1689 1844 1856 1925 quod
1906 1842 2064 1906 falsa
2111 1843 2361 1924 opinio·
2398 1838 2631 1905 BNam
2678 1838 2861 1919 juxta
2908 1841 3286 1904 sententiam
3338 1842 3590 1904 Domini
3625 1862 3640 1905 :
3674 1842 3809 1904 Non
3862 1860 3975 1924 po·
4042 1861 4323 1910 aranas,

2475 1944 2595 1998 test
2652 1938 2876 2000 civitas
2934 1938 3233 2003 abscondi
3285 1960 3477 2022 supra
3526 1947 3809 2003 montem
3862 1959 3971 2022 po-
4008 1928 4093 1968 ¹⁴·

2474 2035 2611 2097 sita.
2660 2036 2736 2097 Et
2780 2038 2944 2099 Deus
2990 2038 3239 2099 locutus
3282 2046 3377 2100 est
3418 2057 3432 2101 :
3476 2039 3821 2121 Diligentes
3864 2058 3969 2101 me
3998 2060 4081 2165 3⁰¹
4108 2061 4245 2167 ηις..
4272 2076 4319 2109 ιι,

4074 2156 4087 2171 ,
4132 2138 4223 2179 Jux
4250 2138 4277 2165 a

3998 2184 4151 2229 Lxx.

871 1963 951 2007 ne
1011 1943 1487 2023 conjecturavit.
1541 1943 1700 2005 Hinc
1759 1943 1935 2005 nulla
1981 1942 2078 2004 vis
2133 1942 2363 2005 animai

873 2042 1103 2105 Christi
1154 2042 1475 2104 consensit
1522 2042 1773 2103 insidiis
1824 2040 2022 2103 hostis
2072 2040 2358 2121 maligni,

871 2142 1003 2204 imo
1033 2140 1364 2203 verissime
1395 2140 1556 2201 dixit.
1590 2160 1604 2203 :
1638 2139 1821 2202 Venit
1853 2139 2149 2221 princeps
2182 2159 2365 2201 mun-

872 2240 936 2302 di
973 2240 1190 2319 hujuS,
1231 2247 1294 2301 et
1331 2239 1396 2300 in
1439 2258 1539 2301 me
1582 2258 1708 2300 non
1752 2238 1941 2301 habet
1985 2239 2355 2319 quidquam.

1205 2466 1708 2531 CAPITULUM
1769 2465 2020 2529 XVIII.

866 2586 1296 2659 Interroqatio,
1341 2603 1424 2643 an
1471 2587 1937 2643 rationabiliter
1984 2587 2360 2643 traheremur

969 2678 1052 2732 ad
1059 2678 1348 2753 patriam
1374 2676 1678 2733 desiderio
1709 2677 1971 2747 maJ'oris
1999 2677 2257 2733 silentii.

1007 2828 1366 2892 ERMANUS
1401 2848 1415 2892 :
1449 2830 1618 2891 Inter
1661 2837 1868 2892 cetera
1909 2847 2142 2910 genera
2182 2829 2362 2891 dece-

1021 2928 1311 3009 ptionum
1337 2946 1754 3009 errorumque
1781 2928 2192 2990 incitamenta
2218 2947 2361 3009 quae

2480 776 2592 818 seu
2625 765 2906 820 veterem
2952 758 3279 820 hominem
3325 766 3735 820 conversatur
3768 757 3833 818 in
3862 757 3987 818 hac

2480 855 2609 916 vita
2662 875 2853 937 quam
2911 856 3203 939 arripuit,
3255 876 3509 938 aequum
3570 863 3667 918 est
3722 864 3787 917 ut
3838 855 3987 916 nul-

2482 952 2579 1013 lus
2622 962 3012 1028 sanctorum,
3048 956 3178 1017 imo
3210 974 3328 1017 nec
3367 956 3599 1037 aliquis
3638 954 3983 1017 hominum

2478 1051 2555 1114 ad
2590 1052 2800 1133 ipsum
2839 1054 3151 1116 deveniat.
3188 1055 3375 1117 Porro
3412 1055 3465 1115 si
3506 1053 3787 1135 flagratis
3828 1072 3986 1115 vera

2477 1155 2667 1231 atque
2718 1149 3002 1232 perfecta
3046 1152 3277 1214 Christi
3327 1153 3686 1227 dilectione,
3736 1159 3797 1213 et
3848 1152 3982 1233 ple-

2478 1265 2562 1310 no
2619 1247 2869 1312 fervore
2928 1251 3261 1313 sectamini
3313 1251 3535 1337 Deum,
3587 1250 3697 1332 qui
3746 1251 3979 1313 caritas
4010 1264 4329 1315 umnam

2477 1354 2573 1407 est
2626 1367 2639 1411 :
2692 1366 2951 1411 necesse
2999 1356 3095 1411 est
3150 1349 3231 1411 ab
3282 1349 3653 1412 hominibus
3701 1349 3976 1423 visitari,
4010 1330 4061 1371 Β·

2476 1445 2553 1506 ad
2594 1465 3019 1528 quaecumque
3059 1448 3526 1511 inaccessibilia
3567 1448 3705 1511 loca
3742 1446 3982 1529 fugeri-

2476 1544 2600 1622 tis;
2633 1551 2696 1606 et
2734 1553 2971 1626 quanto
3010 1545 3195 1609 ardor
3235 1546 3435 1609 divini
3475 1546 3711 1610 amoris
3751 1545 3977 1610 fecerit

2476 1659 2587 1703 vos
2637 1643 2765 1705 Deo
2814 1643 3325 1725 propinquioreS,
3371 1652 3542 1707 tanto
3589 1644 3796 1724 major
3836 1663 3977 1707 san-

2475 1747 2721 1801 ctorum
2744 1741 3031 1803 Fratrum
3060 1742 3405 1805 multitudo
3427 1743 3710 1806 confluet
3732 1744 3813 1805 ad
3838 1761 3972 1805 vos.

2472 2133 2895 2215 glorificab03
2944 2136 3053 2217 qui
3105 2144 3320 2199 autem
3368 2146 3785 2200 contemnunt
3836 2158 3963 2205 me,

2471 2242 2659 2294 erunt
2700 2233 3030 2314 ignobileS.
3077 2236 3525 2299 Verumtamen
3569 2237 3732 2299 scire
3774 2237 3966 2299 debe-

2472 2331 2551 2393 tis
2592 2332 2755 2394 hanc
2798 2352 2936 2395 esse
2980 2332 3467 2397 subtilissimam
3513 2334 3747 2399 diaboli
3794 2336 3968 2399 calli-

2471 2430 2757 2505 ditatem,
2778 2440 2842 2493 et
2865 2432 3363 2495 occultissimam
3392 2433 3641 2497 foveam
3674 2435 3737 2497 in
3771 2455 3965 2517 quam

2472 2529 2823 2612 praecipit-at
2854 2530 3249 2594 miserabiles
3279 2539 3342 2595 et
3369 2532 3677 2609 incautos,
3711 2542 3780 2596 ut
3810 2534 3965 2597 dum

2472 2628 2564 2690 eis
2603 2629 2919 2709 promittit
2960 2629 3217 2711 maj0ra,
3258 2631 3573 2715 subripiat
3613 2632 3705 2696 eis
3748 2652 3971 2697 neces-

2470 2728 2635 2789 saria
2663 2728 3014 2809 quotidiani
3046 2728 3291 2793 fructus
3321 2732 3753 2795 emolumenta
3784 2750 3798 2795 ε
3831 2752 3971 2815 per-

2470 2827 2741 2889 suadens
2780 2827 2873 2889 eis
2911 2836 3206 2910 expetere
3248 2830 3627 2894 solitudines
3670 2834 3969 2896 remotio-

2470 2944 2568 2987 res
2616 2944 2688 2987 ac
2736 2926 3063 3001 vastioreS,
3116 2948 3273 3009 quas
3323 2930 3611 3011 depingit
3660 2931 3722 2993 in
3774 2932 3968 2994 corde

864 3026 1281 3089 accenderant
1313 3044 1426 3089 nos
1467 3027 1547 3089 ad
1577 3025 1965 3089 desiderium
2000 3028 2219 3108 patriae
2252 3044 2360 3089 no·
2393 3030 2436 3093 C
2469 3043 2689 3087 eorum
2732 3026 3005 3089 consitas
3044 3047 3181 3090 esse
3217 3030 3695 3093 amoenitatibus
3738 3032 3967 3112 miris3

857 3131 1008 3203 ,strae
1037 3124 1211 3187 varia
1240 3124 1695 3207 pollicitatione
1727 3125 2158 3206 spiritualium
2194 3143 2364 3188 com-

864 3222 1197 3285 modorum
1224 3223 1419 3303 (sicut
1445 3223 1767 3295 beatitudo
1796 3231 1901 3285 tua
1926 3224 2190 3285 solerter
2215 3241 2363 3286 con-

863 3320 1211 3402 sideravit),
1230 3321 1350 3383 hoc
1380 3319 1504 3382 fuit
1530 3341 1730 3383 unuin
1759 3322 2173 3403 principium,
2193 3322 2362 3403 quod

862 3435 990 3479 non
1037 3419 1326 3481 valemus
1376 3418 1479 3481 hic
1519 3437 1740 3481 vacare
1791 3419 2174 3481 indesinenti
2224 3419 2361 3481 abs-

861 3517 1152 3580 tractioni
1197 3536 1310 3579 seu
1350 3525 1591 3579 secreto
1623 3536 1696 3579 ac
1740 3517 2040 3580 diuturno
2080 3518 2355 3591 silenti0,

861 3614 1013 3697 quia
1050 3614 1370 3677 interdum
1407 3615 1890 3697 frequentamur
1927 3635 1964 3677 a
1997 3616 2358 3695 Fratribus3

863 3732 979 3793 per
1003 3714 1170 3795 quod
1199 3732 1457 3776 necesse
1487 3721 1582 3776 est
1611 3714 1952 3796 aliquando
1979 3714 2215 3778 violare
2246 3733 2359 3776 seu

865 3810 1242 3875 intercidere
1305 3830 1670 3874 mensuram
1735 3819 1796 3873 et
1846 3832 2103 3874 cursum
2167 3812 2362 3875 absti-

864 3910 1094 3973 nentiae
1143 3910 1550 3994 quotidianae,
1589 3931 1780 3993 quam
1826 3912 2124 3993 cupimus
2165 3912 2361 3975 indis-

862 4008 1223 4071 solubiliter
1253 4009 1590 4071 observare
1630 4028 1744 4091 pro
1774 4009 2058 4092 corporis
2099 4012 2360 4092 castiga·

860 4107 1051 4169 tione.
1094 4108 1268 4181 Quod
1310 4107 1632 4169 credimus
1672 4108 1736 4168 in
1778 4108 2107 4189 provincia
2146 4117 2361 4171 nostra

2471 3124 2783 3205 confingit
2811 3144 3065 3208 quoque
3096 3128 3383 3208 quaedam
3417 3128 3556 3191 loca
3583 3130 3808 3211 ignota,
3833 3128 3971 3193 imo

2471 3242 2589 3284 nec
2634 3223 3021 3296 exsistentia,
3069 3225 3251 3307 quasi
3295 3234 3444 3289 nota
3484 3235 3545 3289 et
3590 3238 3817 3292 nostrae
3860 3248 3973 3311 po-

2470 3321 2678 3384 testati
2706 3321 2838 3401 jam
2871 3330 3219 3404 praeparata
3247 3343 3319 3386 ac
3359 3326 3592 3399 dedita,
3624 3333 3687 3388 et.
3722 3327 3971 3409 absque

2471 3418 2600 3481 tilla
2644 3420 3025 3483 difficultate
3070 3421 3201 3502 Jam
3254 3424 3652 3504 possidenda.
3704 3426 3969 3488 Persua-

2468 3518 2575 3579 det
2607 3518 2757 3579 item
2809 3520 3199 3582 mendaciter
3236 3522 3528 3585 homines
3568 3524 3842 3605 regionis
3895 3525 3973 3586 il—

2470 3616 2594 3679 lius
2634 3636 2772 3679 esse
2811 3618 3171 3681 tractabiles
3210 3627 3398 3702 atque
3427 3623 3506 3683 ad
3538 3623 3705 3685 viam
3741 3624 3971 3687 salutis

2470 3714 2805 3796 procliveS‚
2848 3722 2918 3776 ut
2956 3716 3107 3777 dum
3152 3716 3305 3779 illuc
3343 3718 3681 3800 pollicetur
3719 3719 3973 3783 uberio-

2468 3831 2567 3875 res
2599 3814 2827 3876 animae
2858 3813 3128 3889 fructus,
3160 3815 3404 3878 auferat
3444 3818 3620 3881 lucra
3650 3819 3965 3881 virtutum

2469 3912 2821 3992 praesentia.
2875 3912 3117 3995 Nempe
3175 3932 3375 3994 quum
3434 3917 3578 3997 quis
3634 3918 3751 3980 hac
3804 3937 3973 3980 vana

2468 4029 2579 4091 spe
2630 4018 2955 4091 separatus
2995 4031 3032 4074 a
3074 4012 3333 4075 salutari
3381 4015 3801 4079 contubernio
3847 4036 3969 4079 seu

2468 4109 2784 4172 consortio
2840 4109 3189 4185 seniorum,
3242 4111 3710 4197 destitutusque
3768 4114 3969 4177 fuerit

860 4205 1224 4269 nullatenus
1269 4214 1673 4281 eventurum,
1715 4207 1869 4287 quia
1915 4205 1979 4268 in
2023 4224 2097 4269 ea
2139 4208 2355 4269 nullus
2386 4209 2437 4272 D
2465 4207 2767 4269 omnihus
2826 4228 2968 4290 quae
3017 4208 3141 4271 sibi
3190 4209 3425 4273 frustra
3471 4213 3843 4295 depinxerat
3895 4214 3965 4276 in

859 4312 968 4366 aut
1010 4304 1376 4366 rarissimus
1419 4303 1614 4383 hujus
1659 4304 2073 4386 professionis
2113 4305 2232 4378 vir,
2268 4306 2356 4368 vi-

861 4403 1090 4465 delicet
1131 4403 1608 4477 anachoreticae,
1658 4402 1999 4465 invenitur.

1229 4629 1731 4693 CAPITULUM
1793 4630 1979 4693 XIX.

941 4752 1273 4823 Responsio
1302 4750 1375 4805 de
1405 4750 1693 4807 illusione
1720 4750 1983 4815 diaboli,
2012 4768 2077 4808 eo
2108 4754 2272 4825 quod

884 4842 1271 4914 repromittat
1309 4841 1576 4914 requiem
1613 4841 1971 4897 solitudinis
2013 4843 2323 4899 vastioris.

996 4994 1312 5057 BRAHAM
1348 5011 1360 5055 :
1395 4994 1571 5056 Velle
1602 5013 2002 5076 nequaquam
2036 4994 2115 5058 ab
2147 4995 2355 5057 homi·

1015 5093 1206 5155 nibus
1236 5093 1502 5167 visitari,
1538 5093 1793 5174 signum
1829 5101 1924 5155 est
1956 5092 2351 5156 irrationabi-

858 5192 936 5255 lis
979 5201 1043 5255 et
1085 5192 1442 5255 indiscretae
1484 5192 1924 5264 districtioniS‚
1967 5192 2096 5255 imo
2140 5192 2353 5275 potius

857 5292 1096 5354 summi
1146 5291 1402 5375 teporis,
1445 5291 1562 5365 Qui
1611 5299 1825 5354 autem
1875 5291 2161 5373 graditur
2209 5311 2350 5374 pas-

2466 4306 2673 4379 corde,
2707 4307 2888 4388 quasi
2921 4307 2997 4369 de
3030 4306 3533 4389 profundissimo
3562 4329 3787 4374 somno
3814 4330 3969 4375 con-

2465 4422 2751 4485 surgenS,
2784 4406 3263 4487 expergefactus
3304 4408 3465 4470 nihil
3508 4410 3806 4473 inveniet.
3842 4412 3969 4473 Ita·

2465 4520 2589 4584 que
2620 4502 2910 4565 diabolus
2936 4521 3063 4566 non
3089 4506 3415 4586 permittet
3438 4526 3610 4581 eum,
3636 4508 3959 4573 irretitum

2464 4600 2815 4681 maioribus
2845 4602 3333 4667 necessitatibus
3364 4606 3509 4669 vitae
3536 4608 3865 4688 praesentis
3894 4618 3967 4671 et

2463 4698 3012 4765 inextricabilibus
3070 4703 3335 4786 laqueiS,
3388 4706 3699 4787 respirare
3752 4709 3828 4770 ad
3884 4728 3969 4771 ea

2463 4818 2605 4880 quae
2661 4800 2798 4881 ipse
2856 4800 2979 4863 s‘ibi
3040 4802 3457 4884 promiserat3
3508 4823 3627 4867 nec
3682 4806 3968 4887 patietur

2461 4918 2632 4971 eum,
2645 4898 2777 4978 jam
2805 4899 3152 4981 obligatum
3182 4900 3651 4966 visitationibus
3681 4922 3807 4967 non
3837 4907 3971 4987 spi·

2463 4997 2789 5059 ritualium
2836 4998 3103 5060 fratrum
3146 5019 3302 5081 quas
3334 5001 3577 5075 vitavit,
3613 5002 3721 5065 sed
3756 5006 3969 5086 quoti—

2461 5096 2667 5158 dianis
2718 5096 3084 5160 incursibus
3140 5099 3539 5162 saecularium
3590 5100 3963 5179 hominum,

2461 5195 2666 5257 redire
2714 5195 2938 5258 saltem
2985 5197 3061 5258 ad
3115 5196 3499 5261 mediocrem
3548 5201 3831 5282 quietem
3880 5222 3963 5265 ac

2459 5294 2865 5376 disciplinam
2912 5296 3368 5360 anachoreticae
3416 5299 3579 5362 vitae.
