4359 6267
863 467 981 531 198
1594 486 2011 533 conmrroumr
2052 486 2137 531 ss.
2171 484 2416 529 piamun
2456 484 2631 530 Lmen
2673 486 2712 529 ι.
2757 504 2839 513 --
2881 484 3167 531 commo
3208 485 3246 528 v

860 655 1334 719 terminabilem
1382 655 1723 737 quamdam
1782 652 2165 716 solutionem
2215 652 2359 715 usui
2392 652 2442 715 A
2475 653 2636 715 tium
2675 653 2867 717 habet
2906 654 2972 717 in
3013 656 3200 718 corde
3240 662 3456 718 nostro
3493 655 3816 737 propriam
3849 664 3980 719 sta-

858 753 1001 834 ejus
1042 754 1425 836 appendam,
1459 751 1836 815 incessabile
1875 769 2129 834 quoque
2166 750 2358 815 vecti·
2474 752 2712 815 tionem
2762 771 2876 815 seu
2926 754 3343 828 mansionem,
3395 772 3586 836 quam
3637 754 3976 817 vindicans

857 853 958 935 gal
992 852 1446 915 indictionibus
1477 851 1617 932 ejus
1648 851 2197 914 exhibeam.Tunc
2227 850 2362 931 phi·
2470 858 2532 912 et
2567 870 2880 933 usurpans
2909 852 3032 913 sibi
3065 852 3131 915 in
3163 852 3376 914 anima
3407 862 3640 925 nostra,
3675 853 3977 915 extermi-

861 950 1257 1034 losophi‚qui
1289 968 1509 1012 senem
1539 950 1733 1011 istum
1763 956 1909 1011 ante
1939 950 2359 1031 despexerant
2469 957 2577 1011 nat
2633 949 2952 1023 Israelem,
3006 951 3069 1012 id
3119 957 3216 1013 est
3264 951 3628 1013 divinorum
3687 958 3974 1015 contem-

857 1056 1159 1130 tanquam
1189 1049 1449 1112 idiotam
1480 1067 1554 1110 ac
1586 1048 1917 1122 rusticum,
1949 1052 2358 1109 asseruerunt
2471 1046 2838 1127 plationem,
2871 1056 2936 1110 et
2963 1048 3024 1111 ei
3052 1048 3372 1111 adversari
3415 1067 3539 1112 non
3572 1058 3794 1111 cessat.
3827 1049 3972 1112 Non

856 1166 1006 1210 eum
1052 1148 1410 1210 eminenter
1457 1163 1835 1228 cognoscere
1887 1146 2160 1227 primam
2221 1143 2358 1226 phi·
2468 1146 2642 1208 enim
2682 1155 2947 1227 possunt
2975 1147 3132 1210 vitia
3171 1148 3530 1210 cohabitare
3565 1148 3914 1211 virtutibus
3951 1168 3966 1213 ε

858 1246 1161 1329 losophiae
1220 1254 1488 1328 partem,
1543 1246 1603 1307 id
1663 1253 1759 1307 est
1809 1245 2143 1307 scientiam
2201 1242 2359 1305 ethi·
2467 1244 2616 1318 Quae
2664 1246 2837 1307 enim
2897 1246 3298 1329 participatio
3339 1246 3604 1327 justitiae
3653 1266 3801 1309 cum
3849 1247 3972 1309 ini·
4049 1256 4257 1304 neor-n.

857 1364 999 1407 cam
1042 1363 1155 1407 seu
1198 1344 1504 1407 moralem
1548 1361 1561 1405 :
1605 1343 1787 1406 valde
1832 1344 2134 1405 mirantes
2187 1341 2355 1424 quod
2469 1343 2753 1424 quitate2
2795 1344 2916 1406 Sed
2959 1364 3159 1426 quum
3199 1345 3356 1407 vitia
3394 1344 3635 1407 fuerint
3673 1354 3973 1428 superata
4009 1324 4089 1363 ¹⁸·

856 1445 921 1507 id
960 1443 1333 1506 naturaliter
1366 1443 1660 1524 cognovit
1694 1443 1862 1524 quod
1903 1442 1963 1504 ei
2004 1440 2180 1503 nulla
2218 1459 2358 1502 eru·
2467 1440 2547 1503 ab
2587 1441 2932 1505 Israelitico
2972 1443 3231 1525 populo,
3265 1444 3386 1507 hoc
3424 1452 3519 1506 est
3551 1463 3589 1506 a
3621 1444 3972 1507 virtutibus

856 1544 1014 1607 ditio
1054 1542 1407 1607 contulerat
1450 1541 1793 1615 saecularis‚
1839 1559 2040 1623 quum
2085 1539 2210 1622 ipsi
2252 1556 2358 1600 ne-
2470 1546 2688 1602 contra
2743 1559 2818 1603 ea
2875 1542 3329 1623 pugnantibuS,
3377 1541 3692 1605 obtinebit
3737 1543 3970 1605 deinde

855 1643 1179 1725 quiverint
1220 1642 1357 1705 haec
1400 1648 1529 1704 tam
1572 1640 1741 1703 clare
1784 1639 2111 1702 addiscere
2154 1638 2357 1700 multo
2468 1639 2721 1702 castitas
2763 1639 2974 1702 locum
3013 1658 3206 1722 quem
3247 1641 3313 1703 in
3353 1641 3542 1703 corde
3581 1648 3797 1704 nostro
3839 1642 3968 1725 spi-

860 1742 1072 1804 labore
1110 1758 1183 1802 ac
1222 1740 1523 1802 diuturna
1563 1739 1869 1802 doctrina.
1906 1738 2049 1801 Haec
2090 1737 2167 1799 de
2207 1736 2356 1818 gula
2470 1737 2628 1799 ritus
2671 1738 3204 1819 concupiscentiae
3246 1740 3604 1821 occupavit,
3646 1747 3711 1801 et
3754 1740 3970 1803 locum

859 1840 1221 1923 specialiter
1269 1839 1506 1902 dixisse
1564 1836 1865 1901 sufficiat.
1920 1837 2101 1900 Nunc
2149 1854 2357 1899 rever·
2395 1838 2442 1900 B
2470 1834 2702 1898 furoris
2740 1856 2814 1899 ac
2854 1838 2962 1900 irae
3003 1838 3308 1919 patientia
3339 1837 3723 1915 vindicabit3
3758 1839 3972 1903 locum

860 1948 1069 2002 tamur
1115 1937 1193 2000 ad
1242 1938 1643 2001 collationem
1704 1955 1896 2018 quam
1957 1953 2355 2017 coeperamus
2472 1935 2812 1999 mortiferae
2857 1936 3126 1999 tristitiae
3175 1937 3525 2019 possidebit
3573 1938 3831 2001 tristitia
3879 1958 3974 2000 sa-

858 2055 1174 2120 exponere
1203 2036 1282 2099 de
1319 2036 1598 2117 generali
1629 2036 1930 2098 vitiorum
1974 2034 2352 2116 cognitione.
2469 2034 2691 2097 lutaris
2731 2036 2962 2116 gaudio
3007 2035 3236 2117 plena3
3279 2035 3490 2098 locum
3533 2055 3727 2118 quem
3769 2045 3974 2098 vasta-

2470 2132 2578 2195 bat
2615 2134 2854 2207 acedia,
2881 2133 3184 2211 actuabit,
3216 2133 3588 2197 fecundabit
3623 2143 3689 2197 et
3725 2135 3976 2198 excolet

1216 2265 1719 2330 CAPITULUM
1784 2224 2007 2328 XXII}
2471 2230 2810 2312 fortitud03
2851 2232 3063 2294 locum
3094 2252 3288 2315 quem
3323 2233 3724 2296 conculcavit
3753 2252 3976 2316 super-

866 2390 990 2447 Cm,
1026 2389 1182 2444 Deus
1210 2386 1587 2459 praedioeerit
1627 2385 1887 2441 Abram
1922 2390 2125 2457 yemes
2166 2384 2363 2439 decem
2473 2331 2598 2405 bia,
2633 2331 2991 2393 honestabit
3019 2332 3347 2394 humilitas
3381 2350 3394 2393 :
3428 2332 3647 2414 sicque
3685 2334 3976 2415 expulsis

1033 2494 1158 2534 3330
1183 2474 1628 2549 expuqnandas
1654 2491 1695 2531 a
1714 2474 1943 2547 populo
1973 2474 2185 2530 Israel·
2474 2430 2645 2493 vitiis
2685 2430 2976 2511 singuliS‚
3010 2430 3277 2493 virtutes
3319 2431 3412 2493 eis
3456 2432 3787 2495 contrariae
3833 2450 3978 2515 pos·-

2473 2528 2773 2590 sidebunt
2815 2546 3035 2591 eorum
3087 2528 3223 2591 loca
3266 2530 3333 2592 in
3377 2530 3608 2593 anima.
3652 2530 3801 2604 Quae
3845 2531 3974 2591 vir-

1015 2630 1176 2693 UUM
1212 2629 1377 2691 Deus
1419 2628 1785 2711 loqueretur
1821 2629 1900 2691 ad
1928 2628 2246 2691 Abraham
2286 2626 2363 2689 de
2473 2633 2639 2689 tutes
2685 2646 2798 2689 seu
2849 2627 2985 2690 loca
3031 2646 3158 2690 non
3207 2628 3527 2691 immerito
3567 2629 3980 2711 appellantur

579 2752 844 2807 Gemmas·
1033 2728 1288 2802 futuriS,
1322 2726 1681 2789 numeravit
1707 2734 1927 2808 gentes
1959 2727 2203 2802 decem,
2237 2744 2365 2788 non
2474 2725 2597 2787 filii
2647 2725 2858 2799 lsrael,
2911 2725 2974 2788 id
3023 2732 3118 2788 est
3164 2726 3395 2789 animae
3442 2725 3644 2788 Deum
3693 2735 3980 2790 contem-

576 2820 644 2862 ²¹·
870 2834 1115 2910 septem
1146 2834 1415 2901 tantum,
1447 2844 1719 2908 quarum
1757 2832 1924 2887 terra
1962 2824 2220 2887 daretur
2260 2841 2367 2906 po-
2476 2823 2740 2905 plantes.
2775 2824 2891 2897 Qui
2931 2824 3124 2886 etiam
3163 2822 3286 2886 filii
3325 2824 3538 2899 Israel,
3572 2825 3690 2888 hoc
3725 2834 3821 2888 est
3849 2827 3984 2888 vir-

868 2926 1053 2989 steris
1083 2925 1262 3006 ejus:
1292 2924 1369 2987 de
1400 2942 1527 3006 quo
1557 2923 1720 2986 nihil
1749 2923 2084 3005 quaesistis.
2110 2923 2230 2996 Qui
2259 2924 2366 2985 de·
2478 2929 2642 2984 tutes
2681 2940 2795 2984 seu
2833 2930 3012 2985 actus
3044 2922 3376 2997 virtutum,
3409 2941 3610 3004 quum
3644 2924 3980 2987 universas

871 3026 1085 3088 narius
1116 3042 1419 3086 numerus
1448 3023 1775 3085 evidenter
1804 3022 2128 3104 impletur,
2162 3041 2363 3103 quum
2402 3027 2445 3091 C
2477 3020 2683 3083 cordis
2742 3020 3105 3103 expulerint
3163 3022 3509 3102 passioneS,
3573 3023 3774 3105 magis
3833 3042 3980 3084 cre-

869 3123 1224 3187 idololatria
1261 3121 1783 3203 blasphemiaque
1822 3120 2191 3182 adduntur:
2228 3120 2365 3202 qui·
2476 3119 2666 3181 dendi
2715 3127 2865 3182 sunt
2913 3137 3320 3201 recuperasse
3379 3121 3669 3202 proprias
3723 3138 3976 3203 posses-

869 3221 990 3284 bus
1037 3218 1286 3283 duobus
1335 3218 1611 3300 peccatis
1664 3218 1953 3298 subJecta
1995 3217 2120 3281 fuit
2164 3218 2364 3299 impia
2473 3218 2682 3281 siones
2725 3236 2920 3301 quam
2962 3218 3269 3281 invasisse
3311 3219 3570 3281 alienas.

867 3320 1154 3401 gentium
1204 3314 1545 3379 multitudo
1595 3324 1659 3377 et
1707 3315 2079 3398 blasphema
2122 3316 2364 3380 Judaeo-

869 3435 1013 3480 rum
1056 3424 1307 3479 caterva
1347 3416 1413 3476 in
1455 3414 1773 3496 spirituali
1810 3415 2097 3497 AEgyptO,
2134 3414 2198 3477 id
2239 3424 2357 3491 est,
2810 3446 3316 3511 CAPITULUM
3379 3447 3627 3511 XXIV

867 3516 933 3579 in
983 3516 1100 3579 hoc
1150 3514 1383 3578 saeculo
1429 3531 1704 3595 nequam
1754 3530 2159 3587 conversanS,
2213 3522 2360 3575 ante

862 3614 1155 3677 notitiam
1198 3612 1306 3674 Dei
1351 3612 1745 3693 gratiamque
1789 3610 2110 3693 baptismi.
2147 3612 2211 3674 Si
2255 3632 2361 3674 au·-

864 3722 992 3775 tem
1047 3712 1418 3774 renuntians
1470 3710 1707 3773 mundo
1756 3717 1818 3772 et
1870 3710 2016 3773 inde
2070 3729 2185 3792 per
2225 3729 2362 3792 gra-

862 3812 1017 3874 tiam
1074 3810 1187 3873 Dei
1244 3827 1560 3890 egressuS,
1614 3809 1818 3871 victor
1874 3808 2039 3890 gulae
2086 3807 2359 3872 effectus
2597 3808 2819 3881 ORRO,
2880 3816 2949 3870 ut
3010 3807 3193 3871 docet
3255 3815 3436 3871 vetus
3498 3810 3786 3886 historia,
3849 3811 3977 3875 filii

862 3909 1261 3992 spiritualem
1305 3906 1635 3969 intraverit
1676 3926 1986 3981 eremum,
2021 3907 2087 3969 id
2128 3915 2226 3970 est
2269 3926 2362 3969 se-
2617 3909 2763 3970 Sem
2807 3907 3127 3989 quondam
3176 3907 3242 3969 in
3286 3915 3467 3971 terrae
3515 3909 3829 3974 divisione
3878 3930 3980 3973 ac-

864 4016 1037 4071 creta
1064 4008 1397 4081 virtutum,
1431 4006 1739 4087 suscipiet
1768 4005 1934 4067 bella
1965 4014 2184 4069 contra
2223 4026 2361 4088 sep-
2469 4013 2778 4087 ceperunt
2808 4004 2918 4067 has
2949 4012 3147 4067 terras
3182 4006 3678 4072 Chananaeorum
3714 4010 3782 4073 in
3813 4029 3974 4092 quas

864 4114 991 4169 tem
1030 4114 1250 4188 gentes
1288 4124 1429 4187 quae
1468 4122 1582 4186 per
1620 4104 1871 4186 Moysen
1918 4112 2356 4181 numerantur,
2471 4104 2878 4187 postmodum
2938 4104 3280 4167 introducti
3339 4114 3490 4169 sunt
3535 4106 3657 4169 filii
3708 4108 3901 4170 lsrael
3955 4126 3971 4171 ε

863 4205 925 4269 id
976 4214 1072 4268 est
1113 4212 1333 4268 contra
1378 4210 1625 4285 septem
1674 4209 1934 4284 peccata
1982 4202 2361 4284 principalia
2393 4210 2440 4271 D
2470 4222 2627 4285 quas
2659 4212 2855 4264 terras
2887 4202 3164 4265 violenta
3204 4202 3538 4285 iniquitate
3578 4207 3866 4287 possedit
3891 4207 3970 4269 ad

858 4304 991 4386 jam
1050 4302 1330 4386 praefata,
1378 4302 1681 4364 liberatus
1738 4299 1817 4363 de
1876 4302 2358 4383 impugnatione
2473 4310 2724 4383 tempus
2765 4302 3099 4383 posteritas
3140 4301 3354 4364 Cham.
3393 4302 3462 4363 ln
3498 4320 3627 4385 quo
3665 4305 3974 4385 probatur

860 4404 1057 4466 trium
1107 4402 1415 4484 gentium,
1461 4407 1685 4482 utputa
1730 4399 1916 4481 gulae,
1959 4400 2354 4475 idololatriae,
2468 4399 2784 4481 judicium
2825 4400 2934 4461 Dei
2974 4418 3112 4461 esse
3146 4400 3579 4480 justissimum
3614 4421 3628 4464 :
3662 4405 3970 4484 quoniam

861 4509 1052 4584 atque
1092 4500 1524 4583 blasphemiae.
2474 4498 2856 4562 Chananaeos
2913 4498 3160 4579 expulit
3207 4499 3285 4560 de
3335 4498 3490 4561 locis
3545 4499 3774 4564 alienis
3833 4521 3974 4585 quae

2507 3568 2678 3635 Quod
2702 3573 2884 3623 terrae
2906 3584 2988 3623 ex
3015 3567 3238 3640 quibua
3265 3569 3513 3640 eoepulst‘
3541 3575 3683 3625 sunt
3703 3570 3932 3643 populi

2470 3657 2974 3719 Chananaeorum,
3002 3656 3242 3727 fuerint
3278 3657 3585 3729 deputata·
3619 3658 3780 3729 filiis
3813 3661 3970 3717 Sem.

2471 4603 2946 4678 occupaverunt
2989 4596 3248 4676 injuste,
3290 4603 3355 4657 et
3395 4596 3551 4660 filiis
3596 4599 3788 4663 lsrael
3839 4602 3974 4665 red-

1200 4728 1707 4795 CAPITULUM
1766 4728 2020 4792 XXIII·
2473 4695 2634 4758 didit
2681 4703 2914 4757 terram
2973 4703 3226 4777 patrum
3283 4712 3547 4759 suorum
3603 4698 3970 4780 deputatam

2472 4795 2566 4857 eis
2616 4796 2682 4856 in
2731 4794 3042 4856 divisione
3093 4800 3422 4857 terrarum.
3467 4796 3614 4868 Quae
3663 4816 3764 4861 res
3813 4799 3973 4882 figu-

2475 4895 2675 4957 rativa
2702 4894 3090 4976 adimpletur
3119 4894 3184 4956 in
3215 4894 3402 4957 nobis
3433 4897 3788 4971 verissime,
3820 4918 3972 4983 quo-

2474 4994 2649 5056 niam
2697 4993 2862 5055 Deus
2913 4994 3244 5075 deputavit
3295 4994 3508 5058 locum
3559 5004 3622 5059 et
3673 5000 3974 5080 possessi-

1008 5096 1305 5171 MPLlUS,
1337 5094 1507 5178 quod
1549 5093 1871 5177 possidere
1902 5092 2208 5173 jubemur
2245 5101 2366 5154 ter·
2474 5109 2663 5156 onem
2727 5099 2956 5155 nostrae
3013 5092 3357 5155 voluntatis
3417 5094 3784 5169 virtutibuS,
3841 5114 3970 5159 non

1044 5217 1143 5261 ras
1202 5194 1703 5278 perniciosarum
1763 5192 1988 5254 harum
2050 5191 2362 5272 gentium,
2477 5190 2774 5273 peccatis
2816 5190 2964 5264 Quae
3003 5190 3268 5253 virtutes
3306 5211 3344 5252 a
3389 5193 3646 5275 propria
3685 5195 3964 5277 regione,

872 5296 1357 5379 intelligendum
1404 5299 1501 5355 est
1550 5292 1636 5357 ita
1678 5308 1691 5354 :
1735 5291 2237 5372 unumquodque
2281 5290 2369 5354 vi-
2479 5310 2591 5353 seu
2621 5290 2850 5352 animae
2874 5289 3221 5364 voluntate,
3241 5298 3386 5372 post
3415 5292 3721 5373 originale
3752 5312 3968 5377 pecca-

944 4853 1244 4924 Quomodo
1274 4851 1449 4908 nobis
1477 4850 1560 4905 sit
1588 4848 1739 4905 utile
1769 4854 1966 4905 terras
1996 4850 2289 4906 vitiorum

1444 4940 1781 5013 possidere.
