4359 6267
614 4017 753 4075 Apoc.
782 4031 838 4070 m,

578 4082 643 4123 17.

886 471 1003 535 184

1591 486 2008 534 COLLATIONUH
2050 486 2135 532 SS.
2171 484 2417 531 PATRUM
2457 484 2633 530 LIBER
2673 485 2712 530 1.
2759 504 2842 513 —
2881 484 3168 532 coLLATlo
3209 486 3272 531 IV

884 659 1280 742 perationem
1326 658 1392 720 in
1438 657 1672 740 ipsum,
1708 656 2069 719 maluerunt
2105 654 2296 717 avelli
2339 673 2376 715 a
2405 652 2457 715 A
2488 654 2598 716 Dei
2642 654 2920 718 famulus
2966 657 3330 729 honoratur,
3363 672 3623 717 necesse
3664 660 3761 715 est
3799 662 3872 715 ut
3915 653 3990 714 in

878 757 1234 819 visceribus
1290 756 1474 836 ejus;
1525 762 1700 817 tanto
1750 754 2095 818 deteriores
2155 752 2374 815 effecti

877 854 1039 916 cibis
1071 854 1201 916 illis
1231 854 1342 935 qui
1375 871 1701 936 nunquam
1744 852 1901 913 illati
1934 858 2083 913 sunt
2112 850 2207 914 ori
2238 849 2373 922 Dei,

874 958 1112 1033 quanto
1171 950 1607 1012 detestabilius
1666 957 2035 1031 reputamus
2094 948 2157 1009 id
2207 947 2376 1029 quod

874 1067 1107 1111 nausea
1138 1048 1559 1130 compellente
1591 1047 1985 1129 projicimus.
2006 1046 2180 1119 Quod
2210 1044 2380 1107 enim

872 1154 969 1208 est
998 1146 1327 1227 frigidum,
1362 1166 1561 1228 quum
1607 1146 1959 1226 imponitur
1999 1144 2094 1206 ori
2136 1150 2372 1216 nostre,

872 1244 949 1306 fit
990 1246 1288 1319 calidum,
1322 1254 1562 1307 etcum
1604 1244 1845 1305 salubri
1888 1243 2200 1305 suavitate
2240 1260 2378 1322 per-

872 1344 1147 1425 cipitur3
1191 1343 1361 1424 quod
1406 1350 1620 1405 autem
1667 1343 1864 1404 semel
1917 1360 2030 1423 per
2071 1358 2373 1402 nauseam

872 1451 969 1503 est
1004 1442 1349 1522 abjectum,
1394 1459 1522 1503 non
1572 1459 1911 1523 possumus
1966 1440 2103 1501 sine
2152 1438 2375 1520 grandi

874 1541 1133 1603 horrore
1172 1542 1363 1603 etiam
1394 1560 1431 1601 a
1461 1547 1703 1602 remoto
1741 1539 2091 1621 adspicere,
2127 1556 2246 1599 nee
2287 1536 2377 1597 di-

870 1656 1143 1719 gnamur
1182 1638 1245 1699 id
1290 1637 1476 1699 labiis
1520 1638 1860 1719 applicare.

954 1736 1231 1817 Tepidus
1269 1754 1418 1816 ergo
1459 1736 1811 1799 rectissime
1852 1733 2053 1796 fertur
2092 1751 2231 1795 esse
2271 1732 2373 1794 de-

2485 751 2702 816 futuro
2731 753 3041 816 subdatur
3067 754 3342 835 graviori
3367 752 3612 834 judicio
3639 758 3828 833 atque
3853 770 3992 812 ma-

2483 850 2606 931 jori
2650 851 2987 933 supplicio.

2566 949 2908 1023 PostremO,
2943 950 3096 1031 quid
3139 950 3380 1011 diutius
3419 949 3838 1011 immoramur
3877 948 3987 1009 his

2487 1066 2628 1127 quae
2659 1066 2772 1129 per
2801 1047 3259 1129 experientiam
3297 1048 3448 1109 satis
3488 1047 3987 1127 cognoscimus?

2485 1145 2641 1206 Nam
2716 1145 3084 1227 frequenter
3151 1146 3598 1228 conspeximus
3667 1144 3986 1225 quosdam

2485 1241 2748 1323 frigidos
2788 1250 2852 1304 et
2882 1243 3187 1317 carnaleS,
3221 1243 3285 1304 id
3325 1251 3422 1305 est
3461 1259 3737 1323 paganos
3775 1248 3839 1303 et
3869 1261 3987 1303 sae-

2487 1341 2753 1414 eulareS‚
2796 1341 2875 1403 ad
2914 1340 3314 1422 spiritualem
3356 1340 3723 1421 pervenisse
3770 1338 3984 1401 fervo-

2485 1456 2652 1517 rem3
2701 1439 2950 1521 tepidos
2997 1446 3212 1500 autem
3260 1446 3324 1500 et
3363 1438 3670 1500 animales
3706 1438 3786 1499 ad
3826 1456 3982 1499 eum

2484 1538 2736 1600 venisse
2795 1555 2922 1599 non
2981 1538 3280 1599 vidimus.
3333 1537 3499 1610 Quos
3559 1537 3751 1599 etiam
3809 1537 3983 1599 Deus

2485 1654 2598 1716 per
2643 1636 3020 1717 Prophetam
3068 1635 3160 1697 sic
3209 1636 3559 1697 detestatur
3603 1641 3676 1695 ut
3715 1633 3983 1715 spiritu-

2483 1732 2691 1794 alibus
2759 1732 3253 1814 doctoribusque
3319 1731 3670 1814 praecipiat,
3730 1738 3802 1793 ut
3867 1749 3983 1794 eos

872 1834 1086 1908 terior,
1127 1834 1279 1915 quia
1324 1833 1595 1895 earnalis
1639 1833 1805 1914 quis,
1848 1839 2066 1913 utpote
2113 1829 2370 1912 gentilis
2408 1828 2455 1889 B
2485 1848 2612 1893 non
2659 1831 2992 1892 hortentur
3037 1850 3156 1892 000
3207 1830 3543 1903 instruant,
3587 1848 3706 1891 nec
3753 1848 3981 1891 semen

872 1940 981 1994 aut
1028 1932 1371 2006 saecularis,
1420 1932 1665 1993 accedit
1713 1930 1967 1992 facilius
2015 1930 2093 1991 ad
2143 1928 2371 1990 saluta-

874 2050 1007 2092 rem
1070 2028 1552 2093 conversionem
1623 2028 2164 2111 perfectionisque
2233 2027 2363 2088 cul·

872 2147 1043 2203 men,
1078 2146 1270 2210 quam
1312 2128 1659 2189 monachus
1692 2144 1819 2189 non
1854 2126 2165 2207 arripiens
2197 2125 2368 2187 viam

872 2226 1283 2309 perfeetionis
1356 2226 1708 2295 secundum
1779 2225 2013 2306 regulae
2080 2224 2368 2305 discipli-

872 2344 1042 2398 nam,
1077 2325 1186 2407 qui
1228 2324 1425 2386 semel
1470 2324 1727 2385 recessit
1766 2322 1847 2385 ab
1889 2322 2034 2403 igne
2072 2322 2368 2403 spiritua—

873 2422 951 2483 lis
992 2422 1279 2485 fervoris,
1317 2421 1647 2485 Saeeularis
1687 2421 1928 2504 quippe
1966 2427 2074 2482 aut
2110 2420 2368 2501 gentilis

871 2539 949 2581 ex
999 2519 1435 2602 corporalibus
1484 2519 1617 2582 suis
1666 2518 1839 2580 vitiis
1890 2518 2114 2580 saltem
2163 2517 2370 2579 humi-

870 2617 1083 2693 liatus,
1135 2625 1198 2679 et
1246 2617 1481 2679 carnali
1533 2616 1903 2698 contagione
1962 2615 2368 2677 immundum

870 2735 937 2779 se
968 2716 1271 2791 sentiens,
1303 2716 1383 2777 ad
1422 2714 1663 2778 fontem
1693 2734 1857 2777 verae
1898 2713 2366 2796 purificationis

870 2816 1250 2898 quandoque
1310 2823 1733 2896 compunctus
1792 2813 2090 2886 accurrit,
2150 2813 2366 2875 horre-

868 2931 1053 2975 scens
1095 2913 1562 2993 gelidissimum
1608 2918 1842 2974 statum
1890 2928 2101 2984 suum,
2145 2910 2367 2992 sicque

869 3011 1187 3093 spirituali
1229 3012 1453 3074 ardore
1493 3028 1839 3073 succensus
1883 3008 2246 3071 convolabit
2287 3009 2366 3070 ad
2404 3005 2447 3068 C

869 3109 1329 3191 perfectionem
1388 3108 1661 3172 facilius.
1722 3108 1839 3181 Qui
1894 3115 2109 3169 autem
2168 3107 2368 3169 semel

868 3225 1019 3268 cum
1068 3214 1283 3289 tepore
1331 3224 1593 3269 exorsus
1642 3206 1837 3287 coepit
1882 3204 2059 3266 abuti
2107 3204 2366 3267 nomine

870 3305 1189 3378 monachi,
1242 3322 1449 3385 neque
1498 3304 1769 3386 arripuit
1819 3302 1938 3364 iter
1982 3302 2176 3384 hujus
2227 3319 2367 3384 pro-

866 3404 1163 3465 fessionis
1192 3402 1552 3464 humilitate
1582 3420 1654 3462 ac
1684 3400 1933 3463 fervore
1963 3417 2089 3482 quo
2119 3399 2360 3475 debuit,

869 3502 1148 3564 infectus
1189 3500 1385 3563 semel
1416 3501 1535 3562 hac
1568 3498 1917 3561 miserabili
1959 3498 2061 3560 lue
2093 3517 2207 3560 seu
2237 3499 2366 3560 cul-

868 3620 951 3683 pa
1007 3608 1195 3683 atque
1245 3600 1311 3661 in
1368 3618 1441 3661 ea
1499 3598 1965 3680 quodammodo
2022 3598 2360 3671 resolutuS,

868 3717 997 3761 non
1048 3698 1281 3782 poterit
1330 3698 1596 3760 ulterius
1646 3702 1816 3757 recta
1862 3714 2083 3777 sapere
2134 3714 2249 3777 per
2296 3714 2363 3757 se

870 3798 1105 3881 ipsum,
1139 3815 1347 3879 neque
1375 3794 1636 3858 alterius
1678 3794 1937 3855 monitis
1971 3794 2230 3855 erudiri.
2267 3794 2367 3855 Di-

869 3897 959 3958 cit
1005 3896 1180 3958 enim
1229 3895 1296 3956 in
1346 3894 1533 3956 corde
1582 3910 1719 3967 suo,
1767 3900 1837 3955 ut
1882 3892 2109 3954 asserit
2153 3892 2363 3954 Domi-

869 4014 990 4057 nus
1026 4012 1040 4055 :
1074 3994 1230 4068 Quia
1270 3994 1446 4056 dives
1488 4012 1629 4054 sum
1671 4000 1733 4053 et
1778 3990 2084 4073 locuples,
2117 3998 2180 4052 et
2224 3991 2364 4052 nul-

871 4094 993 4156 lius
1024 4110 1209 4174 egeo;
1243 4093 1347 4153 cui
1377 4091 1547 4173 quod
1577 4090 1886 4172 sequitur,
1915 4089 2366 4151 convenienter

2485 1929 2661 1990 verbi
2703 1929 2979 1991 coelestis
3021 1929 3086 1990 in
3125 1946 3232 1991 eos
3274 1928 3636 2011 projiciant,
3678 1928 3862 2009 quasi
3909 1928 3982 1989 in

2481 2026 2762 2088 sterilem
2823 2026 3412 2108 infructuosamque
3470 2033 3702 2088 terram
3767 2026 3982 2107 spinis

2479 2144 2552 2185 ae
2596 2125 2852 2187 tribulis
2905 2127 3197 2207 plenam;
3240 2126 3351 2188 sed
3400 2134 3470 2187 ut
3517 2126 3645 2187 illis
3695 2133 3983 2187 contem-

2480 2224 2629 2305 ptis,
2685 2212 2977 2286 excolant
3033 2225 3244 2306 potius
3303 2241 3534 2286 novam
3593 2232 3848 2295 terram,
3911 2224 3979 2285 id

2479 2329 2595 2395 est,
2647 2322 2908 2404 paganis
2956 2340 3029 2384 ac
3079 2321 3490 2385 saeeularibus
3541 2322 3851 2383 instanter
3899 2339 3978 2382 ae

2478 2418 2722 2481 fervide
2754 2420 3120 2501 praedicent,
3144 2420 3327 2501 juxta
3360 2420 3519 2481 illud
3552 2420 3617 2481 in
3644 2420 3923 2481 Ieremia
3957 2439 3973 2483 ε

2478 2518 2619 2580 Haec
2657 2518 2814 2579 dicit
2843 2518 3149 2580 Dominus
3182 2518 3321 2580 viro
3349 2519 3508 2581 Juda
3537 2524 3602 2579 et
3631 2516 3976 2579 habitatori

2475 2615 2844 2690 Jerusalem,
2888 2616 3122 2679 Novate
3161 2616 3343 2678 vobis
3388 2615 3634 2689 novale,
3666 2622 3729 2677 et
3772 2615 3976 2677 nolite

2477 2732 2688 2776 serere
2731 2733 2924 2796 super
2965 2714 3200 2796 spinaS.

2875 3002 3380 3067 CAPITULUM
3423 3005 3576 3068 XX.

2758 3180 2844 3235 De
2885 3180 3040 3235 male
3083 3178 3685 3237 abrenuntiantibus.

2603 3402 2820 3467 ORRO
2877 3405 3075 3486 (quod
3132 3405 3343 3467 dicere
3403 3405 3626 3488 pudet)
3676 3406 3982 3469 videmus

2631 3501 2864 3563 multos
2915 3502 3003 3563 ita
3046 3501 3549 3577 abrenuntiasse,
3588 3510 3660 3564 ut
3703 3503 3982 3585 proben-

2475 3608 2581 3661 tur
2608 3599 2769 3661 nihil
2803 3608 3080 3662 mutasse
3111 3601 3187 3663 de
3217 3600 3391 3662 vitiis
3421 3620 3494 3663 ac
3526 3602 3813 3665 moribus
3844 3603 3982 3685 pri-

2476 3698 2683 3771 stiniS,
2725 3699 2836 3761 sed
2879 3698 3084 3760 solum
3138 3706 3373 3761 statum
3410 3717 3485 3761 ac
3529 3700 3820 3761 habitum
3864 3719 3982 3763 sae—

2477 3796 2776 3858 cularem.
2819 3796 2976 3858 Nam
3025 3796 3355 3878 acquirere
3402 3803 3623 3879 optant
3666 3798 3980 3879 pecunias

2476 3913 2632 3976 quas
2678 3913 2795 3956 nee
2834 3901 3018 3957 antea
3054 3893 3435 3969 habuerunt,
3467 3895 3568 3957 vel
3609 3902 3778 3957 certe
3813 3915 3982 3978 quas

2475 3999 2620 4055 ante
2663 3992 2982 4055 habebant
3023 3994 3296 4055 retinere
3339 4010 3465 4055 non
3509 4000 3777 4055 cessant.
3813 3995 3979 4069 lmo,

2476 4091 2646 4172 quod
2685 4098 2888 4153 exstat
2927 4090 3282 4171 lugubriuS,
3315 4110 3420 4153 eas
3460 4109 3691 4172 augere
3730 4092 3984 4155 deside-

867 4199 1121 4274 aptatur
1172 4209 1186 4252 :
1238 4191 1331 4253 Tu
1378 4208 1445 4252 es
1495 4190 1688 4251 miser
1733 4196 1797 4250 et
1846 4188 2251 4261 miserabiliS,
2301 4194 2364 4248 et
2397 4191 2445 4253 D
2477 4197 2616 4250 rant
2665 4188 2784 4251 hoc
2833 4188 3063 4262 colore,
3106 4189 3408 4271 quoniam
3458 4188 3678 4250 dicunt
3722 4189 3980 4270 justum

868 4307 1111 4371 pauper
1140 4296 1202 4350 et
1233 4306 1437 4351 caecus
1475 4294 1539 4349 et
1577 4286 1805 4348 nudus.
1839 4286 1909 4347 In
1948 4286 2069 4347 hoc
2108 4302 2362 4366 quoque

867 4387 1072 4449 factus
1112 4386 1387 4449 deterior
1424 4385 1731 4459 saeculari,
1766 4384 1934 4465 quod
1975 4401 2103 4446 non
2142 4400 2366 4463 cogno-

868 4484 988 4545 scit
1046 4501 1113 4545 se
1173 4500 1312 4544 esse
1376 4480 1704 4553 miserum,
1766 4499 2027 4555 cescum,
2090 4481 2357 4554 nudum,

867 4580 1437 4660 emendationeque
1485 4577 1772 4657 dignum,
1820 4578 1919 4638 vel
1970 4578 2360 4659 indigentem

866 4678 1302 4741 exhortatione
1335 4694 1408 4737 ac
1439 4675 1839 4737 institutione
1878 4675 2137 4737 alterius
2172 4693 2186 4736 :
2223 4694 2363 4757 pro-

867 4784 1009 4860 pter
1048 4776 1217 4857 quod
1257 4773 1499 4835 nullam
1542 4772 1821 4835 admittit
1858 4772 2358 4835 exhortationem

865 4874 1047 4939 verbi
1092 4873 1386 4945 salubriS,
1420 4889 1548 4933 non
1589 4870 1947 4951 intelligens
1986 4888 2053 4932 se
2093 4891 2359 4953 praegra-

864 4974 1001 5038 vari
1048 4969 1703 5051 damnabilioremque
1746 4969 1891 5030 fieri
1934 4988 2012 5030 ex
2064 4970 2202 5052 ipso
2250 4989 2359 5032 no-

868 5074 1040 5136 mine
1102 5070 1420 5145 monachi,
1481 5069 1896 5150 omniumque
1961 5068 2360 5150 reputatione

864 5191 933 5235 se
975 5170 1251 5253 deprimi
1292 5168 1504 5251 potius
1550 5184 1761 5229 coram
1805 5166 1968 5245 Deo;
2012 5167 2162 5249 quia
2205 5167 2358 5229 dum

865 5270 1145 5335 ereditur
1187 5268 1268 5335 ab
1312 5265 1610 5331 omnibus
1652 5272 1908 5327 sanctus
1951 5272 2015 5327 et
2056 5273 2358 5348 tanquam

2476 4306 2614 4349 esse
2659 4294 2729 4349 ut
2774 4306 2851 4349 ex
2897 4288 3006 4349 illa
3049 4287 3321 4367 pecunia
3370 4286 3654 4348 nutriant
3695 4287 3982 4352 famulos

2476 4404 2623 4447 suos
2653 4394 2762 4447 aut
2791 4386 3056 4459 FratreS,
3081 4385 3181 4446 vel
3214 4392 3284 4447 ut
3313 4392 3695 4465 congregent
3725 4386 3982 4449 Fratres

2477 4483 2937 4565 instituantque
2985 4481 3371 4556 coenobium,
3421 4482 3608 4562 cujus
3667 4500 3982 4564 personas

2474 4588 2870 4664 praesumunt
2899 4598 2965 4642 se
2997 4598 3180 4661 posse
3220 4580 3492 4661 dirigere
3521 4587 3827 4662 tanquam
3867 4583 3982 4645 ab·

2474 4678 2670 4740 bates.
2723 4678 2841 4751 Qui
2889 4677 2944 4739 si
2992 4696 3140 4739 vere
3189 4677 3358 4739 viam
3417 4677 3832 4759 perfectionis
3883 4680 3982 4742 in-

2472 4778 2820 4857 quirerent,
2884 4777 3002 4839 hoc
3062 4776 3272 4858 potius
3331 4783 3461 4838 tota
3516 4776 3753 4839 virtute
3813 4778 3982 4840 nite-

2473 4882 2693 4936 rentur
2737 4875 3024 4956 implere,
3059 4882 3128 4936 ut
3166 4873 3414 4937 scilicet
3451 4875 3627 4937 exuti
3663 4893 3739 4935 ae
3781 4875 3978 4939 liberi

2471 4970 2552 5032 ab
2584 4972 2898 5034 universis
2937 4973 3250 5054 pecuniiS‚
3272 4971 3749 5047 affectionibuS,
3771 4981 3837 5035 et
3865 4991 3977 5036 00-

2473 5070 2920 5152 cupationibus
2979 5070 3112 5132 suis
3172 5071 3514 5153 prioribuS,
3569 5071 3655 5133 ita
3700 5071 3980 5134 colloca-

2470 5174 2614 5230 rent
2673 5186 2740 5229 se
2804 5168 2975 5249 ipsos
3037 5168 3388 5248 singulares
3444 5188 3519 5231 ac
3576 5169 3781 5232 nudos
3845 5171 3975 5233 sub

2472 5266 2745 5349 imperio
2786 5266 3133 5340 seniorum,
3169 5274 3238 5328 ut
3274 5285 3404 5329 000
3447 5267 3656 5330 solum
3693 5285 3824 5330 non
3865 5286 3977 5351 ge-

4019 2537 4114 2580 Jer.
4137 2550 4188 2585 nv,
4203 2540 4238 2575 3.
4296 2554 4297 2601 ἦ
