4359 6267
185 2482 256 2523 Luc.
273 2496 352 2532 mi,

159 2547 172 2568 J

157 2573 304 2682 ‘inuh'
317 2621 352 2657 x,

1003 530 1419 576 coLLATmNUM
1461 531 1546 576 SS.
1581 530 1825 576 PATRUM
1865 529 2042 574 LIBER
2081 529 2143 574 11.
2190 547 2270 556 -—
2310 529 2596 575 COLLATlo
2636 529 2787 574 xvln

3320 508 3441 574 353

380 709 538 784 septa
569 702 904 785 parietum,
937 710 1046 764 aut
1082 709 1174 765 tot
1207 703 1434 764 merita
1470 679 1844 764 Sanctorum
1874 699 1924 764 A
1955 708 2168 763 tanam
2228 701 2393 764 inter
2443 701 2699 783 angelos
2754 699 3056 774 adfuisse,
3106 706 3170 762 et
3216 699 3441 762 Judam

381 803 440 862 in
489 801 818 864 solitudine
878 802 987 864 illa
1044 801 1432 883 degentium,
1483 809 1592 863 aut
1645 800 1842 864 eremi

379 901 645 963 solitudo.
669 902 902 964 Verum
933 902 1234 984 quoniam
1267 908 1524 963 sanctus
1555 901 1846 963 minister

384 1000 480 1062 Dei
522 999 908 1082 Paphnutius
963 1000 1194 1063 fixerat
1248 1019 1428 1083 spem
1489 999 1697 1063 cordis
1745 998 1844 1062 sui

381 1115 492 1160 non
537 1098 600 1160 in
647 1097 725 1160 iis
773 1118 915 1181 quae
961 1099 1356 1161 extrinsecus
1405 1106 1575 1174 sunt,
1618 1098 1728 1160 sed
1779 1097 1844 1160 in

378 1197 490 1258 Deo
527 1196 914 1260 occultorum
958 1197 1246 1260 omnium
1289 1197 1526 1278 judice,
1571 1214 1846 1260 commo-

377 1295 496 1356 veri
531 1313 654 1357 non
698 1295 904 1377 potuit
945 1297 1256 1358 machinis
1295 1303 1482 1360 tantae
1513 1298 1844 1378 impugna-

377 1391 568 1454 tionis
612 1394 824 1456 Frater
865 1412 1120 1476 quoque
1161 1413 1354 1477 quem
1403 1395 1644 1458 invidia
1693 1414 1846 1478 prae-

377 1491 642 1571 cipitavi't
669 1492 746 1553 ad
779 1491 1026 1554 facinus
1054 1500 1544 1567 tantum,nonne
1575 1493 1847 1556 habebat

375 1589 742 1668 adjutorium
791 1590 1175 1664 solitudiniS,
1228 1592 1560 1654 munimen
1607 1592 1848 1654 habita-

377 1687 492 1748 culi
537 1687 913 1762 remotioriS,
957 1691 1472 1773 consortiumque
1515 1691 1579 1753 B.
1623 1691 1846 1754 Isidori

375 1793 432 1846 et
459 1784 717 1847 aliorum
749 1787 1162 1850 Sanctorum?
1193 1789 1270 1850 Et
1300 1796 1508 1852 tamen
1541 1790 1690 1871 quia
1720 1789 1846 1851 dia-

1957 800 2122 862 inter
2161 800 2516 883 ApostoIOS,
2560 818 2634 863 ac
2674 799 3004 863 Nicolaum
3052 798 3443 882 pravissimae

1957 899 2215 962 haeresis
2273 884 2671 962 inventorem
2730 899 2895 961 inter
2943 897 3184 981 primos
3240 896 3444 958 diaco-

1955 1014 2092 1072 nOS,
2127 998 2365 1060 mirum
2395 1017 2533 1060 esse
2568 1016 2694 1060 non
2730 997 2961 1080 poterit
2989 997 3157 1078 quod
3196 995 3447 1078 nequis-

1956 1097 2101 1160 simi
2161 1099 2453 1160 homines
2512 1097 2925 1160 inveniuntur
2974 1096 3238 1158 admixti
3290 1095 3445 1158 viris

1955 1196 2175 1258 electis
2216 1203 2277 1258 et
2312 1197 2565 1258 sanctis.
2599 1195 2757 1257 Nam
2791 1195 3082 1276 quamvis
3120 1193 3319 1276 aliqui
3356 1194 3446 1256 di-

1957 1301 2104 1356 cant
2150 1293 2485 1377 praesatum
2532 1293 2862 1356 Nicolaum
2910 1309 3035 1355 non
3084 1291 3284 1354 fuisse
3333 1293 3444 1374 qui

1955 1393 2034 1455 ad
2063 1411 2225 1475 opus
2258 1392 2596 1454 ministerii
2625 1412 2662 1455 a
2690 1391 3023 1475 discipulis
3054 1398 3152 1453 est
3180 1392 3442 1466 electuS,

1957 1511 2185 1573 negare
2232 1499 2445 1553 tamen
2494 1497 2821 1573 nequeunt
2860 1509 3009 1553 eum
3058 1491 3135 1553 de
3178 1509 3445 1553 numero

1956 1590 2416 1673 discipulorum
2460 1590 2658 1652 fuisse
2694 1610 2708 1653 ε
2742 1608 2900 1672 quos
2939 1607 3159 1652 omnes
3198 1598 3443 1652 certum

1955 1696 2050 1751 est
2092 1688 2291 1751 fuisse
2332 1697 2461 1752 tam
2506 1689 2821 1771 perfectos
2868 1688 2935 1750 in
2978 1697 3263 1770 tempore
3312 1689 3443 1764 illo,

1958 1795 2029 1849 ut
2067 1807 2238 1849 nunc
2278 1787 2579 1871 perpauci
2620 1788 2711 1850 eis
2751 1787 2993 1849 similes
3035 1788 3099 1848 in
3140 1788 3449 1850 coenobiis

377 1883 562 1945 bolica
601 1885 995 1967 impugnatio
1034 1887 1270 1969 reperit
1297 1907 1444 1949 eum
1487 1907 1678 1970 super
1711 1907 1842 1950 are-
1881 1882 1929 1945 B
1959 1887 2383 1949 inveniantur.

375 2001 506 2044 nam
551 1982 909 2059 fundatum,
963 2003 1087 2047 non
1139 1987 1345 2048 solum
1397 1987 1683 2069 impegit,
1735 1988 1844 2050 sed

375 2089 431 2142 et
462 2081 764 2143 subvertit
806 2081 1240 2146 habitaculum
1283 2085 1443 2165 ejuS.

447 2177 572 2240 Non
623 2196 774 2259 ergo
823 2198 1180 2260 quaeramus
1232 2180 1512 2262 quietem
1567 2189 1848 2244 nostram

376 2275 902 2351 extrinsecu8,nec
935 2279 1264 2340 credamus
1297 2279 1667 2361 patientiam
1697 2279 1846 2341 alio-

377 2393 506 2435 rum
537 2393 719 2456 posse
749 2375 1050 2458 opitulari
1082 2377 1255 2440 vitiis
1295 2377 1708 2459 impatientiae
1739 2396 1848 2440 no-

377 2479 508 2535 strae
550 2492 562 2536 :
607 2473 774 2536 sicut
822 2475 994 2536 enim
1046 2494 1313 2556 regnum
1359 2476 1470 2538 Dei
1522 2476 1686 2538 intra
1735 2494 1848 2538 nos

377 2577 482 2644 est,
530 2571 614 2634 ita
663 2571 908 2634 inimici
970 2573 1248 2635 hominis
1301 2575 1634 2654 domestici
1683 2575 1842 2655 ejus.

376 2669 556 2733 Nemo
599 2670 773 2732 enim
835 2671 978 2753 plus
1028 2672 1188 2734 mihi
1239 2673 1608 2735 adversatur
1657 2693 1846 2755 quam

375 2787 579 2830 sensus
621 2787 824 2842 meuS,
857 2769 968 2850 qui
1012 2777 1108 2831 est
1152 2770 1310 2831 mihi
1354 2771 1662 2833 veraciter
1705 2770 1850 2833 inti-

375 2885 504 2928 mus
559 2874 746 2948 atque
805 2867 1212 2930 domesticus.
1276 2869 1421 2930 Ideo
1479 2869 1532 2930 si
1591 2869 1848 2931 solliciti

376 2965 687 3039 fuerimus,
731 2984 1132 3048 nequaquam
1183 2966 1323 3029 laedi
1374 2968 1724 3049 poterimus
1767 2967 1848 3029 ab

2037 1985 2468 2067 Proponamus
2500 1986 2694 2066 igitur
2722 1985 2906 2048 nobis
2936 1986 3228 2068 exempla
3258 1986 3322 2048 B.
3350 1986 3457 2049 Pa·

1960 2083 2237 2166 phnutii,
2280 2100 2406 2146 non
2450 2085 2700 2146 ruinam
2744 2084 2974 2146 Fratris
3019 2085 3303 2167 praedicti
3344 2085 3455 2166 qui

1959 2181 2174 2263 lapsus
2224 2190 2321 2244 est
2364 2182 2430 2243 in
2473 2200 2688 2245 eremo
2738 2182 2846 2244 illa
2893 2189 3021 2244 tam
3074 2181 3328 2263 lugubri
3371 2182 3455 2244 la-

1959 2298 2101 2363 psu,
2145 2298 2265 2342 nec
2311 2280 2488 2342 illam
2535 2281 2675 2361 ejus
2722 2289 2852 2343 tam
2902 2279 3272 2343 horribilem
3326 2300 3454 2342 ma-

1959 2379 2192 2453 culam,
2239 2397 2433 2462 quam
2476 2387 2687 2442 tamen
2732 2380 2968 2443 delevit
3011 2387 3228 2462 postea
3274 2379 3454 2441 lacri-

1961 2478 2084 2539 mis
2118 2478 2509 2560 poenitentiae
2546 2478 2817 2562 copiosis
2852 2495 2865 2538 :
2901 2497 3017 2540 nec
3052 2478 3456 2540 destruamur

1961 2575 2365 2637 scandalizati
2418 2576 2602 2638 ruina
2650 2576 2845 2648 illius,
2892 2575 3077 2656 cujus
3124 2575 3453 2657 antiquam

1962 2673 2269 2736 invidiam
2308 2675 2484 2736 auxit
2524 2675 2588 2736 in
2634 2675 2817 2757 pejus
2858 2673 3153 2736 affectata
3192 2674 3451 2756 religi03

1961 2772 2072 2834 sed
2141 2779 2270 2834 tota
2338 2773 2574 2835 virtute
2642 2779 2959 2836 sectemur
3023 2773 3451 2835 humilitatem

1960 2869 2322 2952 Paphnutii,
2374 2890 2565 2953 quam
2618 2871 2799 2953 quies
2850 2871 3047 2933 eremi
3101 2889 3227 2932 non
3279 2871 3454 2933 dedit

1961 2969 2020 3030 ei
2054 2979 2336 3051 repente,
2370 2971 2480 3032 sed
2516 2969 2940 3032 humilitatem
2974 2969 3114 3049 ejus
3150 2969 3315 3031 inter
3345 2970 3452 3032 ho-

373 3063 642 3126 hostibus
705 3064 1044 3126 intestinis.
1107 3063 1225 3126 Ubi
1283 3065 1457 3126 enim
1515 3066 1847 3128 domestici
1887 3066 1930 3128 C
1964 3067 2169 3129 mines
2229 3068 2604 3150 acquisitam
2666 3068 2939 3130 solitudo
2988 3068 3453 3130 consummavit

373 3164 553 3226 nostri
595 3163 778 3226 nobis
819 3182 946 3227 non
986 3164 1420 3238 adversantur,
1455 3163 1546 3225 ibi
1582 3182 1849 3245 regnum

373 3261 472 3322 Dei
513 3281 656 3324 cum
699 3262 934 3324 mentis
977 3263 1434 3344 tranquillitate
1476 3263 1846 3344 acquiritur.

371 3359 514 3422 Nam
553 3361 605 3422 si
642 3362 954 3423 rationem
994 3361 1332 3442 diligenter
1370 3361 1667 3435 advertiS,
1709 3361 1849 3424 laedi

373 3477 488 3521 non
526 3467 744 3542 potero
773 3459 852 3522 ab
883 3460 1142 3522 homine
1174 3459 1465 3542 quamvis
1508 3460 1852 3540 malignan-

373 3564 447 3629 te,
495 3558 546 3620 si
594 3576 710 3640 ego
756 3567 974 3620 contra
1023 3578 1124 3621 me
1177 3558 1389 3641 ipsum
1439 3575 1566 3621 non
1614 3559 1852 3620 dimico

373 3658 544 3720 corde
585 3657 899 3740 impacato
937 3664 1126 3739 atque
1167 3657 1544 3720 inordinato.
1580 3658 1767 3720 Porro
1797 3658 1850 3720 si

373 3754 550 3819 laedor
583 3763 644 3818 et
674 3757 916 3830 vincor,
952 3774 1078 3818 non
1119 3764 1215 3818 est
1248 3756 1477 3818 vitium
1520 3757 1852 3839 impugna-

373 3854 549 3917 tionis
595 3855 838 3928 alienae,
890 3855 1000 3916 sed
1050 3854 1462 3937 impatientiae
1509 3855 1780 3937 propriae
1834 3875 1848 3919 ε

373 3954 894 4034 quemadmodum
925 3953 1134 4034 gravis
1168 3972 1242 4014 ac
1272 3953 1510 4015 solidus
1543 3953 1725 4016 cibus
1756 3961 1852 4017 est

375 4052 534 4115 utilis
574 4072 746 4126 sano,
781 4053 868 4114 ita
905 4052 1170 4115 nocivus
1210 4059 1305 4114 est
1343 4071 1544 4134 aegr03
1578 4070 1703 4116 non
1747 4073 1854 4115 au-

373 4159 488 4213 tem
537 4152 762 4215 laedere
811 4159 1018 4234 potest
1069 4159 1450 4225 sumentem,
1503 4153 1625 4214 nisi
1677 4151 1854 4215 infir-

1961 3173 2150 3247 atque
2195 3167 2489 3229 excoluit.
2572 3255 2579 3264 ι

2329 3459 2431 3522 CA
2440 3459 2831 3522 PITULUM
2878 3459 3091 3523 XVII.

2260 3636 2450 3691 Plena
2496 3636 2839 3707 disputatio
2884 3637 2957 3692 dc
3002 3636 3161 3692 malo

2569 3727 2847 3782 invidioe.

2085 3951 2427 4014 CIENDUM
2476 3969 2729 4033 quoque
2779 3953 2946 4034 quod
2996 3951 3232 4014 invidia
3282 3951 3452 4014 diffi-

2114 4050 2302 4112 cilius
2350 4057 2606 4113 curetur
2645 4069 2836 4132 quam
2875 4050 2999 4112 alia
3037 4049 3209 4112 vitia.
3254 4051 3450 4124 Quem

1962 4150 2134 4212 enim
2181 4148 2379 4211 semel
2425 4149 2777 4231 corruperit
2826 4156 3001 4230 peste
3048 4149 3147 4210 sui
3196 4149 3447 4220 veneni,

375 4249 546 4313 mitas
575 4251 713 4331 ejus
745 4250 1056 4313 addiderit
1087 4249 1232 4311 cibo
1262 4250 1430 4312 vires
1460 4250 1748 4313 nocendi.
1787 4252 1846 4314 Si
1883 4257 1930 4318 D
1962 4247 2140 4330 quasi
2188 4247 2286 4328 (ut
2329 4247 2421 4310 sic
2465 4246 2713 4328 loquar)
2755 4254 2924 4308 caret
2968 4247 3264 4309 remedio.
3311 4248 3453 4330 Ipsa

371 4347 551 4428 igitur
606 4349 838 4412 similis
894 4348 1110 4430 aliqua
1155 4349 1419 4411 tentatio
1466 4356 1600 4411 orta
1657 4350 1850 4411 fuerit

372 4447 524 4509 inter
561 4449 827 4522 FratreS,
862 4464 988 4510 non
1031 4455 1243 4509 tamen
1287 4465 1402 4529 per
1439 4447 1849 4510 amissionem

373 4547 628 4628 propriae
672 4545 1152 4628 tranquillitatis
1201 4564 1556 4608 reseremus
1605 4545 1849 4607 aditum

370 4641 745 4726 blasphemis
812 4643 1380 4707 obtrectationibus
1449 4643 1846 4707 saecularium

369 4741 704 4805 hominum.

440 4840 562 4902 Nec
605 4841 916 4903 miremur
955 4857 1286 4923 perversos
1326 4847 1390 4903 et
1427 4841 1849 4905 exsecrabiles

370 4941 660 5018 quosdam
709 4939 952 5002 latitare
992 4947 1056 5001 et
1098 4939 1312 5001 vivere
1359 4939 1522 5002 inter
1565 4941 1846 5015 SanctOS,

370 5039 507 5117 quia
546 5040 702 5101 dum
752 5037 1205 5101 conculcamur
1245 5045 1308 5099 et
1351 5039 1741 5101 conterimur
1783 5039 1848 5102 in

369 5155 500 5199 area
537 5136 754 5202 saeculi
785 5136 1000 5217 hujuS,
1033 5155 1292 5198 necesse
1332 5145 1427 5198 est
1465 5137 1676 5219 paleas
1718 5138 1848 5219 igni

371 5243 664 5318 perpetuo
692 5233 1085 5317 deputandas
1122 5235 1286 5297 inter
1315 5235 1699 5298 electissima
1737 5237 1850 5298 mi-

371 5334 518 5398 sceri
543 5333 885 5397 frumenta.
912 5333 1194 5416 Denique
1225 5333 1278 5395 si
1311 5335 1718 5397 recordemur
1745 5335 1848 5398 Sa-

1963 4366 2239 4429 namque
2271 4354 2364 4408 est
2396 4346 2593 4428 pestis
2634 4345 2709 4407 de
2740 4364 2867 4426 qua
2906 4344 3139 4407 dicit-ur
3170 4365 3282 4428 per
3311 4346 3451 4408 Pro-

1963 4446 2221 4526 phetam
2266 4465 2279 4508 :
2324 4445 2485 4506 Ecce
2528 4462 2644 4525 ego
2688 4443 2933 4506 mittam
2973 4443 3156 4506 vobis
3199 4461 3741 4528 serpen-Jer.v1n‚¹7.

1963 4551 2055 4607 tes
2088 4545 2420 4626 pessimOS,
2448 4543 2683 4625 quibus
2715 4561 2841 4605 non
2870 4550 2965 4606 est
2995 4543 3357 4618 incantati0,
3389 4553 3451 4608 et

1965 4642 2346 4706 mordebunt
2394 4659 2523 4704 vos.
2578 4643 2767 4704 Recte
2810 4661 2959 4724 ergo
3002 4660 3249 4705 morsus
3293 4643 3451 4705 invi-

1961 4743 2082 4804 diae
2121 4749 2526 4823 comparatur
2564 4759 2601 4802 a
2640 4741 2949 4823 Propheta
2986 4741 3250 4803 venenis
3294 4760 3453 4805 mor-

1961 4840 2168 4903 tiferis
2209 4839 2515 4914 basilisci,
2551 4859 2677 4922 qua
2707 4840 2953 4923 primus
2994 4840 3101 4902 ille
3131 4849 3350 4902 auctor
3378 4859 3450 4902 ac

1963 4940 2263 5021 princeps
2293 4939 2582 5002 omnium
2613 4956 3008 5001 venenorum
3039 4939 3225 5020 periit
3255 4947 3317 5000 et
3350 4959 3453 5022 pe-

1961 5038 2168 5101 remit.
2220 5038 2378 5101 Nam
2430 5037 2529 5100 sui
2581 5037 2785 5120 ipsius
2834 5037 3249 5119 interemptor
3297 5037 3450 5100 effe-

1961 5145 2100 5199 ctus
2145 5136 2519 5218 priusquam
2565 5136 2705 5216 ejus
2748 5137 2851 5198 cui
2904 5135 3152 5210 invidit,
3193 5144 3336 5198 ante
3384 5155 3451 5198 se

1961 5234 2238 5317 perdidit
2272 5254 2461 5317 quam
2493 5235 2670 5297 virus
2710 5233 2931 5297 mortis
2969 5234 3197 5297 effudit
3238 5234 3303 5296 in
3343 5236 3450 5297 ho-

1961 5334 2202 5396 minem
2239 5351 2252 5395 t
2287 5333 2531 5396 Invidia
2568 5333 2740 5395 enim
2781 5333 3016 5396 diaboli
3048 5351 3217 5397 mors
3257 5333 3449 5397 intro·
3476 5361 3543 5402 25.

3502 5296 3611 5352 Sap.
3626 5298 3740 5348 nab,
