4359 6267
1320 518 1399 564 nn
1441 517 1768 565 msrrruns
1811 517 1896 563 ss.
1930 518 2192 564 runnu.
2237 536 2318 547 —
2357 518 2532 564 mmm
2573 519 2614 565 x
3402 498 3520 565 105

408 703 559 743 mus
586 686 659 744 in
690 688 971 747 Domino
998 690 1176 757 Iesu,
1207 696 1279 747 ut
1310 707 1456 747 cum
1486 688 1746 747 silentio
1774 705 1913 763 ope·
1942 685 1992 747 A
2024 686 2356 767 subjungit
2385 704 2397 748 :
2429 690 2612 755 Quod
2650 688 2710 747 si
2735 688 2884 766 quis
2919 707 3050 747 non
3089 689 3298 748 obedit
3329 688 3516 748 verbo
3545 696 3581 740 11
3596 696 3810 753 rheam.

410 791 651 851 rante-3,
669 803 861 844 suum
886 788 1127 860 panem
1156 788 1561 845 manducent.
1582 785 1811 866 Sicque
1842 792 1912 846 ut
2022 794 2241 845 nostro
2271 804 2396 861 per
2433 787 2791 861 epistolam,
2823 788 2996 846 hunc
3033 796 3274 856 notate,
3303 795 3364 846 et
3407 805 3516 846 no-
3547 762 3613 803 ¹⁴·

90 2664 125 2707 ΙΙ
144 2664 377 2714 Thess-m,

92 2734 111 2768 ἱ
119 2732 159 2769 3.

410 879 841 959 peritissimus
874 883 1289 957 medicorum,
1319 883 1561 945 curavit
1593 900 1720 945 uno
1752 882 1913 945 salu-

410 976 529 1037 tari
554 987 873 1061 praecepto
898 980 1379 1061 operandi‚vitia
1406 988 1573 1043 tanta
1596 981 1673 1043 de
1700 980 1911 1041 radice

406 1074 749 1139 otiositatis
788 1078 1113 1141 nascentia
1146 1098 1159 1142 :
1204 1079 1412 1141 sciens
1452 1086 1691 1141 ceteras
1732 1078 1911 1140 infir-

410 1173 665 1236 mitates
714 1193 826 1237 seu
877 1175 1096 1259 culpas
1144 1195 1221 1238 ex
1264 1178 1485 1239 eadem
1527 1177 1737 1238 radice
1783 1195 1910 1237 ma-

408 1280 655 1345 nanteS,
692 1274 983 1354 protinus
1018 1274 1531 1356 exstinguendaS,
1568 1275 1913 1357 exstirpata

408 1368 619 1431 morbi
646 1370 1019 1453 principalis
1048 1373 1309 1454 origine,
1330 1380 1547 1454 utpote
1572 1373 1905 1436 otiositate.

782 1622 1285 1687 CAPITULUM
1350 1624 1531 1687 XIV.

405 1770 495 1825 De
520 1770 899 1827 humanitate
926 1773 1111 1827 etiam
1142 1772 1355 1828 otiosis
1382 1776 1439 1827 et
1462 1771 1910 1843 neqliyentibus

950 1862 1371 1933 impendenda.

551 2064 755 2128 lHlLO
809 2064 1023 2128 minus
1070 2072 1283 2128 tamen
1336 2065 1503 2128 idem
1546 2066 1905 2147 Apostolus,

577 2172 879 2245 tanquam
930 2164 1523 2246 perspicacissimus
1577 2183 1650 2226 ac
1702 2164 1908 2245 provi-

404 2259 529 2321 dus
554 2261 858 2335 medicus,
872 2278 1000 2323 non
1030 2262 1238 2324 solum
1265 2261 1443 2344 cupit
1471 2262 1709 2323 mederi
1736 2261 1912 2324 infir-

410 2375 663 2421 morum
694 2360 995 2441 peccatis,
1021 2360 1131 2421 sed
1163 2360 1332 2422 sanis
1362 2378 1619 2442 quoque
1652 2378 1913 2440 congru-

406 2456 581 2518 entia
611 2457 1015 2520 commendat
1053 2466 1389 2540 praecepta,
1424 2458 1659 2540 quibus
1689 2476 1909 2521 eorum

410 2554 739 2635 integritas
790 2555 991 2637 possit
1035 2556 1275 2637 jugiter
1324 2556 1653 2630 custodiri,
1697 2557 1911 2618 dicen-

408 2653 493 2715 do
526 2672 541 2715 :
580 2655 695 2713 Vos
721 2663 939 2713 autem
968 2656 1171 2715 nolite
1208 2657 1482 2731 deficere
1509 2656 1910 2731 benefacien-

412 2758 505 2811 tes
533 2772 557 2810 .·
588 2750 655 2812 id
685 2758 801 2825 est,
826 2750 935 2832 qui
967 2751 1267 2814 sectando
1296 2752 1431 2813 vias
1464 2758 1731 2825 nostraS,
1763 2770 1911 2834 ope-

408 2847 499 2910 ris
532 2847 885 2911 imitatione
916 2849 1199 2931 impletis
1230 2849 1523 2932 exempla
1556 2868 1697 2931 quae
1727 2850 1910 2913 vobis

407 2946 809 3021 tradidimus,
842 2954 905 3009 et
940 2965 1343 3029 nequaquam
1384 2946 1717 3009 sectamini
1757 2948 1911 3010 otio-

2021 883 2137 941 lite
2164 885 2566 943 commisceri
2591 904 2735 944 cum
2769 886 2906 955 illc,
2939 894 3010 945 ut
3040 887 3512 960 confundatur.

2019 979 2354 1061 Quumque
2403 989 2662 1062 propter
2709 1000 3114 1044 communem
3176 982 3514 1043 utilitatem

2020 1084 2082 1139 et
2125 1076 2404 1139 debitam
2451 1080 2550 1140 sui
2593 1078 2793 1161 ipsius
2837 1080 3256 1143 reverentiam
3300 1081 3516 1143 admo-

2020 1175 2267 1238 nuisset
2309 1176 2658 1258 discipulos
2702 1195 2848 1240 suos
2892 1178 3046 1259 quid
3091 1178 3363 1240 debeant
3404 1178 3513 1241 ob-

2020 1292 2293 1349 servare,
2328 1283 2390 1337 et
2422 1294 2570 1338 cum
2608 1284 2844 1357 quanta
2881 1276 3210 1357 diligentia
3243 1277 3515 1339 debeant

2020 1391 2134 1433 sua
2177 1372 2495 1435 custodire
2541 1382 2875 1455 praecepta‚
2921 1374 3258 1437 confestim
3305 1382 3514 1438 osten-

2019 1470 2111 1531 dit
2142 1470 2444 1552 pietatem
2476 1471 3008 1553 indulgentissimi
3042 1473 3260 1554 patris,
3293 1481 3356 1535 et
3389 1480 3516 1535 tan·

2020 1587 2212 1649 quam
2258 1568 2429 1631 filios
2471 1570 2680 1631 erudit
2717 1588 2824 1632 eos
2865 1589 3055 1652 quem
3103 1571 3514 1633 fraternitatis

2018 1666 2324 1729 affectum
2363 1667 2633 1729 debeant
2673 1668 2944 1730 retinere
2985 1688 3062 1731 ex
3093 1670 3352 1731 caritate
3391 1670 3512 1731 cir-

2021 1783 2094 1825 ca
2124 1765 2460 1846 praedictos
2500 1765 2937 1828 inobedientes
2976 1774 3085 1828 aut
3118 1767 3373 1839 otioSOS,
3407 1768 3512 1829 ad-

1944 1862 1991 1923 B
2016 1862 2298 1942 jiciendo
2333 1882 2346 1926 ε
2384 1866 2469 1925 Et
2512 1866 2713 1923 nolite
2756 1866 2948 1942 quasi
2989 1866 3332 1925 inimicum
3376 1867 3513 1925 exi-

2020 1962 2314 2031 stimare,
2347 1964 2459 2021 sed
2486 1962 2800 2037 corripite
2829 1970 2904 2021 ut
2930 1964 3237 2039 fratrem.
3271 1962 3512 2037 Quibus

2021 2058 2234 2121 verbis
2279 2058 2634 2139 judiciariae
2678 2060 2999 2122 severitati
3049 2060 3389 2123 admiscuit
3433 2061 3516 2123 le-

2020 2156 2308 2229 nitatem,
2361 2158 2826 2239 paternitatem,
2886 2164 3075 2240 atque
3133 2159 3516 2221 sententiam

2020 2254 2368 2334 apostolica
2410 2255 2743 2317 severitate
2785 2255 3094 2336 prolatam
3137 2256 3516 2337 temperavit

2022 2353 2292 2419 mititate
2354 2353 2670 2415 clementi.
2735 2353 2892 2416 Nam
2952 2361 3014 2416 et
3071 2354 3275 2416 notari
3332 2354 3516 2434 jubet

2020 2470 2169 2512 eum
2218 2452 2328 2533 qui
2375 2452 2829 2533 contempserit
2877 2452 3010 2514 suis
3057 2452 3314 2515 obedire
3359 2471 3515 2533 prae—

2023 2550 2246 2631 ceptis,
2288 2556 2352 2611 et
2400 2550 2688 2631 praecipit
2735 2567 2860 2611 non
2913 2550 3314 2612 commisceri
3365 2569 3514 2612 cum

2022 2647 2134 2710 illo
2177 2665 2192 2709 :
2233 2655 2297 2709 et
2341 2654 2553 2710 tamen
2599 2648 2767 2729 quod
2823 2647 2966 2709 fieri
3017 2648 3136 2710 ista
3183 2649 3516 2711 mandave-

2023 2746 2103 2807 rit
2148 2764 2274 2809 non
2323 2746 2490 2819 odi0,
2531 2747 2640 2808 sed
2690 2744 2982 2809 fraternae
3030 2746 3388 2809 dilectionis
3439 2766 3513 2809 ac

2020 2844 2483 2907 emendationis
2513 2844 2770 2917 intuitu,
2799 2844 3018 2926 pandit
3047 2846 3357 2919 addendo,
3388 2866 3422 2903 c<
3443 2852 3514 2906 ut

2022 2942 2532 3015 confundatur»,
2575 2950 2645 3003 ut
2688 2941 2932 3004 scilicet
2984 2942 3035 3005 is
3083 2944 3196 3025 qui
3246 2961 3372 3006 non
3417 2949 3513 3005 est

406 3060 626 3105 sorum
676 3044 987 3107 desidiam
1038 3052 1228 3126 atque
1283 3044 1597 3119 inertiam,
1648 3067 1681 3105 «
1714 3045 1909 3108 nolite
1946 3045 1989 3108 C
2020 3042 2393 3102 emendatus
2427 3040 2688 3102 mitibus
2720 3040 2879 3102 meis
2911 3042 3266 3123 praeceptis,
3287 3041 3510 3103 saltem

406 3139 686 3204 deficere
735 3141 1208 3204 benefacientes
1241 3164 1298 3216 »,
1346 3142 1409 3203 id
1448 3149 1565 3217 est,
1608 3143 1908 3225 pietatem

406 3245 685 3301 vestram
718 3240 845 3302 illis
875 3234 1248 3323 impendite,
1280 3241 1575 3322 quamvis
1618 3242 1909 3322 neglexe-

406 3338 537 3399 rint
578 3336 919 3401 observare
962 3358 1104 3421 quae
1147 3338 1447 3401 diximus.
1494 3339 1908 3413 Quemadmo-

405 3437 563 3498 dum
602 3454 753 3518 ergo
792 3437 1103 3518 corripuit
1131 3455 1239 3500 eos
1278 3437 1388 3519 qui
1419 3445 1600 3500 erant
1638 3437 1904 3513 infirmi,

407 3552 488 3595 ne
548 3532 678 3596 otio
735 3534 1048 3607 dissoluti,
1108 3534 1462 3597 curiositati
1521 3536 1908 3617 inquietudi-

407 3632 605 3714 nique
668 3641 987 3707 vacarent,
1054 3632 1147 3695 sic
1214 3634 1513 3696 admonet
1582 3652 1766 3697 sanos
1829 3635 1906 3697 de

404 3730 804 3793 observanda
832 3730 1247 3803 humanitate,
1282 3749 1473 3812 quam
1502 3750 1581 3792 ex
1614 3731 1724 3793 Dei
1758 3751 1908 3813 prae-

404 3833 593 3909 cepto
621 3826 923 3890 exhibere
949 3826 1255 3908 jubemur
1289 3828 1471 3890 bonis
1501 3847 1573 3890 ac
1606 3829 1825 3893 malis:
1850 3831 1905 3892 si

406 3924 573 3987 forte
623 3924 801 4006 pravi
858 3925 1059 4007 aliqui
1118 3926 1400 3988 converti
1460 3926 1780 3988 noluerint
1826 3928 1905 3990 ad

404 4040 628 4084 sanam
678 4022 1056 4097 doctrinam,
1107 4041 1235 4086 non
1284 4023 1658 4087 abscindant
1709 4024 1903 4104 pieta-

408 4128 541 4181 tem
584 4119 666 4181 ab
708 4120 887 4201 ipsis,
933 4121 1044 4183 sed
1092 4120 1467 4184 benefacere
1517 4121 1645 4184 illis
1691 4130 1754 4183 et
1796 4140 1903 4186 eos

404 4217 625 4280 fovere
674 4234 801 4279 non
849 4218 1162 4291 desinant,
1205 4226 1333 4280 tam
1378 4219 1573 4281 verbo
1622 4221 1902 4283 consola·
1933 4226 1982 4287 D

404 4314 598 4378 tionis
642 4322 705 4377 et
749 4316 1187 4398 correptioniS,
1228 4335 1421 4398 quam
1466 4318 1667 4380 solitis
1717 4318 1905 4381 bene-

406 4414 577 4476 ficiis
620 4421 684 4475 et
726 4421 1029 4477 consueta
1069 4415 1481 4477 humanitate.

800 4666 1303 4732 CAPITULUM
1366 4669 1517 4733 XV.

404 4812 577 4881 Quod
591 4828 693 4869 eos
712 4814 824 4885 qui
844 4812 1210 4886 delinquunt
1232 4814 1549 4871 debeamus
1567 4815 1899 4887 corripere,

690 4917 815 4957 non
842 4918 924 4957 ex
952 4902 1115 4965 odio,
1145 4904 1249 4958 sed
1275 4902 1615 4959 dilectione.

548 5098 790 5163 URSUS
848 5105 1081 5173 tamen,
1132 5118 1212 5162 ne
1263 5100 1523 5181 quidam
1570 5099 1902 5164 abutentes

568 5198 805 5278 pietate
834 5196 976 5279 ejus
1007 5197 1285 5279 praefata‚
1322 5206 1731 5260 contemnant
1760 5199 1905 5261 obe-

404 5294 543 5357 dire
586 5296 925 5377 praeceptis
971 5295 1135 5376 ejuS,
1175 5296 1523 5377 apostolica
1569 5295 1902 5358 severitate

659 5428 726 5480 Τ.
760 5428 839 5481 27.

2020 3139 2324 3201 confusus
2359 3158 2436 3200 ex
2478 3138 2736 3219 publica
2773 3137 3041 3201 fratrum
3081 3140 3510 3220 segregatione

2017 3236 2099 3300 ab
2129 3237 2290 3319 ipso,
2325 3236 2588 3318 incipiat
2617 3237 2872 3298 tandem
2913 3238 3193 3299 revocari
3231 3237 3311 3299 ad
3340 3237 3509 3299 viam

2018 3336 2259 3397 salutis.

2392 3580 2894 3646 CAPITULUM
2955 3582 3138 3645 XVI.

2014 3737 2101 3793 De
2150 3736 2416 3792 diversis
2479 3738 2842 3793 testimoniis
2905 3736 3128 3809 quibus
3181 3736 3507 3809 Apostolus

2076 3826 2374 3897 pra-cipit
2399 3827 2670 3897 operari,
2701 3832 2757 3881 et
2785 3826 3006 3899 quibus
3045 3827 3175 3897 ipse
3201 3825 3508 3897 probatur

2083 3930 2208 3969 esse
2247 3919 2548 3985 operatus.

2088 4118 2143 4180 N
2185 4117 2454 4199 epistola
2495 4136 2748 4199 quoque
2791 4119 2870 4181 ad
2915 4118 3220 4200 Ephesios
3263 4119 3341 4180 de
3383 4118 3504 4180 hoc

3567 1872 3684 1917 [bid.
3713 1876 3777 1916 15.

2108 4215 2247 4298 ipso
2287 4233 2478 4297 opere
2529 4216 2615 4278 ita
2663 4216 2966 4298 praecepit
3007 4236 3021 4279 :
3068 4219 3197 4284 Qui
3230 4218 3505 4294 furaba-
3557 4224 3797 4282 Ephemv,

2014 4323 2151 4383 tur,
2175 4314 2328 4391 jam
2373 4333 2500 4373 reon
2543 4315 2818 4390 furetur
2831 4335 2859 4383 ,·
2897 4315 3105 4391 mayis
3151 4324 3368 4373 autem
3418 4316 3508 4373 la-

2013 4413 2189 4471 boret
2217 4414 2542 4488 operando
2571 4414 2873 4473 manibus
2901 4414 3040 4473 suis
3068 4414 3241 4491 quod
3270 4414 3506 4472 bonum

2011 4517 2127 4579 est,
2160 4518 2236 4570 ut
2279 4510 2509 4570 habeat
2552 4512 2728 4570 unde
2767 4512 3015 4571 tribuat
3067 4511 3506 4571 necessitatem

2001 4608 2311 4682 patienti.
2347 4607 2416 4669 In
2454 4607 2719 4669 Actibus
2764 4625 3017 4689 quoque
3057 4607 3505 4689 Apostolorum

2010 4704 2308 4766 similiter
2346 4704 2709 4767 invenimus
2739 4724 2887 4766 eum
2929 4722 3054 4767 non
3089 4712 3334 4768 tantum
3371 4706 3505 4769 haec

2010 4803 2232 4864 eadem
2280 4802 2592 4876 docuisse,
2637 4803 2747 4864 sed
2795 4810 2858 4864 et
2897 4820 3088 4884 opere
3138 4802 3500 4884 perfecisse.

2008 4902 2167 4963 Nam
2213 4920 2412 4983 quum
2457 4900 2733 4962 venisset
2784 4900 3179 4974 Corinthum,
3227 4918 3354 4963 non
3404 4920 3504 4963 ac-

2011 5000 2257 5081 quievit
2315 4998 2619 5080 hospitari
2679 4999 2804 5060 nisi
2862 4999 3033 5080 apud
3090 4998 3386 5079 Aquilam
3442 5007 3506 5059 et

2009 5098 2382 5171 Priscillam,
2417 5097 2568 5179 quia
2595 5104 2776 5160 erant
2802 5097 3091 5178 ejusdem
3128 5096 3279 5158 artis
3310 5115 3504 5178 quam

2011 5195 2254 5257 solebat
2300 5213 2594 5257 exercere
2644 5202 2706 5257 et
2755 5196 2910 5277 ipse.
2961 5195 3062 5257 Sic
3111 5192 3348 5256 etenim
3399 5193 3506 5255 ha-

3561 5246 3664 5291 Aa.
3679 5260 3794 5300 xvm,

2013 5294 2125 5357 bes
2160 5313 2173 5357 ε
2209 5296 2366 5356 Post
2409 5294 2542 5354 hoec
2588 5293 2815 5355 Paulus
2855 5312 3145 5370 syres-sus
3187 5294 3267 5351 ab
3311 5293 3505 5354 Athe·
3535 5313 3617 5354 με.

3224 5427 3255 5479 7
