4359 6267
110 3061 192 3102 cap.
206 3063 288 3093 xm.

1241 500 1322 545 DE
1362 499 1690 545 msrrw'rls
1733 499 1817 544 SS.
1854 498 2114 545 PATRUM.
2161 516 2243 527 —·
2282 498 2457 544 LIBER
2497 499 2567 545 111
3372 475 3453 541 35

359 670 554 749 jecta,
607 670 844 751 septies
897 669 959 731 in
1009 669 1112 731 die
1169 668 1246 730 ad
1304 668 1416 731 Dei
1473 667 1855 749 obsequium
1883 664 1936 726 A

365 768 844 843 convenientes,
894 768 1128 850 septies
1178 768 1245 829 in
1293 785 1367 828 ea
1427 766 1642 829 laudes
1700 766 1854 828 dici-

363 886 510 929 mus
555 867 704 929 Dee.

475 965 764 1047 Denique
827 984 1026 1047 quum
1087 965 1192 1027 bic
1258 966 1426 1028 idem
1491 963 1714 1025 modus
1777 963 1854 1025 de

364 1064 612 1126 oriente
678 1065 1050 1145 procedenS,
1113 1064 1309 1126 fuerit
1373 1080 1574 1144 usque
1633 1061 1711 1123 ad
1773 1061 1856 1124 lo-

367 1181 442 1223 ca
514 1163 649 1224 haec
721 1162 1060 1224 utilissime
1129 1169 1540 1244 propagatuS,
1604 1160 1856 1222 videtur

363 1278 772 1342 nequaquam
840 1260 1154 1322 admissus
1217 1278 1392 1321 nunc
1460 1259 1526 1320 in
1592 1257 1854 1339 quibus-

363 1361 513 1421 dam
567 1358 964 1420 monasteriis
1022 1357 1307 1429 orientiS,
1359 1376 1500 1438 quae
1548 1356 1856 1438 antiquis-

359 1458 557 1519 simas
606 1458 861 1519 Patrum
913 1455 1158 1536 regulas
1208 1455 1430 1517 violari
1493 1455 1853 1517 nullatenus

361 1557 711 1639 patiuntur.

795 1798 1297 1863 CAPITULUM
1342 1800 1423 1862 V.

361 1950 536 2018 Quod
573 1954 714 2020 post
758 1948 1118 2003 matutinale
1155 1948 1434 2020 Officium
1475 1949 1558 2004 ad
1592 1963 1857 2005 somnum

753 2038 978 2093 reverti
1014 2053 1135 2093 non
1172 2043 1464 2110 oporteat.

509 2245 634 2308 [1AE
662 2243 1021 2306 observatio
1058 2242 1282 2305 Primae
1312 2262 1426 2305 cur
1457 2242 1541 2304 sit
1571 2242 1862 2303 instituta

369 2240 502 2440 Q
528 2342 791 2424 quidam
837 2340 902 2402 in
945 2341 1062 2402 hac
1105 2340 1435 2422 provincia
1474 2340 1855 2422 ignoranteS,

365 2450 512 2524 post
556 2439 894 2503 Matutinas
952 2446 1359 2501 revertuntur
1405 2440 1482 2501 ad
1542 2439 1858 2501 dormien-

363 2542 543 2611 dum,
579 2539 934 2601 incidentes
983 2538 1048 2599 in
1099 2538 1164 2599 id
1207 2544 1464 2619 propter
1512 2538 1681 2618 quod
1729 2537 1858 2597 evi-

363 2639 630 2701 tandum
665 2636 1025 2700 observatio
1054 2635 1278 2697 Primae
1307 2641 1404 2695 est
1433 2654 1468 2695 a
1499 2634 1858 2696 senioribus

364 2736 676 2799 instituta.
701 2734 860 2796 Nam
890 2741 953 2795 et
979 2732 1086 2794 illa
1116 2733 1270 2794 hora
1299 2750 1440 2794 eam
1473 2732 1708 2812 legunt,
1733 2751 1860 2813 qua

363 2831 934 2915 negligentioribus
974 2838 1036 2893 et
1069 2830 1280 2891 minus
1318 2830 1609 2891 sollicitis
1641 2832 1858 2893 redda-

369 2940 471 2994 tur
513 2930 763 2994 occasio
808 2930 1039 2991 iterum
1084 2928 1460 2990 dormiendi.
1509 2929 1684 3002 Quod
1725 2946 1858 2990 om-

2368 723 2869 787 CAPITULUM
2932 722 3047 786 VI.

1966 870 2136 939 Quod
2172 872 2336 926 nihil
2370 873 2452 927 sit
2490 888 2530 927 a
2573 872 2917 928 senioribus
2961 872 3334 927 immutatum
3378 871 3452 929 de

2037 963 2291 1035 antiquo
2334 962 2548 1017 ordine
2581 961 2976 1034 psalmorum,
3012 976 3193 1035 quum
3227 961 3452 1016 Primoe

2035 1050 2376 1108 observatio
2416 1057 2801 1107 statueretur.

2115 1259 2210 1322 OC
2242 1276 2496 1341 quoque
2527 1259 2690 1321 scire
2715 1258 3037 1333 debemus,
3058 1259 3218 1321 nihil
3244 1260 3320 1321 de
3350 1277 3454 1319 an-

2133 1358 2311 1439 tiqua
2365 1357 2755 1439 psalmorum
2808 1358 3265 1421 consuetudine
3315 1376 3453 1419 esse

1966 1462 2282 1517 mutatum
2327 1474 2364 1516 a
2406 1454 2765 1518 senioribus
2811 1456 3043 1518 nostris
3087 1456 3195 1537 qui
3240 1454 3453 1517 obser-

1963 1553 2285 1615 vationem
2322 1554 2547 1617 Primae
2587 1554 3019 1629 instituerunt,
3051 1555 3161 1616 sed
3194 1553 3453 1615 missam

1963 1660 2271 1735 perpetuo
2302 1652 2680 1714 celebratam
2705 1653 2923 1715 eodem
2952 1653 3173 1715 ordine
3203 1669 3324 1732 quo
3352 1670 3459 1713 an-

1963 1758 2024 1813 te
2058 1752 2122 1812 in
2152 1750 2481 1813 nocturnis
2510 1749 2706 1813 fiebat
2739 1750 3173 1813 conventibus.
3208 1749 3455 1811 Etenim

1889 1853 1938 1915 B
1966 1850 2244 1932 psalmos
2292 1866 2453 1931 quos
2502 1850 2567 1911 in
2616 1850 2731 1911 hac
2782 1850 3037 1929 regione
3082 1850 3160 1911 ad
3208 1848 3454 1911 Matuti-

1967 1966 2077 2009 nas
2121 1956 2265 2009 ant-e
2308 1964 2600 2011 auroram
2650 1948 2850 2010 solent
2904 1947 3113 2020 finire,
3160 1947 3457 2009 similiter

1967 2048 2303 2109 decantant
2360 2054 2423 2108 et
2480 2046 2691 2121 hodie,
2752 2047 2817 2108 id
2884 2052 2979 2107 est
3035 2046 3455 2108 centesimum

1967 2145 2523 2227 quadragesimum
2562 2152 2858 2207 octavum
2899 2145 3237 2226 psalmum,
3270 2142 3457 2224 cujus

1971 2243 2226 2305 initium
2264 2250 2381 2318 est,
2424 2244 2698 2305 Laudate
2744 2243 3086 2305 Dominum
3124 2242 3201 2304 de
3241 2241 3456 2321 coelis;

1967 2349 2030 2403 et
2079 2342 2357 2423 reliquos
2416 2342 2527 2423 qui
2578 2348 2951 2423 sequuntur.
3006 2340 3458 2422 Quinquagesi-

1969 2460 2145 2503 mum
2188 2458 2337 2502 vero
2376 2440 2717 2522 psalmum,
2760 2447 2821 2501 et
2862 2439 3323 2520 sexagesimum
3365 2458 3461 2500 se·

1969 2540 2272 2611 cundum,
2316 2545 2379 2600 et
2418 2538 2877 2618 octogesimum
2920 2555 3181 2607 nonum,
3216 2544 3462 2598 constat

1968 2638 2298 2719 deputat-os
2354 2635 2553 2698 fuisse
2603 2636 2753 2698 huic
2813 2652 2989 2697 novae
3044 2634 3459 2697 observantiae

1967 2737 2208 2798 Primae.
2244 2736 2529 2817 Denique
2570 2753 2772 2817 usque
2811 2732 2999 2795 bodie
3040 2751 3153 2814 per
3188 2732 3456 2801 Italiam,

1967 2835 2235 2916 expletis
2276 2833 2570 2896 laudibus
2617 2832 2966 2905 matutiniS,
3013 2830 3459 2912 quinquagesi-

1969 2952 2110 2994 mus
2150 2933 2433 3013 psalmus
2474 2932 2539 2993 in
2581 2930 2895 2992 universis
2930 2936 3217 2991 cantatur
3246 2929 3459 2991 Eccle-

365 3030 524 3093 nino
553 3029 697 3091 fieri
731 3046 858 3091 non
891 3034 1136 3109 oportet
1171 3026 1364 3105 (sicut
1403 3026 1467 3087 in
1509 3027 1862 3108 praeceden-
1892 3030 1935 3092 C
1967 3032 2078 3093 siis
2124 3048 2137 3093 :
2181 3032 2351 3113 quod
2401 3030 2548 3092 inde
2597 3038 2659 3091 et
2707 3047 2835 3091 non
2882 3028 3138 3090 aliunde
3185 3035 3458 3089 tractum

365 3130 410 3190 ti
458 3128 716 3210 plenius
755 3124 1158 3207 exposuimus
1201 3123 1382 3198 libro,
1427 3124 1859 3187 describentes

364 3227 610 3289 ibidem
659 3224 1098 3307 AEgyptiorum
1159 3225 1471 3307 synaxim,
1525 3241 1859 3304 congrega-

361 3326 609 3387 tionem
651 3342 764 3386 seu
807 3322 1050 3402 ritum),
1084 3341 1164 3383 ne
1205 3321 1720 3403 purificationem
1755 3338 1862 3383 no—

361 3432 561 3486 stram
605 3420 886 3504 supplici
931 3418 1329 3482 confessione
1369 3426 1427 3481 et
1471 3418 1861 3481 antelucanis

361 3543 476 3585 seu
518 3520 852 3584 nocturnis
892 3517 1286 3580 orationibus
1325 3518 1723 3599 acquisitam,
1759 3537 1863 3579 na-

359 3620 668 3683 turalium
726 3619 1061 3680 humorum
1122 3616 1540 3678 redundantia
1595 3615 1858 3697 polluat,

359 3728 472 3781 aut
523 3717 772 3780 inimici
823 3722 1188 3796 corrumpat
1236 3713 1471 3787 illusio,
1518 3721 1625 3774 aut
1676 3714 1864 3775 inter-

361 3818 634 3880 veniens
673 3834 958 3887 somnus,
1001 3812 1295 3895 quamvis
1335 3812 1608 3893 simplex
1650 3820 1712 3874 et
1753 3831 1863 3893 pu·

359 3936 497 3990 rua,
520 3916 939 3994 interrumpat
973 3910 1182 3973 cordis
1213 3910 1412 3972 nostri
1443 3908 1781 3982 fervorem,
1800 3918 1864 3971 et

359 4012 576 4076 somni
618 4019 874 4092 torpore
917 4008 1260 4090 tepefactos
1303 4007 1519 4069 reddat
1561 4006 1862 4089 deinceps

361 4130 482 4193 per
541 4116 746 4172 totum
804 4108 973 4170 diem
1034 4107 1269 4167 inertes
1328 4112 1518 4185 atque
1577 4105 1856 4185 ignavos

360 4209 546 4282 Quod
587 4226 671 4268 ne
721 4206 1047 4268 incurrant
1089 4203 1386 4286 AEgyptii,
1437 4203 1630 4265 missa
1680 4220 1864 4264 cano-
1894 4206 1942 4267 D

361 4308 512 4369 nica
555 4304 893 4377 celebrata,
939 4302 1206 4384 vigilant
1251 4319 1454 4382 usque
1499 4300 1576 4361 ad
1628 4300 1857 4372 lucem,

361 4403 662 4487 quamvis
691 4402 880 4464 certis
909 4400 1304 4482 temporibus
1333 4398 1574 4460 soleant
1602 4415 1861 4478 surgere

361 4510 512 4565 ante
557 4500 870 4582 gallorum
917 4506 1175 4560 cantum
1218 4515 1233 4559 :
1282 4504 1594 4578 quatenus
1643 4513 1860 4575 super-

363 4598 633 4661 veniens
676 4598 784 4659 lux
816 4595 1125 4657 matutina
1155 4592 1436 4655 inveniat
1469 4610 1575 4654 eos
1607 4592 1670 4653 in
1705 4610 1860 4674 prae-

363 4702 680 4778 concepto
737 4693 1110 4757 constitutos
1168 4691 1439 4765 fervore,
1499 4697 1689 4772 atque
1748 4708 1862 4771 per

363 4804 570 4859 totum
627 4794 800 4855 diem
860 4790 1272 4853 ferventiores
1329 4807 1403 4850 ac
1462 4788 1861 4851 sollicitiores

363 4892 738 4963 consistant,
781 4888 1114 4971 praeparati
1152 4888 1229 4950 ad
1273 4886 1669 4970 spiritualem
1715 4903 1860 4949 con-

365 4990 644 5061 flictum,
677 4996 737 5049 et
779 4993 996 5048 contra
1024 4986 1317 5047 diurnam
1350 4985 1862 5047 colluctationem

363 5087 602 5151 diaboli
635 5086 766 5147 sint
805 5092 1260 5147 nocturnarum
1291 5083 1656 5163 vigiliarum
1688 5102 1861 5145 exer—

363 5186 538 5249 citiis
587 5182 1160 5267 spiritualibusque
1209 5180 1726 5243 meditationibus
1772 5198 1864 5243 ro—

364 5285 591 5349 borati.

1496 5449 1534 5469 Ὦ

1969 3146 2297 3210 cognosco.

2355 3392 2857 3458 CAPITULUM
2922 3391 3069 3454 VII.

1971 3543 2140 3610 Quod
2175 3544 2234 3598 ei
2272 3543 2381 3616 qui
2419 3542 2501 3596 ad
2536 3542 2825 3596 diurnam
2852 3540 3187 3595 orationem
3214 3554 3317 3593 seu
3347 3540 3460 3594 llo-

2040 3646 2173 3685 ram
2201 3646 2321 3686 non
2342 3630 2573 3685 venerit
2600 3634 2922 3700 antequam
2932 3628 3173 3698 primus
3186 3626 3461 3697 psalmus

2040 3721 2325 3791 finiatur,
2374 3719 2712 3774 oratorium
2761 3717 3022 3772 introire
3073 3732 3193 3771 non
3240 3715 3421 3771 liceat
3435 3734 3457 3778 ;

2043 3811 2110 3863 in
2157 3809 2473 3865 nocturnis
2518 3814 2715 3862 autem
2752 3806 2989 3877 Officiis
3034 3821 3204 3861 mora
3238 3806 3323 3860 sit
3366 3822 3460 3861 ve-

2042 3898 2304 3953 niabilis
2333 3913 2521 3971 usque
2548 3898 2629 3952 ad
2654 3896 2835 3966 finem
2866 3896 3113 3951 secundi
3139 3894 3387 3965 psalmi.

2134 4210 2413 4274 praesens
2449 4208 2575 4253 non
2606 4190 2801 4251 fuerit
2839 4198 3179 4271 antequam
3216 4190 3461 4271 primus

1972 4288 2237 4352 fimatur
2282 4289 2585 4371 psalmus,
2628 4289 2975 4351 oratorium
3022 4288 3184 4350 ultra
3228 4288 3461 4350 intrare

1972 4407 2098 4451 non
2143 4390 2353 4461 audet,
2400 4406 2519 4450 nee
2563 4406 2629 4449 se
2682 4388 2950 4449 miscere
3000 4387 3458 4470 psallentibus3

1972 4489 2081 4550 sed
2125 4486 2629 4569 congregationis
2673 4485 2872 4548 finem
2914 4494 3085 4548 stans
3129 4493 3273 4548 ante
3316 4485 3464 4548 osti-

1973 4606 2082 4649 um
2114 4586 2534 4669 praestolatur,
2566 4586 2767 4647 donec
2798 4583 3269 4665 egredientibus
3309 4602 3462 4645 cun-

1972 4686 2110 4759 ctiS,
2135 4692 2477 4767 prostratus
2509 4685 2575 4747 in
2603 4693 2855 4759 terram,
2879 4702 2993 4764 per
3022 4683 3461 4764 poenitentiam

1973 4805 2153 4849 suam
2192 4784 2593 4865 negligentiae
2634 4802 2707 4845 ac
2747 4782 3057 4845 tarditatis
3096 4802 3226 4844 suae
3265 4780 3465 4862 impe-

1975 4892 2096 4947 tret
2140 4884 2395 4945 veniam
2440 4902 2453 4946 :
2498 4882 2705 4944 sciens
2754 4900 2821 4943 se
2869 4880 3052 4943 aliter
3101 4898 3226 4942 non
3278 4897 3463 4961 posse

1973 4982 2229 5064 expiare
2273 4981 2529 5062 culpam
2573 4999 2703 5043 suae
2747 4978 3024 5052 desidiae,
3070 4978 3199 5039 imo
3239 4995 3355 5038 nec
3397 4976 3461 5038 in

1974 5079 2263 5160 sequenti
2291 5078 2508 5140 divino
2533 5078 2992 5140 admittendum
3016 5074 3268 5149 Officio,
3294 5073 3465 5157 quod

1973 5178 2094 5240 erit
2133 5183 2276 5258 post
2316 5176 2500 5238 boras
2541 5183 2689 5249 tres,
2734 5174 2856 5235 nisi
2898 5174 3111 5236 statim
3153 5190 3268 5253 pro
3306 5191 3462 5253 prae—

1973 5274 2137 5337 senti
2170 5272 2555 5354 negligentia
2584 5272 2913 5335 festinaret
2941 5270 3253 5335 obnoxius
3285 5269 3463 5332 satis-

1978 4092 2193 4301 QUI
2237 4101 2449 4155 autem
2492 4093 2556 4155 in
2603 4092 2832 4163 Tertia,
2880 4092 3086 4166 Sexta,
3131 4100 3241 4153 aut
3285 4092 3462 4155 Nona
