4359 6267
121 891 328 942 unauna.

117 959 161 998 38.

135 1677 226 1720 Ibid.
249 1681 306 1720 16.

137 2465 226 2509 Ital.
244 2485 266 2520 ι,
287 2474 325 2513 8.

141 4005 186 4044 at.

145 4831 340 4890 Galatea.

1051 503 1468 556 commortua
1511 507 1596 552 SS.
1632 505 1874 551 runnu
1917 503 2091 550 mann
2133 505 2197 548 ιι.
2243 521 2323 532 —-
2364 502 2652 550 coam-rio
2692 505 2757 550 xi
3334 484 3453 549 277

354 701 430 745 ex
459 683 604 756 Deo,
637 699 766 745 non
805 689 1050 764 peccat,
1083 680 1236 762 quia
1273 697 1491 743 semen
1533 676 1736 760 ipsius
1777 673 1844 736 in
1870 669 1925 733 A
1956 691 2134 735 scera
2179 680 2393 735 autem
2453 672 2799 755 impiorum
2858 672 3159 735 crudelia.
3210 671 3453 734 Idcirco

354 798 428 843 eo
457 788 566 854 est,
599 788 665 843 et
695 798 824 844 non
857 787 1064 862 potest
1099 796 1385 861 peccare,
1420 777 1570 861 quia
1607 795 1684 838 ex
1716 775 1844 837 Deo
1953 772 2383 834 certissimum
2428 780 2543 846 est,
2590 771 2973 834 monachum
3018 771 3194 834 vitiis
3237 770 3453 850 subja-

354 889 531 943 natus
585 889 725 960 est;
776 886 839 942 et
890 879 1142 952 iterum,
1195 877 1444 940 Scimus
1503 875 1654 957 quia
1712 892 1844 937 om·
1953 889 2098 933 cere
2135 870 2377 933 eisdem
2418 890 2561 952 quae
2601 870 2968 934 inclementi
3012 877 3075 932 et
3106 869 3454 932 inhumana

351 981 451 1042 nis
481 980 586 1062 qui
629 988 815 1043 natus
855 988 954 1041 est
989 997 1068 1041 ex
1107 979 1256 1051 Deo,
1291 994 1418 1039 non
1457 983 1699 1058 peccat,
1733 973 1843 1036 sed
1954 970 2291 1032 severitate
2339 970 2721 1032 condemnat
2779 969 2844 1031 in
2892 969 3037 1032 alio.
3091 969 3219 1032 Rex
3278 968 3451 1030 enim
3506 988 3746 1064 Prqmm.

351 1080 668 1160 generatio
697 1079 810 1141 Dei
849 1084 1182 1141 conservat
1221 1094 1392 1149 eum,
1426 1082 1490 1137 et
1531 1073 1844 1154 malignus
1954 1068 2197 1148 rigidus
2246 1069 2375 1131 ruit
2420 1068 2485 1130 in
2531 1067 2892 1147 maculam3
2938 1075 3003 1130 et
3044 1068 3155 1150 qui
3199 1066 3453 1131 obturat
3482 1054 3711 1150 &543⁰ss

353 1195 478 1240 non
513 1177 714 1258 tangit
752 1195 922 1238 eum.
965 1175 1140 1249 Quod
1185 1193 1312 1238 non
1352 1179 1450 1235 est
1490 1171 1843 1252 intelligen-
1953 1185 2139 1229 aures
2171 1186 2317 1230 suas
2357 1186 2437 1230 ne
2474 1166 2693 1229 audiat
2726 1166 3078 1241 infirmum,
3112 1165 3249 1247 ipse
3278 1165 3453 1229 invo-
3528 1169 3745 1222 hid-¹¹1,

354 1276 503 1337 dum
539 1276 618 1337 de
655 1275 833 1338 omni
872 1292 1103 1356 genere
1144 1280 1573 1354 peccatorum,
1616 1269 1725 1332 sed
1767 1269 1844 1331 de
1957 1265 2147 1340 cabit,
2191 1273 2254 1328 et
2296 1285 2423 1330 non
2468 1266 2589 1328 erit
2630 1265 2741 1348 qui
2784 1265 3077 1328 exaudiat
3118 1283 3285 1327 eum.
3482 1234 3721 1341 {xx-luxu

353 1373 726 1456 capitalibus
771 1380 1020 1435 tantum
1065 1370 1463 1434 criminibus
1511 1369 1563 1431 A
1603 1367 1839 1451 quibus

355 1473 464 1554 qui
500 1491 625 1536 non
665 1471 942 1534 voluerit
979 1489 1048 1533 se
1086 1469 1415 1533 extrahere
1455 1476 1518 1531 et
1549 1485 1842 1551 purgare,
2355 1522 2860 1587 CAPITULUM
2922 1522 3021 1586 XI

357 1571 644 1653 prohibet
681 1570 854 1634 idem
884 1569 1222 1652 Apostolus
1261 1568 1426 1633 orari
1466 1586 1582 1650 pro
1622 1584 1719 1641 eo,
1753 1566 1846 1628 di·
3029 1570 3044 1585 ·

357 1689 502 1732 cens
533 1687 548 1732 :
581 1670 701 1744 Qui
741 1670 861 1732 scit
890 1669 1152 1732 fratrem
1181 1686 1372 1730 suum
1403 1685 1666 1749 peccare
1697 1683 1842 1748 pec·
1988 1672 2423 1743 Interroqatio,
2452 1689 2562 1730 cur
2590 1672 2830 1728 dixerit
2859 1672 3138 1746 affectum
3175 1672 3421 1730 timoris

355 1775 560 1831 catum
605 1787 737 1833 non
784 1769 862 1830 ad
915 1776 1204 1842 mortem,
1249 1773 1444 1849 petat,
1487 1773 1550 1828 et
1589 1763 1844 1826 dabitur
2288 1768 2345 1818 et
2373 1763 2505 1834 spei
2534 1778 2659 1818 esse
2685 1762 3123 1835 imperfectum.

351 1867 410 1929 ei
450 1867 576 1930 vita
617 1885 746 1930 non
789 1866 1081 1949 peccanti
1123 1867 1201 1928 ad
1247 1872 1536 1927 mortem.
1587 1863 1709 1926 Sed
1751 1869 1848 1925 est
1883 1857 1929 1920 B

354 1974 678 2046 peccatum
708 1966 785 2028 ad
820 1973 1128 2028 mortem:
1156 1982 1282 2026 non
1313 1981 1428 2045 pro
1461 1960 1569 2024 illo
1601 1961 1748 2023 dico
1778 1969 1848 2022 ut
2097 1958 2458 2023 ERMANUS
2494 1979 2507 2023 :
2544 1959 2837 2023 Potenter
2871 1969 3061 2043 atque
3103 1960 3448 2042 magnifice

353 2071 520 2144 roget
557 2065 721 2145 quis.
759 2064 1054 2127 Ceterum
1093 2063 1170 2126 de
1210 2061 1337 2124 illis
1377 2060 1654 2144 peccatis
1699 2079 1841 2143 quae
2123 2059 2482 2122 disseruisti
2529 2060 2608 2122 de
2659 2060 2919 2123 caritate
2964 2061 3075 2123 Dei
3119 2059 3451 2142 perfecta3

353 2179 478 2224 non
515 2170 660 2225 sunt
703 2163 782 2225 ad
827 2170 1120 2235 mortem,
1162 2181 1200 2224 a
1242 2160 1478 2243 quibus
1518 2159 1841 2221 immunes
1955 2165 2396 2221 verumtamen
2436 2158 2595 2220 illud
2639 2176 2753 2220 nos
2796 2167 3029 2232 movet,
3073 2157 3243 2242 quod
3289 2159 3443 2221 dum

355 2279 490 2324 esse
520 2280 646 2324 non
676 2269 922 2345 queunt
960 2261 1072 2343 qui
1112 2259 1362 2324 Christo
1401 2258 1683 2321 fideliter
1720 2276 1850 2320 ser·
1957 2256 2283 2318 caritatem
2326 2265 2454 2320 tam
2492 2257 2849 2321 eminenter
2892 2257 3183 2333 laudasti,
3237 2258 3455 2321 dixisti

360 2359 556 2434 viunt,
589 2369 1182 2442 quantumcumque
1213 2376 1439 2439 magna
1467 2357 1852 2438 circumspe·
1955 2354 2254 2418 timorem
2285 2356 2395 2418 Dei
2428 2364 2489 2419 et
2522 2375 2702 2439 spem
2734 2356 3174 2421 retributionis
3204 2365 3453 2421 aeternae

361 2457 564 2520 ctione
602 2477 668 2521 se
709 2459 882 2541 ipsos
922 2457 1301 2530 custodiant,
1336 2455 1572 2517 dicitur
1604 2473 1617 2517 ε
1652 2454 1715 2517 Si
1755 2454 1846 2515 di·
1955 2472 2094 2516 esse
2141 2454 2603 2536 imperfectam,
2648 2475 2848 2538 quum
2892 2456 3202 2538 Propheta
3245 2455 3452 2519 videa-

361 2557 636 2620 xerimus
663 2558 970 2640 quoniam
999 2564 1333 2638 peccatum
1364 2572 1492 2617 non
1523 2553 1843 2628 hahemus,
1957 2559 2061 2614 tur
2109 2553 2314 2616 multo
2356 2552 2543 2616 aliter
2583 2554 2859 2618 sensisse
2898 2555 2975 2617 de
3016 2556 3108 2619 eis
3152 2572 3165 2616 ε
3208 2555 3451 2619 Timete
3504 2572 3743 2626 pamm,

363 2655 480 2737 ipsi
536 2675 648 2720 nos
703 2655 1094 2728 seducimuS,
1145 2662 1209 2716 et
1255 2653 1486 2718 veritas
1546 2654 1613 2714 in
1660 2652 1846 2716 nobis
1953 2651 2310 2735 (inquiens)
2352 2653 2718 2728 Dominum,
2761 2671 2982 2716 omnes
3033 2653 3235 2716 sancti
3284 2653 3446 2734 ejuS,
3480 2639 3547 2682 ¹⁰·

361 2772 484 2816 non
523 2763 633 2817 est.
668 2752 1073 2836 Impossibile
1111 2753 1284 2815 enim
1325 2761 1420 2815 est
1457 2769 1844 2834 quemquam
1955 2751 2259 2832 quoniam
2310 2751 2473 2812 nihil
2516 2751 2693 2814 deest
2740 2752 3117 2815 timentibus
3161 2771 3330 2815 eum.
3376 2753 3451 2814 Et

360 2861 715 2914 sanctorum
768 2852 836 2913 in
884 2851 1118 2914 saeculo
1173 2850 1294 2913 isto
1345 2867 1473 2912 non
1520 2849 1846 2911 incurrere
1955 2868 2173 2912 rursus
2216 2848 2451 2911 fatetur
2478 2869 2544 2912 se
2575 2850 2989 2912 exercitatum
3021 2851 3085 2913 in
3116 2851 3452 2915 observan-

361 2949 476 3012 ista
513 2951 756 3012 minuta
796 2957 1055 3031 peccata
1091 2968 1234 3031 quae
1272 2948 1694 3010 admittuntur
1732 2965 1847 3028 per
1954 2946 2052 3008 dis
2078 2947 2649 3027 justificationibus
2678 2949 2787 3012 Dei
2823 2948 3057 3011 intuitu
3090 2948 3450 3011 retributio-

359 3064 732 3121 sermonem,
754 3047 1224 3129 cogitationem,
1247 3045 1658 3118 oblivionem,
1681 3046 1852 3127 igno-
1882 3042 1927 3106 G
1955 3045 2077 3118 nis,
2110 3046 2382 3109 dicendo
2426 3065 2439 3109 :
2482 3047 2791 3110 Inclinavi
2835 3065 2943 3110 cor
2983 3065 3199 3109 meum
3241 3047 3320 3109 ad
3359 3047 3449 3110 fa·
3504 3067 3740 3120 Pamm,

359 3146 1532 3222 rantiam,necessitatem‚voluntatem
1561 3151 1670 3207 aut
1698 3143 1846 3207 sub-
1955 3143 2212 3206 ciendas
2258 3145 2752 3224 justificationes
2799 3153 2939 3208 tuas
2998 3146 3063 3208 in
3114 3153 3446 3222 aeternum‚
3480 3134 3572 3175 ¹¹²·

361 3244 704 3326 reptionem
761 3263 775 3307 :
827 3265 971 3327 quae
1028 3245 1322 3327 quamvis
1379 3243 1586 3307 aliena
1634 3243 1763 3306 sint
1809 3262 1846 3305 a
1956 3249 2216 3324 propter
2258 3243 2763 3307 retributionem.
2811 3244 3150 3327 Apostolus
3193 3261 3448 3328 quoque

361 3350 610 3423 peccato
637 3343 718 3406 ad
750 3349 1042 3416 mortem,
1064 3361 1278 3404 carere
1306 3349 1520 3405 tamen
1551 3359 1678 3404 non
1710 3358 1848 3424 pos-
1954 3340 2043 3402 ait
2076 3358 2090 3402 :
2125 3341 2275 3402 Fide
2306 3343 2546 3424 Moyses
2575 3342 2831 3424 grandis
2862 3342 3067 3406 factus
3097 3344 3350 3425 negavit
3380 3363 3448 3407 se
3518 3363 3655 3408 Reor.
3679 3377 3735 3416 ιι,

359 3448 502 3502 sunt
541 3441 1035 3523 reprehensione
1075 3447 1141 3502 et
1183 3440 1388 3522 culpa.
1954 3457 2093 3501 esse
2132 3438 2346 3501 filium
2383 3440 2539 3504 filiae
2575 3439 2933 3516 PharaoniS,
2968 3442 3169 3524 magis
3208 3441 3449 3525 eligens
3477 3430 3615 3472 ²⁶²⁶·

433 3539 594 3601 Dum
623 3557 774 3621 ergo
805 3539 951 3621 quis
982 3538 1177 3602 fuerit
1205 3538 1472 3621 adeptus
1509 3537 1843 3620 praefatum
1954 3535 2158 3618 affligi
2200 3555 2346 3600 cum
2388 3538 2625 3620 populo
2662 3539 2797 3614 Dei,
2840 3558 3033 3623 quam
3076 3540 3449 3623 temporalis

361 3634 652 3700 bonitatis
720 3637 1029 3700 affectum
1093 3637 1643 3720 imitationemque
1705 3634 1841 3711 Dei,
1955 3636 2198 3718 peccati
2242 3635 2475 3699 habere
2514 3637 3001 3719 jucunditatem,
3046 3639 3318 3720 majores
3362 3641 3452 3702 di-

362 3744 507 3798 tunc
551 3737 813 3800 indutus
857 3735 1101 3800 viscera
1144 3735 1641 3817 longanimitatis
1684 3734 1844 3824 divi·
1953 3733 2140 3797 vitias
2170 3734 2491 3798 aestimans
2522 3735 2836 3799 thesauris
2864 3737 3301 3821 AEgyptiorum
3332 3738 3449 3800 im-

365 3854 476 3906 nae,
521 3835 728 3898 orabit
775 3854 924 3897 cum
975 3835 1224 3898 Christo
1273 3853 1386 3917 pro
1432 3834 1847 3917 persecutori·
1957 3833 2325 3915 properium
2375 3834 2608 3897 Christi
2652 3852 2665 3897 :
2710 3834 3102 3918 adspiciebat
3156 3837 3329 3899 enim
3384 3836 3450 3898 in

317 3958 342 3996 ι,
367 3931 480 3994 hus
519 3934 816 4016 propriiS,
851 3933 1118 3996 dicens:
1161 3934 1358 4007 Pater,
1398 3933 1653 4015 ignosce
1695 3933 1844 4006 illis,
1958 3932 2556 3995 remunerationem.
2608 3933 2889 4006 Qualiter
2942 3951 3093 4016 ergo
3148 3935 3340 3998 timor
3387 3941 3453 3996 et

367 4049 488 4094 non
535 4033 707 4094 enim
766 4032 979 4095 sciunt
1025 4031 1180 4114 quid
1238 4031 1500 4094 faciunt.
1555 4032 1847 4095 Ceterum
1959 4047 2104 4110 spes
2149 4029 2523 4112 imperfecta
2566 4031 2943 4105 consistunt,
2985 4051 3187 4115 quum
3228 4032 3449 4094 beatus

365 4130 616 4193 evidens
655 4131 912 4211 signum
949 4130 1178 4194 animae
1216 4130 1498 4194 nondum
1541 4137 1844 4212 purgatae,
1959 4127 2157 4190 David
2200 4128 2506 4210 glorietur
2546 4147 2613 4192 se
2657 4128 2886 4192 fecisse
2922 4129 3450 4211 justificationem

363 4230 629 4291 necdum
669 4229 964 4311 eliquatae
994 4227 1258 4291 faecibus
1289 4227 1614 4302 vitiorum,
1647 4235 1744 4290 est
1782 4227 1848 4289 in
1879 4225 1927 4286 D
1958 4226 2070 4288 Dei
2111 4233 2371 4308 propter
2407 4228 2913 4304 retributionem,
2956 4237 3020 4292 et
3058 4228 3321 4312 praemia
3359 4228 3456 4291 fu·

361 4327 578 4391 alienis
609 4327 990 4390 criminibus
1022 4345 1149 4390 non
1182 4327 1677 4389 misericorditer
1706 4343 1851 4390 con·
1959 4332 2102 4386 tura
2139 4325 2381 4407 Moyses
2419 4327 2801 4410 adspiciens,
2845 4327 3093 4390 dicatur
3135 4328 3454 4410 sprevisse

363 4425 588 4500 dolere,
639 4427 750 4489 sed
799 4425 1070 4508 rigidam
1115 4424 1460 4506 judicantis
1511 4443 1848 4488 censuram
1957 4423 2365 4505 adoptionem
2398 4425 2583 4506 regiae
2613 4424 2961 4508 dignitatiS,
2994 4445 3069 4490 ac
3099 4426 3455 4509 praetulisse

365 4531 587 4588 tenere.
624 4526 903 4600 Qualiter
931 4525 1105 4588 enim
1137 4524 1370 4606 poterit
1397 4523 1687 4588 obtinere
1717 4541 1851 4587 cor·
1958 4520 2380 4585 afflictionem
2436 4522 2844 4586 durissimam
2900 4525 3216 4588 thesauris
3272 4526 3458 4609 AEgy·

364 4623 454 4686 dis
493 4624 968 4707 perfectionem,
1010 4624 1123 4707 qui
1168 4642 1296 4688 non
1334 4622 1525 4686 habet
1575 4623 1637 4685 id
1679 4622 1849 4705 quod
1963 4621 2289 4702 ptiorum2

364 4723 692 4805 Apostolus
721 4723 1066 4787 insinuavit
1095 4741 1282 4805 posse
1312 4722 1579 4805 implere
1612 4722 1846 4803 legem:

364 4820 529 4884 Alter
559 4820 916 4904 (inquiens)
954 4820 1217 4883 alterius
1257 4837 1450 4884 onera
1490 4827 1852 4901 portate„et
2347 4822 2850 4888 CAPITULUM
2914 4824 3073 4890 XII.

365 4918 450 4980 sic
483 4918 918 5002 adimplebitis
959 4919 1163 5000 legem
1196 4918 1473 4981 Christi?
1505 4919 1632 4982 Nec
1662 4916 1853 4981 habet
2234 4954 2320 5009 De
2345 4952 2705 5010 diversitate
2720 4953 3185 5027 perfectionum,

162 5029 342 5090 levum,
365 5017 532 5082 illam
563 5018 842 5082 caritatis
872 5018 1194 5092 virtutem,
1215 5037 1355 5100 quae
1387 5035 1512 5080 non
1549 5017 1848 5092 irritatur,

145 5095 202 5136 ⁴⁵
224 5100 256 5142 ’·
369 5135 486 5180 non
515 5117 800 5192 inflatur,
835 5135 962 5180 non
994 5117 1227 5198 cogitat
1255 5117 1518 5191 malum,
1552 5135 1694 5198 quae
1723 5134 1854 5179 om·
2083 5115 2476 5179 HAEREMON
2524 5134 2537 5180 ε
2591 5115 2917 5198 Scriptura
2963 5117 3179 5180 divina
3224 5117 3457 5184 excitat

145 5225 347 5281 mmo.
369 5217 466 5279 nia
493 5217 746 5292 suffert,
777 5217 994 5280 omnia
1030 5216 1320 5290 sustinet,
1353 5223 1471 5278 etc.
1505 5217 1719 5278 Justus
1749 5234 1855 5279 au·
2112 5223 2175 5277 et
2206 5208 2506 5279 'hortatur
2549 5215 2747 5278 nostri
2794 5216 3040 5278 arbitrii
3090 5215 3448 5281 libertatem

373 5321 487 5377 tem
533 5316 870 5378 miseretur
911 5315 1246 5378 animabus
1288 5322 1716 5396 peccatorum,
1759 5314 1850 5377 vi·
1962 5315 2040 5376 ad
2096 5315 2329 5395 gradus
2388 5313 2855 5396 perfectionum
2912 5314 3219 5392 diversos,
3268 5317 3449 5398 juxta
