4359 6267
926 471 1048 537 280
1625 491 2042 540 commotum
2084 493 2171 539 ss.
2207 492 2450 539 ramum
2492 493 2667 539 unna
2710 493 2773 539 11.
2819 512 2901 521 —
2940 491 3228 542 contai-10
3268 494 3333 540 xi

925 661 1311 724 emtionibus
1366 662 1600 726 laetitiae
1656 662 2026 745 temporalis
2085 671 2197 726 aut
2251 663 2430 726 volu·
2457 663 2509 725 A
2537 661 2725 727 festet
2782 684 2895 728 seu
2944 665 3155 747 pulset
3204 665 3413 729 cordis
3462 665 3663 728 nostri
3713 663 4043 746 integrita-

925 766 1173 840 ptatum
1200 777 1216 839 ;
1249 761 1418 842 quod
1459 768 1806 824 memorato
1845 761 2168 824 interdum
2214 761 2430 824 evenit
2538 770 2689 837 tem,
2714 770 2777 824 et
2809 770 3023 826 utrum
3052 765 3115 826 in
3149 783 3338 828 carne
3368 766 3688 846 degenteS,
3710 763 4041 826 valeamus

928 857 1144 921 timori
1182 859 1293 940 qui
1335 859 1608 921 mittitur
1653 858 1842 922 foras.
1877 858 1992 922 Hic
2031 877 2179 941 ergo
2218 867 2317 922 est
2357 858 2430 920 ti·
2540 860 2626 923 ita
2678 857 2938 924 alienari
2994 863 3073 924 ab
3129 863 3246 925 hac
3304 863 3597 945 passione
3653 863 3911 936 carnali,
3970 869 4043 922 ut

930 972 1070 1017 mor
1127 955 1538 1038 perfectionis
1606 974 1734 1038 quo
1791 956 2078 1020 Christus
2137 964 2429 1020 narratur
2540 978 2867 1042 nunquam
2912 980 3175 1024 uramur
3222 961 3483 1026 aestibus
3538 961 4033 1024 incentivorum.

928 1051 1128 1116 fuisse
1168 1055 1472 1137 repletus,
1504 1055 1616 1136 qui
1656 1055 1834 1118 venit
1871 1073 1998 1118 non
2029 1053 2238 1118 solum
2270 1055 2429 1117 redi-

929 1169 1102 1214 mere
1130 1169 1332 1234 genus
1361 1152 1738 1228 humanum,
1771 1154 1882 1215 sed
1920 1154 2112 1216 etiam
2144 1153 2429 1236 praebere

928 1249 1200 1314 formam
1244 1249 1678 1333 perfectionis,
1720 1251 2014 1334 exempla
2055 1253 2367 1315 virtutum
2410 1268 2423 1314 :
2932 1215 3439 1280 CAPITULUM
3484 1213 3635 1280 XV·

927 1349 1227 1412 servilem
1254 1349 1497 1432 quippe
1526 1349 1821 1412 timorem
1847 1357 2299 1414 tormentorum
2328 1350 2431 1412 ha·
2748 1363 2984 1420 Dilatio
3032 1364 3444 1436 impositionis
3482 1363 3818 1436 propositae

673 1465 832 1511 ww.
853 1479 896 1517 n.
929 1448 1081 1511 bere
1118 1468 1246 1513 non
1287 1449 1494 1531 potuit
1521 1467 1710 1512 verus
1741 1449 1938 1512 Filius
1969 1450 2104 1524 Dei,
2139 1450 2251 1532 qui
2288 1468 2431 1532 pec·
3096 1453 3475 1526 quaestionis.

933 1554 1147 1610 catum
1195 1565 1324 1610 non
1371 1547 1545 1622 fecit,
1589 1566 1708 1610 nec
1753 1548 2049 1611 inventus
2097 1556 2195 1610 est
2241 1547 2427 1612 dolus

935 1646 1002 1708 in
1045 1663 1154 1709 ore
1198 1645 1420 1728 ipsius.
2661 1649 3053 1714 HAEREMON
3094 1667 3109 1712 :
3152 1650 3431 1714 Summae
3477 1648 3889 1712 beatitudinis
3938 1657 4033 1711 est

2687 1767 2762 1811 ac
2812 1747 3023 1810 meriti
3072 1747 3433 1830 singulariS,
3476 1747 3721 1810 discere
3768 1754 3878 1809 aut
3924 1747 4035 1810 do-

2456 1849 2503 1912 B
2536 1865 2679 1910 cere
2737 1847 2935 1910 istum
2986 1846 3293 1910 affectum
3346 1866 3461 1930 per
3513 1865 3707 1930 quem
3762 1845 4032 1909 Domino

1305 1903 1810 1969 CAPITULUM
1866 1902 2049 1967 XIV·
2534 1945 2952 2021 adhaeremus,
2986 1953 3077 2020 ut,
3108 1946 3288 2026 juxta
3319 1945 3737 2019 psalmistam,
3772 1945 4033 2008 medita·
4090 1954 4257 2002 1³..1.2.

973 2043 1385 2117 Interroqatio
1414 2045 1487 2102 de
1513 2045 2024 2103 consummatione
2051 2045 2380 2102 castitatis.
2536 2044 2626 2107 tio
2658 2044 2800 2125 ejus
2834 2052 3165 2108 consumat
3194 2062 3416 2108 omnes
3446 2044 3593 2108 vitae
3626 2051 3857 2107 nostrae
3894 2044 4028 2106 dies

2535 2162 2609 2206 ac
2658 2151 2897 2218 nocteS,
2944 2151 3253 2226 perpetua
3297 2161 3554 2226 quoque
3604 2143 4029 2206 ruminatione

1073 2242 1434 2307 ERMANUS
1475 2260 1491 2305 t
1538 2242 1846 2317 Quoniam
1891 2258 2100 2306 sermo
2142 2243 2426 2322 digestus
2536 2241 2729 2323 hujus
2766 2241 2892 2304 cibi
2934 2241 3211 2306 coelestis
3250 2249 3561 2304 sustentet
3601 2248 3882 2304 mentem
3922 2258 4029 2304 no·

1100 2350 1194 2404 est
1238 2342 1316 2404 de
1362 2340 1750 2424 perfectione
1793 2341 2095 2416 caritatis,
2128 2341 2425 2404 volumus
2536 2348 2731 2403 stram
2775 2339 3222 2404 insatiabiliter
3262 2341 3651 2404 esurientem
3694 2359 3768 2402 ac
3814 2340 4029 2402 sitien-

931 2440 1124 2504 etiam
1154 2441 1368 2523 aliqua
1398 2441 1709 2504 sciscitari
1742 2441 2005 2504 liberius
2046 2442 2123 2504 de
2162 2440 2297 2504 fine
2326 2460 2426 2504 ca·
2537 2447 2665 2502 tem
2712 2439 3061 2520 justitiam3
3104 2440 3214 2503 sed
3268 2440 3449 2520 juxta
3506 2439 4027 2521 benignissimam

933 2539 1184 2602 stitatis.
1221 2539 1471 2602 Scimus
1509 2540 1682 2602 enim
1722 2540 2097 2622 praecelsum
2131 2539 2288 2603 illud
2328 2559 2427 2603 ca·
2537 2538 2875 2603 Salvatoris
2907 2539 3105 2602 nostri
3136 2539 3533 2613 sententiam,
3568 2539 4029 2622 providendum

933 2636 1136 2700 ritatis
1176 2637 1526 2719 fastigium,
1561 2657 1674 2720 per
1713 2658 1906 2721 quam
1945 2638 2312 2702 ascenditur
2349 2639 2427 2702 ad
2536 2647 2633 2700 est
2668 2639 2861 2701 ctiam
2897 2638 3192 2720 jumento
3228 2638 3511 2721 corporis
3552 2637 3774 2712 nostri,
3808 2655 3887 2700 ne
3924 2637 4029 2699 de·
4070 2645 4286 2696 Mateta-xv.

935 2733 1276 2815 imaginem
1306 2742 1370 2797 et
1399 2735 1889 2799 similitudinem
1921 2737 2054 2810 Dei,
2079 2737 2242 2799 sicut
2276 2737 2427 2798 huc·
2536 2736 2717 2799 ficiat
2758 2737 2823 2799 in
2861 2737 2981 2800 hac
3008 2738 3131 2799 via.
3168 2736 3441 2818 Spiritus
3480 2736 3654 2799 enim
3699 2743 4029 2818 promptus
4056 2711 4285 2818 &mum

935 2851 1138 2914 usque
1192 2851 1566 2916 expressum
1625 2841 1742 2908 est,
1794 2852 1922 2897 non
1982 2853 2166 2917 posse
2226 2835 2430 2898 subsi-
2537 2843 2655 2910 est,
2687 2854 2833 2899 caro
2869 2842 3083 2898 autem
3115 2835 3414 2915 infirma3
3446 2854 3589 2918 quae
3626 2841 3689 2897 et
3729 2853 3901 2897 nunc
3938 2853 4029 2896 re-
4054 2839 4118 2879 ⁴¹·

934 2939 1100 2994 stere
1147 2931 1286 2995 sine
1335 2932 1640 2996 castitatis
1692 2931 2124 3014 perfectione;
2165 2935 2278 2996 sed
2325 2952 2431 2997 vo-
2539 2933 2880 2997 focillanda
2945 2943 3041 2997 est
3099 2934 3507 3016 perceptione
3575 2933 3811 2996 modici
3878 2933 4025 3006 cibi,

935 3029 1147 3092 lumus
1197 3031 1450 3094 edoceri
1500 3039 1716 3093 utrum
1776 3039 1902 3094 tam
1963 3032 2429 3095 indesinentem
2466 3037 2509 3100 C
2539 3040 2853 3115 quatenus
2892 3041 3035 3115 post
3072 3032 3485 3096 refectionem
3528 3033 3729 3114 ipsius
3768 3032 4031 3095 addatur

934 3136 1124 3211 atque
1153 3137 1526 3212 perpetuam
1566 3130 1919 3192 castitatem
1959 3130 2248 3194 obtinere
2289 3150 2430 3214 pos·
2542 3132 2773 3195 mentis
2803 3133 3071 3195 intentio
3099 3133 3178 3196 ad
3210 3132 3637 3213 indagandum
3665 3130 4031 3212 diligentius

934 3226 1157 3302 simuS,
1200 3235 1270 3289 ut
1310 3228 1587 3291 titillatio
1632 3228 1916 3291 11b1d1n1s
1961 3248 2290 3310 nunquam
2334 3229 2427 3292 in·
2540 3251 2613 3295 ea
2654 3252 2796 3315 quae
2835 3232 3226 3296 desideratis.
