4359 6267
115 3722 146 3765 ll
156 3723 270 3766 Petr.
283 3736 328 3774 u,

105 3816 330 3901 Jmnsm,

1269 503 1346 548 nn
1389 501 1717 549 msrirurls
1761 502 1846 547 ss.
1881 500 2146 547 Paruum.
2190 519 2271 530 —
2310 501 2485 547 mmm
2525 502 2564 547 v
3379 480 3460 546 59

361 677 448 743 te,
484 672 584 733 vel
615 690 957 754 congressu
998 692 1144 735 cum
1175 674 1268 737 eis
1307 674 1417 756 qui
1455 674 1859 755 disciplinam
1891 671 1942 733 A

363 769 530 832 hanc
589 770 1012 853 profitentur3
1061 772 1356 834 inventus
1414 773 1606 834 etiam
1667 772 1860 834 fuerit

362 867 600 931 habere
639 870 832 951 digna
870 870 1106 932 indicia
1144 870 1336 951 hujus
1377 871 1528 932 artis
1569 889 1641 931 ac
1681 870 1859 932 robo-

359 967 476 1041 τίς,
519 975 582 1029 et
631 976 877 1031 certans
927 988 1075 1031 eum
1120 969 1484 1050 junioribus
1530 977 1592 1031 et
1643 976 1859 1032 coaeta-

358 1065 525 1139 neiS,
577 1068 1023 1129 monstraverit
1071 1067 1366 1149 peritiam
1417 1085 1491 1128 ac
1541 1066 1858 1129 fortitudi-

357 1182 512 1226 nem
548 1165 822 1247 propriae
857 1165 1246 1245 juventutis;
1277 1172 1465 1246 atque
1507 1164 1854 1246 proficiens

354 1261 434 1323 de
485 1263 830 1325 certamine
877 1263 1296 1345 epheborum,
1350 1263 1703 1345 permissus
1759 1262 1854 1324 fu-

353 1360 478 1421 erit
511 1361 800 1423 examine
840 1361 1238 1443 praesidentis
1283 1361 1580 1441 congredi
1614 1379 1726 1422 seu
1763 1361 1852 1422 lu-

355 1458 518 1519 ctari
548 1477 694 1521 cum
725 1460 880 1521 viris
911 1458 1213 1541 perfectis
1243 1459 1641 1541 experientia
1671 1460 1854 1538 longa

356 1555 666 1637 probatis,
710 1577 776 1619 se
816 1576 1070 1639 quoque
1113 1557 1366 1619 assidua
1409 1557 1853 1619 colluctatione

355 1653 720 1735 probaverit
771 1674 898 1717 non
949 1656 1156 1718 solum
1215 1674 1434 1737 parem
1495 1654 1854 1716 fortitudini

356 1752 641 1826 illorum,
687 1772 910 1815 verum
954 1754 1148 1815 etiam
1193 1753 1357 1815 inter
1405 1752 1521 1815 hos
1569 1752 1856 1815 obtinue-

2344 723 2844 787 CAPITULUM
2904 722 3087 785 XIV.

2026 870 2324 937 Quomodo
2346 870 2649 941 possimus
2674 870 2836 939 qulae
2865 870 3411 941 concupiscentiam

2558 975 2867 1031 superare.

2093 1164 2278 1227 RIMO
2317 1183 2467 1245 ergo
2507 1164 3090 1246 concupiscentiam
3121 1165 3285 1245 gulae
3317 1181 3461 1227 con-

2121 1263 2371 1324 culcare
2430 1262 2758 1337 debemus,
2820 1271 2881 1324 et
2942 1270 3222 1325 mentem
3279 1280 3460 1324 eous-

1967 1378 2090 1440 que
2120 1368 2461 1424 extenuare
2492 1361 2645 1441 (non
2678 1362 2884 1423 solum
2913 1360 3199 1442 jejuniiS,
3233 1379 3457 1423 verum

1966 1458 2158 1519 etiam
2184 1458 2441 1539 vigiliis,
2462 1459 2732 1521 lectione
2756 1477 3032 1541 quoque,
3051 1466 3114 1521 et
3142 1458 3458 1539 frequenti

1967 1555 2173 1617 cordis
2202 1557 2690 1638 compunctione
2719 1557 2783 1617 in
2809 1556 2907 1617 his
2936 1556 3001 1617 in
3025 1556 3259 1637 quibus
3287 1574 3459 1617 mens

1970 1652 2403 1715 reminiscitur
2434 1673 2499 1715 se
2532 1654 2741 1716 forsan
2776 1653 3029 1715 illusam
3060 1661 3169 1714 aut
3200 1653 3455 1726 victam,

1968 1770 2138 1813 nunc
2198 1751 2457 1814 horrore
2513 1753 2813 1813 vitiorum
2875 1769 3135 1813 suorum
3197 1752 3460 1832 ingemi-

355 1851 439 1912 rit
471 1850 872 1933 frequentem
904 1852 1236 1914 victoriam
1273 1870 1286 1915 :
1322 1859 1474 1912 tunc
1508 1850 1855 1912 merebitur
1892 1850 1938 1911 Β
1968 1865 2173 1923 scens,
2224 1869 2394 1911 nunc
2438 1850 2752 1912 desiderio
2799 1848 3209 1931 perfectionis
3260 1858 3324 1912 et
3371 1851 3464 1912 in-

355 1950 694 2030 pervenire
737 1949 817 2011 ad
866 1950 1168 2031 praeclara
1214 1948 1432 2030 agonis
1484 1947 1850 2021 certamina,

357 2048 422 2109 in
453 2048 693 2129 quibus
725 2046 992 2109 facultas
1023 2047 1305 2109 certandi
1333 2046 1703 2109 conceditur
1727 2064 1855 2107 non

355 2146 482 2207 nisi
515 2145 869 2209 victoribus
897 2154 1167 2220 tantum,
1201 2153 1262 2207 et
1293 2146 1393 2207 his
1434 2145 1545 2226 qui
1577 2144 1852 2207 decorati

353 2253 510 2307 sunt
559 2244 894 2326 stipendiis
952 2244 1428 2327 triumphorum
1480 2231 1880 2306 multorum*

353 2344 418 2405 Si
453 2343 886 2405 intelleximus
927 2342 1294 2425 exemplum
1337 2342 1683 2424 corporalis
1715 2360 1857 2423 ago-

353 2442 480 2515 niS,
514 2460 591 2503 ex
633 2441 1105 2523 comparatione
1143 2440 1284 2520 ejus
1323 2439 1629 2501 debemus
1669 2458 1857 2521 agno-

351 2558 534 2602 scere
572 2560 714 2622 quae
751 2539 834 2601 sit
873 2539 1231 2621 disciplina,
1264 2557 1365 2600 ars
1396 2538 1496 2600 vel
1535 2538 1688 2600 ordo
1727 2538 1854 2619 spi-

353 2638 606 2702 ritualis
649 2638 1037 2701 certaminis.

731 2928 1236 2992 CAPITULUM
1299 2928 1487 2991 XIII.

349 3116 525 3183 Quod
559 3114 690 3171 nisi
726 3114 1062 3185 expuryati
1089 3114 1390 3186 fuerimus
1419 3128 1458 3169 α
1485 3113 1637 3169 vitio
1667 3113 1850 3184 quloe,

419 3219 810 3277 nequaquam
841 3203 1165 3275 pervenire
1194 3203 1530 3274 poterimus
1577 3204 1660 3258 ad
1701 3204 1854 3257 inte-

419 3295 618 3349 rioris
655 3294 920 3349 hominis
949 3307 1220 3365 puqnas.

501 3515 800 3579 PORTET
831 3533 946 3578 nos
977 3516 1186 3598 primo
1217 3522 1567 3578 monstrare
1601 3515 1855 3578 liberta-

521 3624 656 3677 tem
686 3621 969 3676 nostram
1001 3613 1420 3695 spiritualem,
1456 3612 1855 3694 subjiciendo

357 3730 623 3775 carnem
655 3717 935 3773 nostram
966 3710 1238 3793 spiritui.
1271 3711 1322 3772 A
1354 3727 1480 3793 quo
1509 3711 1683 3775 enim
1713 3712 1856 3793 quis

357 3810 668 3882 vincitur,
700 3810 842 3890 ejus
871 3817 934 3871 et
971 3828 1192 3871 servus
1229 3816 1366 3887 est3
1399 3816 1460 3871 et
1499 3810 1707 3872 omnis
1746 3811 1856 3891 qui

357 3908 518 3971 facit
549 3915 908 3989 peccatum,
941 3925 1161 3969 servus
1191 3914 1288 3968 est
1327 3908 1591 3988 peccati.
1626 3909 1858 3981 Quum-

353 4026 488 4089 que
528 4004 916 4068 examinatio
952 4005 1350 4086 praesidentis
1393 4006 1748 4081 certamini,
1795 4007 1857 4069 id

353 4112 454 4166 est
505 4103 823 4166 discussio
871 4102 1068 4185 patris
1117 4102 1489 4184 spiritualis,
1541 4104 1857 4167 invenerit

1971 1947 2277 2026 tegrita'tis
2320 1949 2632 2029 accensa),
2679 1948 2879 2010 donec
2923 1948 3159 2011 talibus
3204 1948 3461 2030 spiritu-

1967 2044 2175 2106 alibus
2226 2046 2397 2107 curis
2447 2064 2519 2107 ac
2577 2046 3096 2109 meditationibus
3156 2054 3463 2128 occupata

1965 2150 2154 2224 atque
2204 2144 2465 2207 omnino
2514 2162 2823 2225 possessa,
2873 2153 3279 2225 recognoscat
3328 2163 3463 2206 cor-

1966 2240 2247 2321 poralem
2292 2241 2705 2303 refectionem
2747 2260 2871 2305 non
2911 2250 3041 2304 tam
3083 2260 3198 2323 pro
3232 2242 3461 2322 jucun-

1966 2340 2158 2401 ditate
2211 2340 2335 2402 sibi
2396 2359 2784 2415 concessam,
2846 2361 3037 2423 quam
3098 2359 3212 2423 pro
3272 2360 3462 2404 onere

1966 2438 2240 2519 quodam
2273 2438 2659 2520 impositam,
2695 2440 3051 2520 sentiatque
3080 2458 3221 2501 eam
3252 2440 3461 2502 datam

1969 2537 2168 2617 magis
2220 2545 2288 2598 ut
2341 2538 2765 2599 necessariam
2817 2538 3087 2620 corpori,
3141 2557 3333 2619 quam
3393 2546 3464 2600 ut

1965 2634 2454 2696 desiderabilem
2494 2635 2741 2697 animae.
2789 2634 2921 2707 Quo
2965 2636 3199 2697 mentis
3253 2636 3463 2699 studio

1963 2738 2028 2793 et
2051 2732 2190 2813 jugi
2221 2733 2711 2814 compunctione
2742 2732 3003 2806 detenti,
3037 2734 3451 2797 retundemus

1965 2829 2292 2892 lasciviam
2331 2830 2538 2892 carnis
2578 2850 2721 2912 quae
2760 2831 3123 2913 sumptione
3165 2850 3455 2894 escarum

1963 2928 2405 2990 vehementius
2437 2928 2779 3003 insolescit,
2804 2936 2867 2991 et
2897 2929 3118 2992 noxios
3149 2929 3288 3010 ejus
3319 2949 3465 2992 acu-

1891 3033 1934 3095 C
1966 3025 2095 3088 leos
2131 3044 2144 3088 ε
2180 3026 2401 3108 sicque
2442 3026 2791 3108 poterimus
2830 3027 3232 3108 exstinguere
3278 3028 3466 3090 uber-

1965 3131 2090 3185 tate
2147 3124 2555 3186 lacrimarum
2621 3133 2683 3187 et
2742 3124 2900 3187 fletu
2972 3125 3182 3187 cordis
3249 3124 3463 3187 forna-

1967 3241 2106 3284 cem
2136 3222 2419 3303 corporis
2451 3222 2672 3296 nostri,
2707 3223 2771 3284 id
2802 3231 2896 3285 est
2928 3224 3461 3305 concupiscentiae

1967 3321 2202 3400 ignem,
2222 3339 2363 3401 quae
2393 3319 2831 3383 inflammatur
2859 3340 2896 3383 a
2927 3339 3071 3401 rege
3100 3321 3460 3404 BabyloniS,
3492 3344 3750 3397 ommno.

1967 3426 2120 3499 puta
2152 3418 2405 3480 diabolo
2434 3418 2673 3499 jugiter
2706 3418 3231 3482 subministrante
3271 3419 3463 3483 nobis

1966 3515 2330 3578 occasiones
2363 3523 2763 3597 peccatorum
2790 3535 2865 3579 ac
2890 3517 3045 3579 vitia
3074 3516 3309 3599 quibus
3340 3526 3466 3579 tan·

1967 3632 2159 3694 quam
2204 3613 2487 3695 naphtha
2525 3621 2589 3677 et
2632 3615 2775 3696 pice
2818 3615 3026 3677 acrius
3071 3634 3462 3693 exuramur3

1969 3712 2170 3773 donec
2208 3730 2347 3773 rore
2381 3712 2598 3791 gratiae
2635 3712 2747 3775 Dei
2780 3713 3126 3775 instillante
3168 3714 3465 3776 cordibus

1969 3809 2225 3883 nostriS,
2283 3809 2537 3872 ardores
2598 3810 2865 3872 carnalis
2923 3812 3458 3894 concupiscentias

1967 3907 2221 3970 valeant
2263 3908 2517 3989 penitus
2566 3894 2941 3989 infrigidari.
2987 3910 3115 3972 Hoc
3158 3928 3309 3991 ergo
3351 3928 3462 3972 no-

1971 4005 2069 4067 bis
2099 4012 2196 4067 est
2224 4004 2507 4087 primum
2540 4012 2881 4079 certamen,
2916 4006 3049 4070 haec
3088 4016 3301 4070 nostra
3336 4008 3463 4088 pri-

1971 4122 2074 4165 ma
2112 4103 2404 4186 probatio
2436 4104 2609 4166 velut
2645 4104 2711 4166 in
2746 4103 3131 4187 Olympiacis
3174 4106 3405 4187 pugnis
3439 4122 3453 4167 τ

351 4220 472 4265 nos
517 4201 699 4263 nulla
741 4199 1024 4263 foeditate
1066 4200 1274 4281 turpis
1324 4202 1857 4283 concupiscentiae
1891 4208 1938 4270 D
1968 4202 2370 4282 exstinguere
2404 4202 2987 4284 concupiscentiam
3016 4204 3180 4284 gulae
3210 4222 3283 4265 ac
3311 4222 3463 4266 ven-

350 4300 748 4383 inquinatoS‚
799 4317 917 4360 nec
967 4297 1278 4361 fuerimus
1326 4298 1594 4380 judicati
1645 4301 1725 4363 ab
1783 4321 1860 4365 eo

351 4405 422 4459 ut
453 4398 628 4459 servi
660 4395 890 4469 carniS,
922 4402 1112 4476 atque
1152 4395 1465 4476 ignobiles
1505 4405 1568 4460 et
1610 4398 1856 4480 indigni

348 4495 746 4579 Olympiacis
770 4492 1325 4556 colluctationibus
1351 4494 1680 4576 vitiorum3
1703 4504 1857 4559 tunc

351 4592 712 4677 poterimus
761 4591 924 4653 inire
974 4598 1296 4654 certamen
1347 4601 1567 4655 contra
1615 4612 1859 4657 coaevos

351 4700 631 4765 nostros,
664 4691 730 4753 id
758 4696 855 4753 est
885 4697 1104 4752 contra
1134 4690 1684 4772 concupiscentias
1722 4711 1854 4755 car·

353 4790 482 4864 niS,
529 4796 595 4851 et
643 4795 853 4851 motus
911 4787 1548 4870 perturbationesque
1605 4790 1854 4853 animae.

355 4886 766 4971 Impossibile
815 4905 1092 4967 namque
1140 4894 1236 4948 est
1283 4894 1573 4949 ventrem
1627 4894 1864 4950 satura-

357 4994 506 5049 tum
572 5004 814 5067 pugnas
879 4984 1198 5047 interioris
1261 4984 1542 5047 hominis
1604 4986 1860 5067 experi-

359 5087 462 5165 ri;
505 5103 628 5147 nec
673 5084 940 5165 dignum
979 5089 1075 5144 est
1114 5081 1580 5145 robustioribus
1631 5084 1863 5165 pugnis

361 5183 602 5247 tentari
629 5201 781 5246 eum
813 5181 926 5264 qui
965 5187 1172 5262 potest
1203 5180 1508 5243 conflictu
1547 5181 1739 5262 dejici
1781 5182 1864 5245 le-

365 5282 560 5349 viori.

1971 4300 2105 4374 triS,
2145 4300 2462 4363 desiderio
2511 4300 2941 4382 perfectionis.
2990 4300 3081 4364 Ob
3130 4301 3249 4364 hoc
3310 4319 3460 4383 ergo

1970 4415 2096 4461 non
2140 4398 2350 4461 solum
2393 4397 2759 4480 superfluus
2802 4400 3123 4482 appetitus
3167 4400 3459 4463 ciborum

1970 4496 2504 4579 contemplatione
2561 4498 2871 4559 virtutum
2931 4498 3269 4561 calcandus
3343 4505 3460 4574 est,

1969 4594 2081 4656 sed
2129 4594 2322 4656 etiam
2373 4594 2553 4657 cibus
2602 4602 2841 4658 naturae
2891 4598 3285 4661 necessarius
3334 4615 3462 4660 non

1971 4691 2108 4755 sine
2157 4692 2365 4755 cordis
2412 4692 2725 4754 anxietate
2774 4694 3123 4757 sumendus
3172 4704 3287 4771 est,
3333 4705 3469 4760 tan-

1972 4809 2165 4873 quam
2205 4790 2476 4852 castitati
2509 4789 2880 4852 contrariuS.
2917 4792 2993 4854 Et
3037 4794 3123 4855 ita
3163 4794 3464 4878 deinceps

1972 4887 2399 4950 instituendus
2438 4894 2535 4949 est
2573 4906 2796 4950 cursus
2826 4889 2973 4953 vitae
3007 4901 3259 4967 nostrae,
3293 4894 3461 4974 quod

1972 5004 2303 5068 nunquam
2334 4986 2534 5066 magis
2573 4986 2921 5050 sentiamus
2962 5007 3078 5052 nos
3118 4991 3368 5053 avocari
3406 4999 3471 5053 et

1975 5083 2271 5168 impediri
2314 5104 2352 5145 a
2392 5084 2833 5166 spiritualibus
2875 5088 3217 5163 exercitiiS,
3265 5108 3459 5171 quam

1974 5182 2128 5244 dum
2168 5182 2616 5265 compellimur
2645 5182 3027 5246 descendere
3066 5186 3145 5248 ad
3186 5205 3471 5250 necessa-

1975 5281 2136 5342 riam
2186 5280 2469 5362 corporis
2522 5299 2740 5343 curam
2792 5289 3052 5363 propter
3101 5283 3302 5365 ipsius
3352 5285 3472 5350 fra·
