4359 6267
1079 473 1494 519 COLLATIONUn
1537 472 1622 517 SS.
1659 472 1900 517 PATRtJn
1943 471 2117 516 LlBER
2160 470 2222 516 11.
2270 488 2349 498 -
2389 470 2675 519 COLLATlo
2714 472 2861 517 XXIV

783 665 1290 729 CAPrrULUM
1347 626 1538 728 'xvi

537 785 708 852 Quod
739 787 904 842 ratio
931 785 1150 857 suisset
1179 791 1472 859 corrupta
1501 788 1566 841 in
1599 784 1793 839 nobie.

535 936 560 997 l
609 954 760 1017 ergo
802 937 998 1000 vultis
1044 956 1382 1019 agnoscere
1433 937 1626 999 vestri
1677 936 1910 999 erroris

559 1054 632 1097 ac
685 1036 928 1116 peccati
981 1036 1316 1117 originem,
1369 1036 1591 1098 scitote
1645 1036 1912 1097 rationa-

405 1132 538 1194 lem
579 1133 712 1195 vim
755 1133 986 1195 animae
1016 1142 1240 1197 vestrae
1281 1133 1478 1196 fuisse.
1521 1139 1904 1214 corruptam,

403 1248 486 1291 ex
528 1250 656 1311 qua
690 1231 986 1293 oriuntur
1023 1232 1437 1314 praesumptio
1474 1239 1534 1293 et
1571 1231 1770 1312 gloria
1811 1249 1911 1291 va-

405 1347 514 1389 na.
551 1328 816 1391 Proinde
848 1330 984 1391 haec
1025 1330 1231 1411 prima
1261 1330 1358 1392 vis
1398 1330 1626 1392 animae
1658 1336 1904 1400 vestrae,

405 1426 710 1489 videlicet
741 1428 922 1502 ratic,
957 1429 1235 1491 curanda
1273 1436 1368 1491 est
1398 1447 1548 1491 vera
1587 1426 1908 1489 discretio-

403 1544 492 1585 ne
525 1533 587 1587 et
618 1526 998 1588 humilitate.
1035 1526 1168 1599 Qua
1206 1527 1447 1589 ratione
1479 1527 1716 1599 vitiata,
1751 1525 1902 1587 dum

405 1624 671 1686 creditis
703 1642 814 1688 vos
845 1642 974 1687 non
1005 1626 1214 1687 solum
1250 1625 1382 1705 jam
1423 1625 1790 1707 pervenisse
1827 1624 1904 1685 ad

405 1721 824 1803 perfectionis
857 1723 1128 1805 fastigia,
1163 1724 1271 1785 sed
1304 1732 1368 1785 et
1395 1722 1552 1786 alios
1583 1740 1768 1805 posse
1798 1723 1906 1784 do-

3396 452 3517 516 423

1943 640 1996 704 A
2023 639 2345 704 infirmior
2382 648 2572 723 atque
2611 640 2889 704 tenerior
2919 640 3126 723 portio
3156 658 3267 703 seu
3301 648 3517 723 poten-

2024 740 2110 801 tia
2146 740 2376 803 animae
2414 758 2539 803 non
2582 748 2705 802 tam
2748 739 2995 802 fortiter
3034 739 3380 801 reluctatur
3416 759 3518 802 va—

2024 838 2168 900 lidis
2231 838 2619 920 impulsibus
2679 838 3029 913 tentatoriS,
3088 847 3150 900 et
3210 837 3356 900 inde
3416 838 3513 899 in-

2021 936 2221 998 currit
2260 936 2643 1018 captivitatis
2682 936 3065 1019 periculum,
3107 936 3221 997 ubi
3264 937 3514 999 incauta

2020 1034 2307 1098 custodia
2349 1042 2583 1097 reserat
2621 1035 2864 1098 aditum
2906 1034 3176 1097 faciliori
3215 1034 3515 1116 proditio—

2020 1132 2105 1193 ni.
2149 1132 2252 1195 Sic
2284 1152 2560 1216 namque
2590 1134 2840 1196 Balaam
2874 1152 2989 1215 pro
3019 1141 3189 1196 certo
3229 1133 3512 1195 conside·
3540 1150 3801 1207 Apamam

2019 1231 2178 1293 ravit
2212 1232 2519 1313 populum
2552 1233 2739 1293 Israel
2774 1231 3021 1294 facilius
3062 1232 3267 1314 decipi
3300 1250 3506 1314 posse,
3542 1216 3675 1327 ζῇῗ·
3704 1230 3801 1269 ω’

2019 1329 2357 1391 consulens
2392 1339 2459 1392 ut
2490 1330 2826 1412 perniciosi
2862 1330 3068 1411 laque-i
3104 1331 3512 1393 tenderentur

2017 1447 2094 1489 ex
2142 1427 2250 1490 illa
2291 1436 2466 1510 parte
2512 1448 2637 1510 qua
2674 1437 2932 1491 noverat
2971 1428 3279 1511 populum
3324 1428 3506 1490 illum

2017 1544 2154 1587 esse
2202 1526 2280 1588 ad
2325 1526 2479 1588 vitia
2527 1527 2911 1608 proniorem,
2954 1528 3105 1609 quia
3146 1527 3387 1589 sciebat
3422 1528 3513 1590 vi-

2016 1642 2117 1685 res
2174 1624 2707 1707 concupiscibiles
2762 1644 2898 1687 esse
2952 1634 3277 1709 corruptas
3328 1626 3393 1688 in
3446 1626 3515 1687 il-

2020 1722 2097 1784 lis
2139 1743 2152 1787 :
2198 1725 2367 1787 unde
2407 1742 2531 1787 non
2570 1724 2885 1786 dubitavit
2927 1742 3033 1787 eos
3076 1744 3213 1787 esse
3257 1742 3513 1788 casuros

404 1840 576 1895 cere,
610 1828 670 1883 et
707 1822 1010 1903 judicatis
1039 1840 1150 1885 vos
1183 1822 1442 1885 idoneos
1470 1841 1542 1884 ac
1575 1818 1904 1883 sufficien-
1942 1828 1989 1889 B
2021 1821 2085 1883 in
2134 1821 2291 1885 vitia
2336 1824 2565 1894 carnis,
2616 1822 2826 1886 oblata
2872 1825 3054 1905 copia
3100 1823 3507 1886 feminarum.

409 1926 510 1981 tes
550 1921 629 1983 ad
671 1928 1027 1985 ceterorum
1077 1922 1587 1995 instructionem,
1631 1940 1744 2003 per
1784 1921 1906 1983 ela-

411 2019 654 2081 tionem
715 2040 894 2083 vanae
959 2020 1175 2102 gloriae
1241 2020 1569 2102 agitamini
1631 2020 1904 2082 vanitate

403 2118 876 2199 evagationum‚
913 2138 1105 2201 quam
1159 2119 1544 2202 prodidistis.
1581 2119 1744 2192 Quas
1793 2136 1906 2200 po·

407 2216 617 2278 teritis
672 2217 750 2278 de
808 2226 1018 2279 cetero
1065 2224 1394 2299 amputare
1443 2216 1682 2299 absque
1730 2216 1906 2278 diffi-

407 2314 668 2390 cultate,
714 2315 766 2377 si
814 2315 879 2376 in
922 2334 1072 2378 vera
1113 2315 1496 2378 discretione
1539 2322 1600 2377 et
1645 2314 1905 2377 humili·

407 2420 540 2473 tate
599 2411 882 2475 fundetis
941 2432 1074 2484 vos,
1136 2420 1328 2494 atque
1392 2412 1650 2475 discatis
1710 2432 1900 2494 quam

405 2509 681 2573 difficile
738 2519 800 2573 et
856 2511 1242 2574 laboriosum
1300 2511 1648 2593 unicuique
1703 2518 1904 2573 exstet

405 2610 654 2672 salvare
683 2610 964 2673 animam
999 2609 1356 2692 propriam3
1391 2609 1620 2671 intimo
1649 2627 1904 2692 quoque

407 2709 622 2771 cordis
657 2708 895 2771 affectu
935 2709 1216 2791 pensetis
1256 2728 1448 2789 quam
1489 2708 1674 2788 longe
1714 2707 1904 2769 diste-

404 2806 494 2867 tis
532 2824 659 2869 non
697 2806 906 2869 solum
953 2806 1034 2868 ab
1083 2806 1191 2868 illa
1235 2805 1608 2868 auctoritate
1657 2802 1903 2867 suffici-

406 2904 710 2987 entiaque
761 2904 1050 2979 docendi,
1105 2905 1235 2968 imo
1284 2904 1452 2985 quod
1501 2904 1692 2965 etiam
1746 2903 1904 2965 indi-

2100 1920 2202 1981 Sic
2248 1922 2460 2003 itaque
2508 1921 2870 2003 spirituales
2914 1922 3215 2003 nequitiae
3258 1930 3513 1986 versuta

2021 2018 2413 2099 malignitate
2472 2026 2716 2082 tentant
2783 2020 3137 2101 quemlibet
3192 2027 3506 2095 nostrum,

2015 2114 2380 2194 objiciendo
2419 2116 2677 2198 laqueos
2717 2117 3053 2181 insidiosos
3092 2119 3338 2181 viribus
3375 2119 3509 2182 ani-

2019 2233 2138 2276 mae
2209 2214 2272 2276 in
2343 2216 2579 2297 quibus
2646 2216 2957 2278 senserint
3025 2236 3163 2279 eam
3230 2218 3509 2299 amplius

2016 2321 2336 2394 aegrotare.
2363 2313 2551 2376 Verbi
2580 2315 2801 2395 gratia,
2836 2335 3037 2397 quum
3069 2316 3345 2377 viderint
3377 2316 3504 2377 vim

2017 2412 2388 2475 rationalem
2424 2431 2562 2474 esse
2594 2412 2879 2475 vitiatam
2914 2414 2975 2474 in
3009 2413 3244 2496 aliquo,
3279 2432 3507 2477 conan-

2017 2517 2123 2571 tur
2168 2530 2316 2573 eum
2366 2511 2659 2592 decipere
2710 2512 2899 2573 modo
2944 2531 3055 2573 seu
3113 2512 3333 2575 ordine
3383 2532 3511 2595 quo

2019 2608 2348 2690 Scriptura
2394 2618 2853 2672 commemorat
2900 2610 3114 2672 Achab
3165 2629 3377 2692 regem
3428 2612 3511 2673 Is-

2017 2707 2141 2769 rael
2191 2706 2389 2770 suisse
2432 2709 2768 2789 deceptum
2806 2728 2843 2771 a
2881 2709 3051 2791 Syris
3093 2709 3453 2772 dicentibus
3489 2727 3503 2772 ε

2017 2805 2267 2867 Scimus
2306 2805 2473 2888 quod
2514 2825 2690 2886 reges
2728 2807 2914 2867 lsrael
2955 2808 3299 2870 clementes
3337 2808 3504 2886 sint3
3537 2828 3799 2884 uincam,

2016 2920 2327 2983 ponamus
2368 2904 2579 2985 itaque
2628 2922 2841 2967 saccos
2882 2904 2947 2967 in
2988 2904 3225 2967 lumbis
3273 2906 3507 2969 nostris
3536 2895 3601 2939 ³¹·
3631 2895 3696 2934 ³²·

403 3004 610 3083 geatis
647 3004 855 3065 adhuc
906 3003 1180 3067 doctoris
1219 3011 1281 3065 et
1331 3002 1592 3066 rectoris
1641 3002 1898 3064 auxilio,
1940 3006 1984 3069 C
2016 3009 2078 3064 et
2116 3001 2439 3064 funiculos
2481 3002 2546 3063 in
2586 3002 2903 3083 capitibus
2941 3004 3194 3078 nostriS,
3238 3012 3300 3065 et
3338 3022 3508 3085 egre-

403 3102 722 3165 Adhibete
767 3120 916 3183 ergo
953 3121 1118 3165 verae
1160 3102 1542 3164 humilitatis
1589 3101 1900 3163 medelam

403 3200 560 3263 huic
609 3201 774 3283 parti
825 3200 1136 3271 rationali,
1190 3220 1381 3281 quam
1431 3200 1714 3262 diximus
1763 3219 1903 3281 spe-

403 3300 656 3362 cialiter
698 3299 1092 3361 vulneratam
1141 3298 1204 3359 in
1250 3297 1479 3360 vobis:
1515 3317 1656 3379 quae
1701 3317 1899 3379 quum

401 3405 706 3481 appareat
738 3397 803 3459 in
833 3396 1016 3460 vobis
1048 3396 1369 3459 infirmior
1407 3396 1635 3459 ceteris
1674 3396 1902 3459 animae

401 3497 680 3571 viribuS,
727 3514 984 3559 necesse
1027 3503 1123 3558 est
1166 3502 1235 3557 ut
1279 3496 1486 3577 prima
1527 3494 1904 3558 succumbat

403 3596 740 3659 diabolicae
788 3595 1140 3671 tentationi,
1194 3594 1318 3657 nisi
1369 3594 1557 3661 modo
1607 3602 1903 3676 praetacto

403 3704 687 3759 curetur.

761 3902 1265 3967 CAPITULUM
1333 3902 1549 3966 XVII.

457 4036 626 4103 Quod
653 4034 966 4105 infirmior
987 4049 1140 4106 pars
1168 4034 1392 4089 am'mae
1422 4033 1860 4090 tentationibus

723 4123 965 4181 diaboli
987 4123 1196 4195 prima
1225 4122 1586 4178 succumbat.

549 4284 1090 4350 UEMADMODUM
1115 4284 1305 4346 etiam
1333 4282 1474 4345 fieri
1509 4282 1665 4345 solet
1699 4283 1760 4345 in
1792 4283 1907 4345 hu-

409 4284 542 4486 Ο
569 4384 776 4447 manis
809 4382 1206 4466 corporibuS,
1231 4391 1300 4443 ut
1331 4382 1774 4463 ingruentibus
1807 4382 1904 4445 lae-

401 4483 699 4547 sionibus
728 4501 841 4545 seu
870 4482 1152 4544 adversis
1185 4499 1262 4542 ex
1293 4480 1656 4542 vehementi
1691 4480 1903 4543 labore

399 4592 512 4646 aut
549 4582 715 4645 aeris
754 4580 1181 4661 corruptione,
1218 4578 1576 4642 infirmiora
1617 4579 1906 4642 membra

400 4702 518 4745 seu
567 4688 778 4763 partes
823 4678 1167 4741 teneriores
1212 4678 1422 4759 primo
1467 4678 1774 4741 laedantur
1820 4687 1906 4741 at-

399 4799 528 4863 que
559 4777 1005 4850 succumbant,
1041 4776 1105 4837 in
1139 4775 1376 4858 quibus
1408 4795 1606 4857 quum
1645 4777 1905 4839 morbus

401 4878 610 4959 magis
652 4876 980 4949 resederit,
1025 4874 1319 4937 tabefacit
1366 4874 1644 4957 reliquas
1689 4893 1906 4957 corpo-

400 4978 493 5039 ris
554 4983 806 5058 partes3
859 4973 945 5035 ita
1001 4980 1064 5034 et
1121 4972 1338 5034 anima
1396 4972 1906 5055 uniuscujusque

401 5084 721 5148 nostrum,
783 5073 981 5135 flante
1046 5079 1236 5135 vento
1299 5073 1561 5153 peccati,
1632 5080 1908 5136 tentatur

405 5173 762 5258 praesertim
809 5172 918 5235 illa
960 5172 1253 5253 passione
1298 5180 1516 5235 contra
1558 5192 1747 5254 quam
1795 5173 1910 5235 mi-

403 5292 532 5336 nus
563 5272 813 5334 munita
841 5277 936 5333 est
967 5270 1202 5333 virtute
1233 5271 1546 5333 contraria
1579 5291 1592 5334 :
1622 5270 1709 5332 ita
1739 5272 1906 5353 quod

2015 3100 2268 3161 diamur
2305 3101 2379 3162 ad
2421 3118 2633 3181 regem
2666 3100 2877 3173 Israel,
2910 3108 2971 3162 et
3002 3101 3289 3163 dicamus
3325 3118 3338 3161 :
3375 3102 3511 3164 Ser-

1970 3230 1976 3235 ·
2017 3218 2134 3260 vus
2175 3206 2321 3260 tuus
2360 3198 2647 3261 Benadad
2687 3198 2862 3272 dicit,
2896 3200 3098 3274 Vivat,
3131 3195 3263 3274 ord,
3296 3186 3510 3262 anima

2017 3317 2175 3360 mea.
2214 3297 2347 3370 Quo
2385 3297 2623 3370 audit0,
2660 3297 2766 3360 ille
2798 3306 3009 3360 motus
3040 3316 3166 3361 non
3200 3318 3348 3362 vera
3378 3300 3507 3382 pie-

2018 3404 2160 3470 tate,
2204 3398 2312 3459 sed
2354 3416 2516 3459 vana
2558 3396 2741 3459 laude
2784 3416 2914 3459 sure
2952 3398 3326 3472 clementiae,
3368 3399 3455 3461 ait
3490 3418 3504 3464 ε

2015 3495 2076 3558 Si
2110 3495 2317 3558 adhuc
2348 3496 2528 3569 vivit,
2563 3495 2755 3558 frater
2788 3516 2968 3558 meus
3007 3505 3119 3559 est.
3156 3496 3503 3561 Caveamus
3561 3515 3680 3559 ιῡῐα.
3708 3519 3771 3559 ³2.

2012 3613 2162 3676 ergo
2210 3613 2291 3656 ne
2340 3594 2536 3657 simili
2586 3595 2775 3657 modo
2823 3612 2937 3658 nos
2985 3614 3195 3659 errore
3243 3596 3506 3660 rationis

2013 3693 2333 3775 deceptOS,
2372 3692 2609 3755 faciant
2653 3694 2973 3756 daemones
3025 3694 3347 3757 incurrere
3395 3694 3505 3757 Dei

2013 3790 2327 3853 offensam
2388 3810 2465 3853 ex
2522 3791 2600 3853 iis
2659 3810 2736 3853 ex
2794 3791 3030 3874 quibus
3088 3792 3505 3856 credebamus

2014 3907 2129 3952 nos
2188 3888 2527 3971 adepturos
2586 3889 2941 3951 mercedem
3010 3897 3071 3951 et
3138 3898 3503 3972 recepturos

2014 3988 2277 4069 praemia
2324 3986 2609 4068 pietatis3
2649 4005 2727 4048 ne
2774 3994 2839 4048 et
2887 3987 3070 4050 nobis
3117 3988 3365 4050 dicatur
3417 3989 3507 4051 in-

2014 4086 2377 4167 crepatione
2425 4084 2743 4147 consimili
2788 4085 3150 4158 :Quoniam
3199 4085 3501 4151 dimisisti
3557 4101 3676 4150 ma.
3704 4106 3775 4151 42.

1935 4188 1983 4248 D
2014 4184 2225 4246 virum
2265 4184 2530 4264 dignum
2571 4190 2795 4257 morte,
2836 4183 2957 4245 erit
2993 4184 3209 4246 anima
3241 4192 3352 4246 tua
3390 4203 3504 4267 pro

2013 4282 2229 4345 anima
2268 4282 2431 4361 ejus,
2478 4290 2540 4343 et
2584 4282 2861 4363 populus
2910 4289 3056 4343 tuus
3106 4300 3221 4362 pro
3267 4284 3506 4365 populo

2013 4382 2172 4462 ejus,
2229 4382 2469 4444 Rursus
2525 4380 2816 4443 diabolus
2875 4380 3147 4443 intendit
3205 4381 3501 4463 laqueum

2014 4480 2407 4563 deceptionis
2438 4498 2551 4562 per
2581 4479 2712 4543 vim
2753 4479 3123 4542 rationalem
3166 4500 3359 4562 quam
3400 4500 3507 4544 no-

2015 4588 2109 4641 rat
2159 4598 2423 4662 pronam
2473 4580 2551 4641 ad
2599 4579 3037 4661 deceptionem
3087 4580 3503 4657 mortiferam,

2016 4679 2270 4761 quando
2300 4680 2424 4742 ait:
2452 4678 2769 4759 Egrediar‚
2804 4686 2867 4740 et
2896 4697 3005 4742 ero
3034 4679 3299 4761 spiritus
3332 4700 3506 4743 men·
3570 4702 3799 4755 tardam,

2015 4778 2134 4840 dax
2166 4779 2231 4841 in
2263 4795 2369 4841 ore
2399 4776 2691 4839 omnium
2723 4778 3176 4859 prophetarum
3209 4779 3368 4859 ejus.
3404 4780 3507 4842 Sic
3536 4767 3601 4809 ²²·

2014 4876 2467 4939 callidissimus
2514 4876 2714 4938 hostis
2764 4876 3012 4938 induxit
3060 4877 3370 4941 Herodem
3428 4878 3505 4939 ad

2014 4982 2333 5060 tantorum
2398 4974 2833 5037 innocentium
2898 4994 3143 5051 necem,
3205 4977 3504 5040 tentando
3562 5002 3797 5057 nauhu,

2017 5071 2404 5136 irascibilem
2440 5072 2573 5134 vim
2617 5072 2839 5155 ipsius,
2874 5093 3063 5155 quam
3104 5074 3290 5136 scivit
3324 5076 3390 5137 in
3430 5094 3505 5139 eo
3538 5070 3601 5111 ¹⁶·

2017 5171 2160 5253 plus
2210 5170 2516 5233 vitiatam.
2563 5172 2845 5253 Denique
2894 5178 3165 5233 tentator
3210 5173 3505 5254 opinatus

2019 5277 2113 5332 est
2147 5269 2396 5332 Christo
2430 5288 2614 5352 posse
2654 5268 2823 5331 idem
2862 5268 3169 5345 accidere,
3204 5272 3504 5335 tentando
