4359 6267
585 5247 758 5352 (gennit,
767 5249 830 5298 17,

567 5313 588 5354 1
621 5340 635 5354 .

889 473 1012 538 232

1585 491 2004 540 cousslomm
2047 491 2131 536 SS.
2166 489 2411 535 PATRUM
2452 488 2626 535 LIBER
2668 491 2707 534 Ι.
2754 508 2833 519 -
2875 490 3163 538 commo
3205 493 3313 539 vlu

892 681 994 725 me
1045 662 1260 745 itaque
1315 680 1548 726 nomen
1603 661 1939 743 serpentis,
1991 666 2057 723 et
2105 658 2390 742 praelatio
2419 658 2472 722 A
2504 658 2739 735 labore,
2791 661 2901 743 qui
2962 660 3057 724 illi
3114 661 3513 744 adjudicatus
3562 669 3660 726 est
3706 680 3841 725 11011
3892 680 4012 744 per

889 760 1030 841 ejus
1063 760 1130 822 in
1162 760 1508 823 calliditate
1537 778 1731 842 super
1761 759 2021 833 bestias,
2055 758 2389 839 designant

891 859 1373 939 transgressoris
1421 858 1798 940 nequitiam,
1852 875 1978 919 non
2034 856 2387 936 angelicam

889 954 1283 1036 dignitatem.
1320 955 1604 1038 Denique
1636 955 1998 1037 praecedens
2027 954 2168 1035 ejus
2204 953 2389 1016 ruina

887 1055 1132 1116 exstitit
1181 1073 1370 1118 causa
1420 1055 1676 1118 invidiae
1724 1073 1849 1136 qua
1908 1053 2242 1134 instigatus
2292 1059 2389 1115 est

887 1153 1181 1236 decipere
1222 1154 1573 1226 hominem,
1616 1170 1691 1215 eo
1733 1153 1905 1235 quod
1948 1159 2237 1214 cerneret
2280 1151 2389 1214 110-

889 1252 1152 1326 1111116111,
1195 1253 1272 1314 (16
1316 1253 1468 1315 111110
1515 1260 1696 1314 terrae
1734 1252 1926 1333 paulo
1965 1259 2110 1314 ante
2149 1250 2383 1313 forma-

888 1357 1044 1424 tum,
1080 1351 1437 1412 vocandum
1481 1369 1620 1412 esse
1663 1350 1741 1411 ad
1782 1349 2048 1431 gloriam
2091 1348 2267 1410 illam
2308 1348 2386 1410 de-

885 1467 1012 1530 qua
1059 1467 1126 1510 se
1175 1457 1437 1511 noverat
1487 1447 1823 1522 corruisse,
1859 1466 2061 1529 quum
2100 1467 2267 1509 unus
2307 1447 2384 1508 de

887 1545 1290 1628 principibus
1321 1554 1504 1608 esset.
1541 1545 1703 1607 Hinc
1731 1545 2011 1607 secunda
2047 1545 2232 1607 ruina
2271 1562 2387 1627 per

886 1644 1218 1720 invidiam,
1241 1652 1337 1707 est
1367 1652 1586 1707 secuta
1624 1644 1872 1726 lapsum
1903 1642 2042 1724 ejus
2074 1643 2375 1725 priorem,

884 1759 1014 1823 quo
1075 1743 1308 1805 cecidit
1374 1761 1486 1824 per
1549 1742 1939 1824 superbiam,
2002 1750 2064 1803 et
2123 1749 2383 1824 propter

884 1858 1076 1921 quem
1109 1841 1342 1903 meruit
1371 1859 1633 1922 serpens
1665 1841 1916 1919 vocari3
1950 1838 2251 1921 superbia
2280 1857 2382 1902 ve-
2416 1840 2464 1903 B

881 1955 952 2002 ro
981 1940 1241 2023 reliquit
1279 1958 1427 2002 eum
1459 1939 1666 2002 adhuc
1705 1938 1949 2021 aliquid
1989 1946 2235 2001 rectum
2266 1957 2379 2001 seu

879 2038 1164 2100 naturale
1197 2039 1436 2102 bonum
1467 2036 1834 2112 habentem,
1869 2037 1956 2099 ita
1986 2044 2056 2100 ut
2085 2056 2235 2100 cum
2266 2037 2378 2099 ho-

879 2136 1051 2199 mine
1084 2144 1296 2218 posset
1336 2136 1568 2198 habere
1610 2136 1999 2198 consortium
2039 2136 2375 2216 cujusdam

877 2235 1180 2318 colloquii
1209 2243 1398 2318 atque
1430 2234 1701 2298 consilii.
1739 2234 1858 2296 Sed
1899 2253 1976 2296 ex
2015 2242 2168 2296 tunc
2209 2235 2376 2296 Deus

877 2333 1122 2396 utiliter
1170 2352 1318 2396 eum
1368 2333 1602 2413 dejecit
1649 2332 1715 2393 in
1766 2333 1913 2407 ima,
1956 2339 2028 2395 ut
2062 2332 2199 2415 jam
2247 2351 2375 2395 11011

876 2431 1232 2495 intueretur
1263 2430 1538 2494 sublime
1576 2430 1819 2513 aliquid
1860 2431 2026 2494 sicut
2054 2438 2222 2507 aute,
2257 2450 2375 2494 1166

874 2532 1164 2593 excelsus
1198 2531 1538 2604 incederet,
1572 2531 1681 2592 sed
1715 2538 1898 2594 terrae
1927 2530 2250 2594 cohaerens
2283 2551 2375 2594 re-

873 2637 1054 2710 peret
1109 2647 1303 2711 super
1354 2637 1663 2703 ventrem,
1715 2636 1778 2690 et
1834 2629 2211 2692 humiliatus
2269 2649 2372 2711 pa-

871 2735 1156 2791 sceretur
1201 2727 1365 2790 escis
1425 2727 1728 2790 vitiorum
1787 2728 2098 2808 terrenis3
2150 2729 2369 2811 sicque

871 2826 1179 2889 Dominus
1233 2828 1396 2889 Deus
1455 2825 1781 2888 occultum
1842 2826 2198 2908 publicavit
2251 2827 2368 2889 ini-

873 2925 1134 2998 micum,
1169 2943 1411 3006 ponens
1456 2924 1826 2988 inimicitias
1868 2925 2054 2987 utiles
2091 2943 2166 2987 ac
2205 2925 2368 2986 salu-

2500 776 2702 832 suam,
2732 758 2845 820 sed
2876 777 2991 840 per
3018 766 3201 822 terrae
3231 759 3745 822 maledictionem
3773 779 3854 822 ac
3886 768 4013 822 ste-

2496 853 2817 918 rilitatem.
2867 856 3092 918 Mulier
3134 875 3284 920 vero
3330 877 3473 939 quae
3516 858 3654 921 viro
3698 858 4007 940 praevari-

2497 953 2811 1016 cationem
2842 955 3061 1030 suasit,
3082 955 3305 1037 punita
3332 963 3430 1018 est
3458 955 4005 1038 multiplicatione
4034 969 4269 1020 acautis.

2494 1051 2771 1131 gemitus
2802 1060 2865 1114 et
2897 1053 3186 1116 moeroris
3225 1060 3415 1136 atque
3449 1053 3763 1128 laborum,
3796 1053 4002 1118 simul

2494 1149 2744 1212 addicta
2761 1150 2915 1232 jugo
2942 1151 3360 1232 subjectionis
3384 1160 3698 1235 perpetuo.
3714 1153 4001 1235 Serpens

2494 1256 2709 1311 autem
2760 1249 2911 1311 mali
2964 1249 3161 1331 hujus
3212 1250 3585 1332 principalis
3636 1259 3999 1333 suggestor,

2496 1347 2941 1410 maledictione
2984 1349 3330 1410 mulctatur
3359 1350 3645 1431 perenni.
3680 1349 4005 1424 Quamob-

2494 1463 2629 1506 rem
2688 1463 2939 1508 summa
2996 1446 3428 1511 sollicitudine
3485 1454 3549 1510 et
3596 1449 4003 1530 circumspe-

2494 1543 2703 1606 ctione
2762 1546 3115 1607 cavendum
3168 1553 3263 1608 est
3310 1566 3349 1608 a
3397 1547 3610 1629 pravis
3660 1546 4001 1625 consiliis3

2493 1662 2637 1705 nam
2667 1642 2833 1704 sicut
2863 1643 3141 1725 puniunt
3170 1644 3721 1727 decipientem,ita
3748 1645 4001 1708 faciunt

2493 1742 2832 1823 deceptum
2876 1741 3206 1824 subjacere
3250 1744 3454 1826 culpae
3495 1763 3569 1806 ac
3611 1762 3841 1826 poenae.

2875 2033 3377 2098 CAPITULUM
3441 2035 3595 2100 XII.

2484 2215 2572 2270 De
2598 2217 3045 2288 constipatione
3080 2219 3436 2285 doemonum,
3466 2227 3523 2276 et
3557 2223 3996 2295 inquietudine

2646 2321 2828 2378 quam
2854 2323 3083 2380 semper
3110 2316 3394 2365 exercent
3422 2311 3492 2366 in
3519 2327 3659 2367 aere
3689 2313 3830 2369 isto.

2626 2528 2725 2592 ER
2774 2529 2894 2592 iste
2952 2531 3063 2612 qui
3112 2531 3279 2596 inter
3327 2535 3562 2597 coelum
3616 2543 3991 2619 terramque

2650 2626 3058 2704 diffunditur,
3104 2637 3273 2693 tanta
3313 2631 3625 2696 densitate
3665 2652 3781 2696 seu
3824 2636 3993 2698 mul-

2480 2723 2753 2788 titudine
2804 2726 3084 2808 repletus
3124 2736 3220 2790 est
3258 2730 3617 2793 daemonum
3658 2732 3723 2794 in
3763 2751 3845 2796 eo
3884 2751 3994 2796 vo-

2478 2821 2772 2898 lantium,
2808 2840 2937 2886 non
2969 2824 3183 2907 quiete
3212 2834 3277 2888 et
3306 2827 3527 2903 otiose,
3561 2830 3731 2911 quod
3765 2830 3990 2894 divina

2479 2919 2879 3000 providentia
2936 2922 3088 2984 satis
3147 2923 3391 2986 utiliter
3438 2943 3545 2988 eos
3592 2926 3989 2991 subtraxerit

870 3023 1050 3087 brem
1082 3024 1464 3087 discordiam
1497 3025 1662 3086 inter
1701 3024 1914 3106 ipsum
1954 3032 2018 3086 et
2046 3024 2362 3098 11011111163,
2392 3025 2447 3088 ‚C
2476 3018 2885 3099 adspectibus
2914 3020 3270 3084 hominum.
3304 3024 3430 3085 Aut
3468 3024 3641 3087 enim
3682 3025 3987 3089 homines

870 3130 940 3185 ut
979 3124 1133 3185 dum
1178 3131 1436 3185 cavetur
1473 3132 1780 3204 tanquam
1811 3123 2108 3205 publicus
2141 3122 2363 3198 hostiS,

869 3229 1142 3303 nequeat
1213 3220 1454 3284 homini
1533 3221 1698 3282 ultra
1767 3239 1996 3284 nocere
2064 3221 2366 3283 amicitiis

867 3318 1315 3381 fraudulentis.

1268 3608 1773 3673 CAPITULUM
1838 3610 1957 3672 XI.

1074 3787 1160 3842 De
1188 3799 1375 3857 poena
1410 3783 1546 3855 ejus
1584 3785 1693 3857 qui
1730 3785 1982 3857 decipit,
2022 3791 2130 3842 aut

1449 3873 1776 3946 decipitur.

996 4100 1048 4162 X
1085 4098 1320 4182 quibus
1361 4099 1666 4161 docemur
1708 4099 1908 4161 vitare
1949 4099 2116 4161 mala
2158 4099 2361 4162 consi-

2478 3123 3037 3180 consternarentur
3086 3120 3471 3183 intolerabili
3523 3123 3799 3205 quadam
3854 3125 3985 3188 for-

2478 3213 2740 3290 midine,
2782 3225 2973 3298 atque
3022 3217 3374 3282 deficerent
3424 3229 3661 3284 terrore
3712 3241 3986 3286 concur-

2475 3331 2583 3374 sus
2629 3331 2874 3389 eorum,
2924 3315 3311 3400 horroreque
3356 3319 3654 3382 vultuum
3702 3321 3771 3383 in
3815 3340 3983 3404 quos

2474 3429 2541 3472 se
2574 3412 3021 3476 transformant
3060 3433 3133 3476 ac
3171 3423 3429 3480 vertunt
3465 3418 3650 3499 juxta
3680 3421 3985 3484 volunta-

2474 3517 2601 3572 tem
2646 3531 2849 3587 suam,
2895 3532 3096 3595 quum
3146 3515 3240 3578 eis
3285 3515 3620 3597 placuerit,
3668 3537 3789 3582 nec
3832 3538 3984 3602 pos·

2472 3618 2614 3671 sent
2659 3609 2800 3673 illos
2860 3610 3065 3674 oculis
3125 3611 3360 3675 intueri
3410 3615 3821 3697 carnalibus3
3867 3628 3982 3682 aut

2473 3716 2643 3771 certe
2697 3709 2822 3791 ipsi
2880 3710 3171 3774 homines
3230 3711 3465 3776 fierent
3522 3716 3814 3797 quotidie
3869 3737 3981 3782 ne-

2471 3805 2751 3889 quiores,
2785 3815 3003 3890 utpote
3043 3811 3357 3892 exemplis
3399 3811 3654 3876 illorum
3692 3814 3979 3878 assiduis

2470 3905 2675 3968 vitiati
2703 3914 2765 3968 et
2798 3907 3172 3970 imitatione.
3197 3908 3312 3971 Per
3340 3910 3462 3973 1106
3492 3930 3749 3994 quoque
3780 3913 3975 3976 fieret

2470 4003 2698 4066 nociva
2743 4003 3140 4068 familiaritas
3190 4015 3253 4069 et
3299 4009 3659 4090 perniciosa
3702 4011 3978 4093 conjun-

2470 4101 2597 4164 ctio
2649 4101 2815 4164 inter
2873 4103 3165 4166 homines
3221 4111 3285 4167 et
3342 4106 3606 4189 spiritus
3656 4109 3801 4172 illos
3856 4111 3977 4176 im-

1025 4199 1108 4261 lia
1139 4215 1153 4259 :
1186 4216 1335 4260 uam
1367 4197 1516 4259 licet
1545 4205 1766 4260 auctor
1807 4197 2200 4279 deceptionis
2230 4198 2359 4260 dia·
2388 4208 2438 4270 D
2470 4200 2763 4274 mundos,
2797 4201 2949 4282 quia
2990 4199 3235 4281 flagitia
3278 4223 3421 4284 quae
3463 4205 3629 4268 inter
3674 4207 3973 4272 homines

860 4297 1046 4359 bolus
1105 4313 1383 4376 congrua
1442 4313 1630 4376 poena
1697 4303 1763 4357 et
1827 4295 2354 4359 condemnatione

859 4413 1200 4476 percussus
1240 4393 1344 4467 sit,
1379 4409 1507 4456 11011
1545 4400 1758 4454 tamen
1797 4389 1904 4456 ille
1944 4412 2137 4475 quem
2177 4395 2358 4457 dece-

859 4493 956 4574 pit
1012 4492 1212 4554 evasit
1271 4489 1685 4573 supplicium,
1737 4492 2030 4572 quamvis
2090 4494 2353 4574 punitus

859 4589 943 4652 sit
993 4607 1182 4672 poena
1229 4588 1450 4651 leviori
1493 4588 1890 4670 aliquantum
1936 4609 2128 4671 quam
2173 4591 2354 4653 dece-

861 4697 1023 4773 ptor.
1077 4688 1253 4761 Quod
1302 4687 1676 4770 plenissime
1725 4688 2047 4750 cernimus
2099 4689 2206 4752 hic
2252 4709 2356 4752 ex-

861 4806 1175 4870 pressum.
1210 4787 1411 4849 Adam
1447 4805 1724 4868 namque
1754 4787 1866 4868 qui
1897 4787 2196 4850 seductus
2234 4797 2351 4863 est,

865 4887 994 4949 imo
1041 4886 1141 4967 (ut
1179 4893 1242 4948 et
1281 4894 1422 4948 utar
1459 4884 1671 4947 verbis
1706 4884 1992 4966 Apostoli
2031 4887 2109 4948 ad
2148 4887 2357 4951 Timo-

569 4986 1082 5110 ί11·ειιι.ιι,ῑ11611111
1135 4983 1503 5064 scribentis)
1550 4983 1663 5065 qui
1713 5001 1840 5045 non
1888 4993 1985 5046 est
2031 4986 2352 5062 seductus,

594 5071 635 5110 ⁴.

862 5085 973 5148 sed
1003 5084 1280 5147 seductae
1311 5081 1568 5163 conjugi
1599 5081 1941 5163 acquievit,
1975 5102 2090 5165 per
2121 5085 2241 5148 1106
2276 5087 2355 5148 ad

861 5200 1245 5246 consensum
1276 5180 1664 5264 culpabilem
1694 5181 2029 5256 transiens,
2063 5183 2357 5247 condem-

860 5290 1046 5346 natus
1112 5289 1209 5344 est
1275 5286 1523 5343 tantum
1591 5280 1821 5343 sudore
1881 5281 2095 5344 vultus
2159 5289 2354 5366 atque

2467 4318 2640 4361 nunc
2700 4299 3208 4374 committuntur,
3261 4302 3549 4364 celantur
3603 4307 3803 4388 septis
3864 4327 3977 4389 pa·

2466 4397 2722 4472 rietum,
2775 4405 2884 4459 aut
2943 4397 3276 4461 intervallo
3333 4401 3619 4464 locorum
3678 4412 3745 4466 et
3790 4423 3974 4468 vere-

2467 4495 2699 4557 cundia
2740 4497 3014 4578 quadam
3052 4515 3067 4559 :
3112 4515 3253 4578 quae
3292 4499 3346 4560 si
3390 4500 3684 4564 homines
3726 4503 3973 4585 jugiter

2467 4594 2633 4656 clare
2674 4593 3136 4675 conspicerent,
3180 4595 3599 4660 incitarentur
3638 4600 3721 4663 ad
3766 4603 3971 4684 majo-

2466 4712 2602 4756 rem
2632 4692 2866 4756 furoris
2897 4693 3231 4768 insaniam,
3257 4695 3437 4759 nullo
3465 4701 3774 4781 temporis
3804 4720 3973 4782 pun-

2467 4800 2571 4855 cto
2621 4792 3085 4855 interveniente
3140 4811 3268 4876 quo
3318 4805 3652 4859 cernerent
3702 4799 3973 4881 spiritus

2466 4891 2609 4953 illos
2658 4910 2695 4952 a
2739 4890 3087 4954 sceleribus
3136 4892 3269 4954 suis
3320 4903 3682 4976 cessantes;
3725 4897 3974 4981 quippe

2466 5007 2625 5072 quos
2664 4989 2841 5052 nulla
2882 4990 3181 5053 lassitudo
3221 4993 3516 5066 carnalis,
3548 5013 3663 5056 3611
3694 5013 3973 5079 occupa·

2464 5089 2555 5151 tio
2603 5087 2695 5150 rei
2744 5087 3100 5163 familiariS,
3142 5097 3251 5151 aut
3288 5090 3651 5155 sollicitudo
3690 5095 3973 5176 quotidi-

2464 5187 2567 5248 ani
2602 5187 2807 5248 victus
2838 5187 3167 5269 compellit
3203 5207 3240 5249 a
3279 5190 3507 5272 coeptis
3544 5209 3796 5255 cessare
3836 5213 3971 5256 ma-

2466 5285 2621 5348 litiis
2665 5285 3205 5367 quemadmodum
3246 5305 3381 5350 1103.
