4359 6267
1055 1402 1184 1511 D.
1267 1399 1929 1513 DIONYSII
2036 1402 2774 1515 PRAEFATIO

587 2196 1033 2259 desiderabilis
1090 2202 1279 2277 atque
1329 2195 1603 2258 salubris
1662 2195 1745 2257 sit
1792 2196 2123 2277 sapientia,
2176 2196 2360 2258 nobis
2410 2196 2628 2277 pandit
2677 2196 2980 2271 Salvator,
3032 2197 3142 2278 qui
3197 2197 3263 2257 in
3309 2204 3456 2259 actu
3485 2182 3550 2222 ³²·

586 2304 919 2387 sapientiae
960 2304 1419 2366 beatitudinem
1458 2304 2123 2371 nostramconsistere
2160 2304 2432 2365 edocens
2466 2320 2480 2365 ε
2513 2303 2656 2366 Haec
2697 2310 2812 2377 est,
2846 2303 3076 2385 inquit,
3108 2304 3240 2365 vita
3277 2312 3457 2367 aeter-
3481 2320 3750 2371 Joanmvu,

364 2432 461 2485 na,
516 2420 587 2474 ut
637 2419 1021 2493 cognoscant
1066 2420 1129 2473 te
1178 2430 1402 2473 verum
1452 2411 1671 2473 Deum.
1728 2410 1871 2473 Ideo
1919 2410 2213 2472 Salomon
2260 2410 2422 2472 dixit
2475 2429 2489 2472 ε
2540 2411 2766 2472 Beatus
2814 2411 3006 2474 homo
3053 2412 3164 2493 qui
3214 2412 3458 2474 invenit
3483 2388 3748 2496 Zomst

362 2519 783 2601 sapientiam3
824 2526 887 2581 et
930 2537 1171 2592 rursus,
1212 2517 1548 2580 Pretiosior
1588 2523 1682 2578 est
1731 2516 2042 2598 sapientia
2086 2516 2334 2578 cunctis
2375 2516 2630 2597 opibuS,
2673 2525 2736 2579 et
2772 2518 2989 2580 omnia
3031 2538 3172 2599 quae
3213 2518 3456 2580 deside·
3509 2521 3629 2566 Ibid·
3655 2524 3720 2565 ¹⁵·

362 2634 603 2701 rantur,
652 2627 805 2689 huic
855 2644 981 2689 non
1029 2625 1241 2688 valent
1288 2624 1661 2705 comparari.
1706 2624 1828 2686 Sed
1876 2643 2076 2705 quum
2126 2624 2382 2686 habitus
2430 2625 2758 2687 ordinetur
2803 2626 2881 2686 ad
2929 2633 3165 2700 actum,
3208 2633 3269 2688 et
3320 2626 3457 2707 ipsa

360 2735 702 2799 absconsio
742 2733 1069 2816 sapientiae
1108 2739 1344 2805 actum,
1378 2750 1491 2793 seu
1534 2750 1720 2793 usum
1760 2739 1868 2794 aut
1908 2731 2393 2813 intelligentiam
2427 2732 2566 2813 ejus
2607 2732 2933 2814 impediat,
2967 2740 3136 2794 recte
3175 2732 3265 2794 ait
3294 2732 3458 2794 Scri-

362 2852 547 2925 ptura
586 2842 969 2925 sapientiam
1006 2840 1445 2902 absconditam
1483 2858 1621 2902 esse
1664 2840 1974 2902 inutilem.
2008 2840 2198 2903 Porro
2236 2840 2587 2902 difficultas
2627 2840 2760 2903 sive
2799 2840 3152 2903 obscuritas
3194 2840 3324 2902 stili
3362 2846 3460 2901 est

363 2952 659 3033 quaedam
702 2949 1038 3012 absconsio
1081 2967 1306 3011 sensus
1351 2947 1620 3026 inclusi3
1664 2946 1901 3010 idcirco
1944 2947 2284 3009 utilitatem
2329 2954 2391 3008 et
2435 2947 2716 3009 fructum
2764 2947 3054 3010 lectionis
3099 2965 3211 3009 seu
3260 2946 3454 3008 studii

360 3060 528 3140 apud
591 3059 931 3140 incapaces
986 3065 1049 3118 et
1108 3056 1531 3137 simpliciores
1594 3054 1971 3136 plerumque
2031 3055 2300 3137 impedit
2353 3064 2416 3118 et
2473 3055 2772 3117 excludit.
2835 3054 2997 3116 Hinc
3055 3053 3251 3116 libros
3310 3054 3456 3117 stilo

360 3165 737 3247 hujusmodi
780 3171 1064 3227 exaratos
1110 3164 1431 3225 interdum
1474 3162 1819 3244 expediens
1859 3170 1955 3224 est
1991 3164 2069 3225 ad
2111 3162 2331 3225 stilum
2373 3164 2635 3245 planum
2678 3163 3061 3243 facilemque
3105 3160 3451 3223 transferri.

360 3274 533 3336 Unde
574 3272 1117 3355 quemadmodum
1162 3271 1397 3332 librum
1437 3269 1854 3332 illustrissimi
1895 3271 2093 3352 patris
2130 3271 2386 3333 Ioannis
2427 3270 2704 3334 Cassiani
2752 3270 3054 3353 primum,
3086 3269 3197 3351 qui
3241 3268 3458 3330 intitu-

362 3383 526 3444 latur
572 3380 874 3443 Instituta
920 3386 1283 3442 sanctorum
1331 3378 1607 3451 Patrum‚
1649 3377 1783 3459 jam
1830 3377 2123 3439 transtuli
2171 3378 2319 3440 stilo
2367 3377 2762 3460 planissimo,
2809 3378 2897 3439 ita
2943 3396 3135 3451 nunc,
3187 3377 3459 3442 Domino

360 3488 729 3571 adjuvante,
772 3486 1009 3549 librum
1058 3486 1199 3567 ejus
1246 3485 1622 3558 secundum,
1664 3484 1964 3547 videlicet
2011 3485 2291 3566 primum
2341 3485 2576 3547 librum
2627 3484 3048 3549 Collationum
3096 3493 3460 3548 sanctorum

360 3596 641 3668 Patrum‚
678 3594 937 3657 intendo
966 3593 1113 3656 stilo
1142 3591 1483 3655 transferre
1514 3591 1867 3654 clarissimo
1901 3611 1914 3654 :
1951 3592 2116 3653 sicut
2144 3592 2223 3653 ad
2256 3592 2374 3655 hoc
2407 3591 2706 3655 inductus
2735 3612 2876 3656 sum
2906 3592 3128 3674 grandi
3161 3592 3461 3654 instantia

360 3702 841 3766 Venerabilium
884 3701 1137 3763 Patrum
1175 3719 1249 3762 ac
1288 3700 1575 3761 Fratrum
1619 3698 1872 3762 Ordinis
1915 3700 2137 3773 nostri,
2179 3708 2366 3782 prout
2411 3700 2478 3762 in
2524 3701 2784 3783 prologo
2827 3700 3241 3783 praecedentis
3282 3700 3458 3763 volu-

362 3810 555 3874 minis
601 3809 861 3893 plenius
901 3808 1185 3872 recitavi.
1220 3807 1526 3889 Incipiam
1568 3824 1720 3888 ergo
1759 3807 1886 3881 hic,
1920 3807 2087 3870 sicut
2127 3815 2191 3870 et
2234 3808 2347 3883 ibi,
2377 3826 2414 3869 a
2457 3809 2733 3892 prologo.

378 2088 983 2365 SAPIENTIA
1040 2090 1349 2152 absconsa
1406 2097 1471 2150 et
1528 2088 1861 2150 thesaurus
1920 2086 2187 2161 invisuS,
2239 2106 2380 2169 quae
2438 2088 2679 2150 utilitas
2740 2088 2803 2149 in
2864 2088 3205 2169 utrisque?
3257 2089 3455 2163 Quam
3509 2115 3749 2166 accan,
