4359 6267
759 486 879 551 400
1415 506 1831 555 contu-ionum
1872 509 1957 554 ss.
1992 507 2235 554 pamma
2277 505 2451 552 unna
2492 506 2554 552 11.
2600 525 2681 535 —
2720 505 3007 552 commo
3046 505 3200 551 xxm

1653 888 2416 1002 COLLATIO
2548 891 2959 1001 XXIII

1764 1133 1882 1227 (A
1894 1130 2150 1209 bbatis
2194 1131 2541 1210 Theonoe
2579 1135 2863 1230 tertia)

995 1383 1096 1434 DE
1155 1379 1412 1432 VELLE
1465 1377 1746 1430 BONUM
1805 1377 1904 1428 ΕΤ
1958 1377 2223 1428 AGERE
2278 1377 2598 1449 MALUM,
2644 1379 2826 1430 SIVE
2884 1381 2989 1432 DE
3047 1381 3615 1433 IMPECCANTIA.

1039 1707 1544 1776 CAPITULUM
1602 1705 1974 1770 PRIMUM·
2283 1656 2334 1719 A
2365 1659 2623 1734 stolum,
2663 1661 2996 1770 acquirant
3042 1661 3167 1723 sibi
3207 1660 3463 1771 laudem
3512 1663 3869 1743 quamdam
3962 1659 3981 1668 “

2365 1757 2441 1818 dc
2482 1757 2855 1821 confusione
2898 1778 3027 1822 suae
3071 1759 3348 1822 mahtiae.
3384 1759 3549 1833 Quos
3591 1766 3654 1821 et
3688 1760 3870 1822 Jere-

757 1869 1120 1944 Disputatio
1153 1868 1402 1923 Theonoe
1433 1866 1506 1921 de
1533 1863 1735 1919 verbis
1763 1861 2041 1934 Apostoli
2072 1879 2090 1917 .·
2119 1861 2255 1917 Non
2366 1856 2527 1918 mias
2578 1857 2803 1919 asserit
2852 1857 3123 1920 crimina
3171 1865 3536 1940 perpetrare
3582 1875 3709 1922 non
3760 1877 3873 1921 so-

1018 1958 1181 2013 enim
1209 1955 1370 2029 quod
1397 1953 1530 2010 volo
1557 1952 1724 2023 facio
1757 1951 1992 2007 bonum·
2366 1954 2499 2016 lum
2549 1973 2675 2018 non
2720 1955 3007 2018 nolentes
3047 1964 3157 2017 aut
3193 1974 3341 2017 cum
3388 1956 3608 2038 requie
3648 1957 3872 2018 cordis

2362 2061 2427 2115 et
2456 2053 2759 2135 corporiS,
2792 2054 2900 2116 sed
2934 2054 3123 2116 etiam
3160 2053 3493 2116 laboriosis
3522 2053 3871 2116 conatibus

897 2153 1226 2217 EVERSA
1277 2151 1439 2223 luce,
1483 2168 1682 2232 quum
1734 2166 1926 2210 senex
1971 2146 2250 2229 compel-
2361 2151 2669 2213 desudare
2712 2159 2782 2212 ut
2824 2151 3199 2232 perveniant
3239 2152 3317 2213 ad
3358 2152 3659 2215 vitiorum
3702 2151 3873 2214 effe-

928 2254 1162 2317 leretur
1209 2271 1246 2313 a
1293 2249 1480 2312 nobis
1527 2266 1781 2310 summa
1826 2245 2127 2308 instantia
2171 2245 2249 2307 ad
2362 2257 2524 2323 ctus,
2560 2249 2645 2311 ita
2676 2257 2747 2311 ut
2777 2268 2893 2312 nec
2923 2250 3139 2312 arduis
3173 2250 3667 2312 difficultatibus
3705 2252 3871 2312 resi-

756 2351 1285 2436 perscrutandum
1329 2348 1629 2430 abyssum
1683 2345 2044 2428 apostolicae
2086 2363 2253 2426 quae-
2362 2348 2676 2411 stentibus
2708 2356 3085 2410 revocentur
3113 2368 3150 2410 a
3180 2349 3386 2411 malis.
3419 2349 3574 2412 Nam
3609 2350 3697 2411 ait
3729 2366 3745 2411 :
3781 2350 3865 2412 Ut
3938 2368 4073 2412 Jer.
4098 2383 4173 2419 ιι,
4200 2373 4251 2412 s.

755 2451 1004 2524 stioniS,
1039 2449 1126 2511 ita
1154 2447 1388 2510 effatus
1418 2454 1514 2507 est
1546 2465 1560 2509 ε
1594 2445 1983 2526 Argumenta
2014 2442 2250 2524 quibus
2362 2447 2580 2529 inique
2617 2455 2877 2528 agerent
2916 2447 3378 2510 laboraverunt.
3411 2447 3679 2529 Insuper
3708 2449 3867 2528 quis

756 2549 1026 2633 probare
1089 2544 1410 2609 conamini
1472 2542 1847 2625 Apostolum
1911 2541 2251 2622 protulisse
2361 2545 2530 2606 dicat
2568 2545 3009 2627 peccatoribus
3048 2545 3390 2608 convenire
3428 2545 3599 2627 quod
3636 2545 3866 2608 subdi-

455 2655 721 2707 Rmvu·¹⁹-
753 2649 888 2711 haec
932 2644 1146 2718 verba,
1186 2644 1322 2707 Non
1366 2641 1538 2704 enim
1584 2640 1753 2722 quod
1795 2639 1940 2702 volo
1981 2638 2248 2712 bonum,
2360 2651 2485 2718 tur,
2518 2643 2733 2725 ltaque
2765 2662 2880 2724 ego
2913 2644 3049 2725 ipse
3082 2651 3293 2707 mente
3326 2644 3533 2707 servio
3563 2644 3685 2725 legi
3714 2645 3861 2718 Dei,
3906 2665 4267 2716 nomn-1225.

753 2747 874 2809 hoc
912 2744 1100 2818 facio,
1133 2743 1243 2805 sed
1286 2741 1455 2824 quod
1498 2739 1602 2802 odi
1650 2738 1911 2811 malum,
1945 2736 2064 2800 hoc
2108 2755 2247 2818 ago,
2364 2760 2550 2804 carne
2608 2749 2818 2804 autem
2881 2741 3003 2823 legi
3059 2742 3341 2824 peccati3
3390 2761 3549 2824 quos
3606 2751 3861 2805 certum

751 2854 898 2918 etc„
942 2861 1070 2906 non
1109 2861 1186 2904 ex
1231 2859 1345 2903 sua
1389 2855 1677 2921 persona,
1712 2837 1820 2898 sed
1861 2855 1938 2898 ex
1983 2853 2253 2918 persona
2282 2843 2329 2905 Β
2360 2848 2457 2902 est
2488 2859 2605 2902 nec
2648 2849 2859 2902 mente
2889 2859 3007 2902 nec
3038 2859 3226 2903 carne
3259 2842 3385 2904 Deo
3422 2841 3701 2903 servire?
3728 2841 3867 2904 Aut

753 2941 1182 3026 peccantium,
1234 2939 1561 3002 evidenter
1612 2935 1954 2999 ostendunt
2001 2953 2076 2996 ea
2122 2952 2250 2996 non
2360 2940 2633 3022 qualiter
2674 2947 2888 3002 mente
2930 2940 3218 3002 serviunt
3258 2941 3407 3014 De0,
3440 2941 3551 3022 qui
3590 2958 3865 3022 corpore

754 3060 940 3125 posse
971 3038 1314 3103 convenire
1347 3034 1635 3118 personis
1675 3034 2105 3117 peccantium,
2139 3033 2249 3095 sed
2363 3046 2647 3120 peccant,
2710 3057 2909 3120 quum
2976 3056 3121 3100 caro
3184 3038 3504 3121 concipiat
3561 3037 3859 3101 fomitem

753 3140 923 3222 quod
964 3138 1323 3222 pertineant
1360 3135 1437 3197 ad
1479 3135 1646 3197 solos
1691 3132 2028 3216 perfectOS‚
2061 3139 2252 3214 atque
2361 3135 2661 3198 vitiorum
2711 3155 2788 3197 ex
2849 3136 3059 3208 corde,
3108 3143 3174 3198 et
3223 3135 3509 3198 Christus
3568 3137 3869 3199 conditor

752 3257 974 3302 eorum
1034 3235 1352 3299 sanctitati
1402 3232 1844 3296 tantummodo
1902 3238 2252 3313 congruant
2361 3235 2570 3296 carnis
2610 3252 2683 3295 ac
2716 3233 2923 3296 cordis
2964 3233 3332 3315 pronuntiet
3371 3234 3681 3315 originem
3714 3235 3871 3296 viti-

753 3338 866 3422 qui
906 3336 1134 3399 merita
1171 3332 1614 3417 Apostolorum
1658 3338 2030 3413 sequuntur.
2064 3331 2252 3392 Nem·
2362 3351 2544 3396 orum
2586 3351 2663 3394 ex
2697 3333 2885 3394 corde
2930 3335 3231 3394 manare?
3261 3332 3347 3394 De
3379 3333 3590 3407 corde,
3622 3333 3861 3414 inquit,
3932 3353 4267 3403 manau.

756 3456 836 3520 pe
892 3453 1018 3517 quo
1081 3441 1263 3516 pacto
1329 3431 1557 3514 poterit
1614 3430 1954 3493 convenire
2013 3429 2252 3510 iniquis
2363 3431 2715 3513 procedunt
2779 3430 3188 3511 cogitationes
3259 3431 3462 3506 malm,
3523 3431 3863 3505 adulteria,
3914 3423 4007 3462 ¹⁹·

498 3546 687 3592 Ibidem-
756 3535 925 3618 quod
956 3532 1211 3603 dicitur,
1237 3531 1375 3594 Non
1403 3531 1577 3592 enim
1610 3529 1780 3610 quod
1810 3528 1954 3590 volo
1985 3527 2249 3602 bonum,
2363 3529 2834 3603 fornicatione3‚
2870 3528 3057 3602 furta,
3094 3529 3463 3604 homicidia,
3495 3530 3871 3593 testimonia

757 3635 878 3697 hoc
916 3631 1104 3704 facio,
1137 3631 1248 3692 sed
1288 3628 1456 3711 quod
1497 3627 1602 3691 odi
1645 3627 1908 3700 malum,
1941 3626 2060 3688 hoc
2092 3629 2253 3706 ago?
2364 3628 2540 3691 falsa.
2594 3629 2769 3691 Unde
2820 3628 3148 3691 evidenter
3189 3628 3547 3691 ostenditur
3588 3628 3707 3691 hoc
3748 3649 3869 3692 ne-

487 3747 700 3790 mauso.
757 3738 821 3794 et
869 3730 1050 3804 illud,
1098 3728 1162 3792 Si
1210 3734 1424 3789 autem
1478 3726 1646 3808 quod
1691 3725 1860 3796 nolo,
1902 3724 2022 3786 hoc
2064 3723 2251 3796 facio,
2365 3746 2684 3809 quaquam
2752 3744 2938 3809 posse
3006 3727 3273 3807 intelligi
3343 3728 3422 3790 de
3491 3727 3869 3809 iniquorum

754 3831 886 3913 jam
919 3847 1046 3892 non
1077 3845 1192 3909 ego
1221 3843 1450 3908 operor
1478 3823 1783 3898 illud,sed
1815 3822 1984 3904 quod
2014 3822 2257 3884 habitat
2366 3826 2675 3910 personiS‚
2710 3825 2819 3908 qui
2862 3833 3122 3907 peccata
3154 3844 3281 3888 non
3321 3825 3527 3888 solum
3572 3843 3698 3888 non
3730 3827 3876 3888 odi-

759 3931 825 3992 in
853 3948 955 3991 me
982 3925 1518 4009 peccatumPQuis
1549 3923 1721 3985 enim
1748 3921 2258 4002 delinquentium
2367 3935 2503 3999 unt,
2554 3925 2664 3987 sed
2713 3923 2903 3986 etiam
2952 3931 3206 4003 amant3
3256 3931 3447 4005 atque
3498 3924 3561 3984 in
3612 3931 3869 3986 tantum

760 4029 1053 4110 inquinat
1109 4044 1176 4087 se
1235 4023 1563 4086 adulteriis
1614 4029 1676 4084 et
1726 4019 2255 4084 fornicationibus
2293 4023 2336 4086 C
2369 4043 2485 4086 nec
2536 4029 2749 4085 mente
2798 4040 2916 4084 nec
2964 4039 3227 4103 corpore
3276 4021 3564 4083 serviunt
3609 4021 3759 4095 Deo,
3796 4031 3877 4084 ut

760 4126 1026 4188 nolens?
1067 4123 1216 4196 Quis
1266 4120 1505 4185 invitus
1548 4121 1751 4182 tendit
1800 4119 2063 4204 insidias
2113 4136 2258 4200 pro·
2369 4123 2546 4204 prius
2582 4121 2956 4202 delinquant
2996 4128 3209 4182 mente
3248 4139 3441 4202 quam
3482 4136 3769 4202 corpore,
3804 4128 3877 4182 et

760 4225 939 4288 ximo
966 4221 1278 4294 suOZQuis
1309 4217 1659 4282 inevitabili
1694 4217 2068 4280 necessitate
2098 4235 2260 4280 com·
2368 4229 2707 4302 antequam
2755 4219 3063 4300 impleant
3102 4218 3684 4301 concupiscentiam
3730 4237 3877 4280 car-

763 4324 1024 4407 pellitur
1064 4329 1131 4382 ut
1173 4319 1335 4382 falso
1373 4317 1740 4380 testimonio
1781 4316 2104 4399 opprimat
2144 4318 2253 4379 ho·
2369 4319 2492 4393 niS,
2517 4318 2985 4401 praeveniantur
3014 4323 3275 4399 peccato
3306 4317 3761 4398 cogitationum
3794 4335 3875 4379 ac

761 4423 1014 4496 minem,
1025 4428 1134 4483 aut
1162 4418 1334 4480 furto
1361 4414 1654 4498 decipiat,
1669 4422 1778 4476 aut
1805 4414 1972 4478 bona
2000 4415 2255 4477 alterius
2372 4418 2621 4480 mentis,

765 4518 1195 4601 concupiscat,
1227 4515 1330 4578 vel
1372 4513 1746 4596 sanguinem
1789 4512 2058 4575 fundat?
2093 4513 2257 4586 Quin

514 4629 624 4672 Gen·
649 4641 737 4678 vm·
767 4619 919 4692 imo,
953 4616 1121 4678 sicut
1155 4615 1245 4677 ait
1283 4612 1628 4694 Scriptura,
1660 4612 2013 4674 humanum
2058 4630 2259 4693 genus
2862 4645 2871 4652 ·

471 4691 700 4798 {gistum
765 4715 1106 4796 diligenter
1162 4712 1480 4775 intentum
1533 4717 1630 4773 est
1684 4710 1761 4771 ad
1822 4709 2174 4791 nequitiam
2224 4729 2261 4771 a
2790 4658 3296 4722 CAPITULUM
3360 4658 3447 4720 Π·

762 4815 1098 4897 juventute
1157 4830 1290 4873 sua.
1350 4809 1582 4873 Omnes
1641 4826 1919 4890 namque
1976 4809 2087 4890 qui
2146 4807 2261 4869 fla·
2616 4815 2787 4896 Quod
2814 4812 3138 4887 Apostolus
3168 4813 3325 4870 bona
3347 4813 3625 4885 plurima

765 4919 950 4995 grant
989 4895 1293 4973 vitiorum
1337 4925 1573 4982 amore,
1617 4907 1682 4968 in
1727 4913 1972 4969 tantum
2016 4906 2261 4969 deside·
2860 4905 3381 4961 consummaverit.

767 5019 910 5074 rant
950 5009 1218 5092 implere
1261 5027 1403 5090 quae
1445 5005 1735 5087 cupiunt,
1769 5013 1839 5067 ut
1876 5005 2068 5068 etiam
2111 5023 2264 5067 cura

768 5108 1063 5193 pervigili
1102 5112 1387 5189 quaerant
1421 5103 1962 5186 opportunitatem
2004 5102 2262 5165 sceleris
2496 5100 2837 5164 UPEREST
2880 5116 3029 5181 ergo
3076 5109 3147 5161 ut
3190 5118 3519 5161 sumamus
3565 5117 3637 5162 ac
3688 5100 3883 5162 meti-

472 5221 739 5278 Phfflppau,
769 5206 1248 5284 committendi3
1289 5203 1632 5286 gloriantes
1676 5219 1930 5283 quoque
1967 5201 2044 5264 de
2088 5201 2263 5283 igno·
2293 5202 2343 5264 D
2522 5217 2709 5261 amur
2765 5198 3068 5260 virtutem
3132 5197 3461 5260 sententiae
3522 5196 3877 5261 verborum

475 5288 542 5328 ¹⁹·
769 5305 973 5369 rantia
1002 5323 1115 5367 sua
1143 5312 1205 5366 et
1229 5302 1577 5365 criminum
1609 5299 2079 5381 cumulo,juxta
2103 5301 2263 5381 Apo-
2372 5297 2653 5382 Apostoli
2711 5316 2790 5359 ex
2848 5296 3077 5359 intimo
3133 5295 3405 5359 dicentis
3462 5293 3745 5374 affectu3
3808 5303 3879 5357 et
