4359 6267
142 2103 336 2153 Gen-nd·
375 2093 580 2174 Cain),
629 2093 1012 2156 inflammati
1059 2095 1180 2176 ipsi
1231 2093 1354 2157 filii
1398 2096 1509 2158 Dei
1559 2096 1876 2158 desiderio

143 2691 204 2734 Ps.
225 2707 348 2745 um,

171 2757 190 2771 .

133 4171 218 4214 Gom
232 4188 268 4222 n,
287 4178 347 4218 ta.

161 4955 253 5010 Sap.
283 4972 350 5008 vn,

129 5017 178 5064 17,
201 5021 254 5060 18.

1060 543 1475 591 coLLATIONtJn
1518 544 1604 590 SS.
1638 543 1881 589 PATRUM
1921 543 2096 588 LIBER
2137 543 2178 589 I.
2224 561 2306 572 —
2346 543 2631 590 GOLLATIO
2672 543 2781 588 vm

3345 519 3465 584 237

373 713 622 776 tinebat
663 714 930 778 insitum
973 715 1096 778 sibi
1135 715 1472 778 traditione
1515 723 1577 777 et
1619 713 1871 777 imitati·
1901 713 1954 776 A
1983 714 2209 777 dinum
2243 714 2735 788 immutationeS,
2768 721 2831 775 et
2862 719 3087 774 cetera.
3120 712 3293 774 Hanc
3321 727 3469 791 ergo

373 829 492 875 one
533 813 818 896 antiqua.
865 814 1040 878 Unde
1078 815 1384 896 quamdiu
1421 813 1672 876 duravit
1707 813 1872 875 inter

373 913 778 994 posteritates
837 913 988 976 Seth
1046 922 1108 975 et
1167 913 1318 977 Cain
1379 914 1498 975 ista
1546 913 1866 986 discret.i0‚

372 1011 714 1092 posteritas
759 1011 908 1074 Seth
952 1018 1211 1094 propter
1249 1031 1430 1074 suam
1470 1013 1870 1074 sanctitatem

370 1108 814 1191 optimamque
879 1109 1158 1172 radicem
1225 1116 1447 1172 vocata
1511 1117 1608 1174 est
1663 1110 1870 1192 angeli

373 1205 508 1280 Dei,
532 1207 696 1282 sive,
716 1214 784 1269 ut
813 1206 937 1270 alia
965 1207 1292 1272 translatio
1321 1208 1532 1282 habet,
1559 1208 1682 1270 filii
1713 1208 1823 1271 Dei
1852 1226 1868 1288 3

375 1305 616 1387 posteri
658 1313 871 1368 autem
911 1306 1063 1369 Cain
1103 1305 1224 1368 filii
1262 1306 1598 1371 hominum
1629 1326 1872 1369 nuncu-

373 1412 632 1485 pantur,
677 1412 937 1486 propter
977 1424 1158 1468 suam
1207 1405 1600 1488 impietatem
1650 1425 1722 1468 ac
1765 1425 1872 1488 pa-

374 1511 545 1566 trum
597 1521 884 1578 suorum,
929 1511 994 1566 et
1043 1513 1302 1587 propter
1349 1523 1542 1587 opera
1589 1525 1706 1568 sua
1749 1513 1871 1567 ter-

373 1619 542 1663 rena.

452 1700 666 1773 Quum
715 1699 930 1782 itaque
979 1707 1146 1763 esset
1205 1700 1371 1764 inter
1427 1701 1570 1764 illos
1628 1702 1871 1765 tamdiu

365 1797 494 1860 ista
533 1797 713 1860 utilis
750 1817 825 1860 ac
863 1805 1079 1861 sancta
1116 1799 1370 1874 divisi0,
1401 1801 1690 1863 videntes
1731 1808 1873 1883 post

1981 812 2314 875 scientiam
2362 813 2651 875 omnium
2700 819 3067 874 naturarum
3114 809 3471 890 suscipiens

1981 911 2319 993 posteritas
2358 911 2508 974 Seth
2548 910 2883 974 traditione
2924 917 3183 992 paterna
3219 926 3333 990 per
3366 925 3470 989 ge-

1981 1011 2383 1073 nerationum
2428 1009 2917 1082 successionem,
2951 1006 3253 1090 quamdiu
3300 1025 3472 1069 man-

1983 1109 2066 1171 sit
2114 1108 2319 1173 divisa
2364 1127 2401 1172 a
2447 1108 2752 1188 sacrilega
2810 1107 2961 1170 Cain
3013 1106 3333 1188 progenie,
3385 1105 3472 1167 ita

1981 1208 2268 1270 exercuit
2303 1215 2367 1269 et
2405 1207 2717 1270 convertit
2753 1205 3085 1268 scientiam
3115 1212 3353 1266 tantam
3392 1204 3473 1267 ad

1982 1306 2091 1368 Dei
2137 1307 2385 1369 cultum
2428 1314 2490 1369 et
2528 1306 2673 1370 vitae
2710 1304 3069 1368 communis
3107 1303 3469 1378 utilitatem,

1983 1405 2149 1467 sicut
2194 1423 2333 1468 eam
2382 1413 2597 1466 sancte
2642 1410 2989 1486 acceperat.
3043 1403 3231 1465 Porro
3270 1420 3470 1483 quum

1986 1504 2201 1586 impiae
2229 1503 2583 1586 posteritati
2612 1503 2765 1565 Cain
2795 1501 3022 1564 fuisset
3048 1500 3349 1575 admixta,
3383 1500 3477 1562 in-

1985 1603 2223 1666 stinctu
2272 1603 2633 1665 daemonum
2684 1601 2994 1664 derivavit
3038 1619 3113 1662 ac
3164 1599 3355 1662 vertit
3398 1617 3475 1661 ea

1985 1721 2126 1784 quae
2157 1701 2262 1782 pie
2300 1699 2625 1773 didicerat,
2655 1701 2733 1762 ad
2772 1717 2873 1761 res
2913 1697 3131 1761 noxias
3161 1715 3235 1760 ac
3264 1697 3474 1780 profa-

1985 1818 2121 1874 nas,
2161 1806 2226 1861 et
2273 1817 2349 1860 ex
2398 1797 2664 1860 scientia
2709 1797 2818 1860 illa
2862 1798 3162 1860 audacter
3198 1796 3475 1858 instituit

373 1896 508 1959 haec
537 1896 666 1958 filii
697 1896 870 1971 Seth,
893 1897 1004 1979 qui
1033 1905 1212 1960 erant
1241 1898 1366 1960 filii
1397 1899 1531 1973 Dei,
1567 1898 1736 1962 filias
1766 1900 1874 1962 ho-
1909 1898 1957 1961 B
1987 1897 2269 1960 curiosas
2316 1895 2781 1959 maleficiorum
2819 1903 3007 1968 arteS‚
3041 1894 3360 1976 praestigia
3402 1913 3476 1957 ac

377 1995 630 2056 minum
659 1996 910 2076 (eorum
939 1995 1237 2058 videlicet
1266 1997 1377 2078 qui
1408 2005 1584 2059 erant
1624 1998 1756 2060 nati
1795 1999 1872 2060 de

374 2191 878 2273 pulchritudinis
937 2191 1218 2254 filiarum
1280 2192 1558 2266 illarum,
1607 2212 1872 2276 accepe-

374 2297 523 2351 runt
557 2307 667 2352 eas
707 2307 968 2369 uxores3
1000 2308 1142 2371 quae
1177 2290 1585 2353 infundentes
1627 2291 1872 2354 maritis

373 2388 506 2450 suis
565 2395 822 2469 patrum
881 2405 1142 2451 suorum
1196 2389 1536 2470 nequitiaS‚
1580 2389 1872 2471 protinus

372 2491 743 2547 averterunt
771 2502 878 2546 eos
917 2485 997 2546 ab
1038 2485 1148 2547 illa
1184 2486 1366 2567 quasi
1408 2486 1687 2567 ingenita
1721 2487 1872 2548 sim-

375 2583 662 2665 plicitate
707 2601 782 2645 ac
829 2583 1160 2646 sanctitate
1219 2593 1498 2665 paterna.
1552 2585 1644 2647 Ad
1702 2586 1872 2667 quod

374 2683 526 2744 satis
558 2699 839 2764 congrue
869 2683 1144 2763 pertinet
1177 2683 1336 2745 illud
1372 2700 1387 2744 :
1423 2683 1552 2764 Ego
1583 2683 1736 2758 dixi,
1771 2684 1870 2746 Dii

373 2780 548 2853 estiS,
595 2789 662 2842 et
708 2780 832 2843 filii
883 2780 1129 2843 Excelsi
1178 2799 1444 2860 omnes3
1497 2799 1608 2844 vos
1658 2789 1870 2844 autem

373 2879 538 2940 sicut
569 2879 863 2942 homines
895 2879 1281 2955 moriemini,
1314 2887 1432 2941 etc.
1460 2880 1576 2954 Qui
1607 2889 1671 2943 et
1701 2881 1870 2943 exci-

374 2977 606 3038 derunt
646 2976 727 3038 ab
769 2976 878 3038 illa
909 2995 1059 3038 vera
1097 2978 1404 3040 naturalis
1449 2979 1870 3062 philosophiae

1989 1996 2264 2076 magicas
2327 1993 2830 2076 superstitioneS,
2891 1995 3125 2056 docens
3191 2000 3475 2076 posteros

1985 2113 2134 2158 suos
2184 2102 2254 2155 ut
2302 2111 2480 2156 sacro
2528 2093 2660 2155 veri
2710 2092 2821 2155 Dei
2871 2092 3046 2154 cultu
3096 2092 3337 2166 relicte,
3374 2111 3479 2154 ve-

1983 2200 2362 2256 nerarentur
2398 2210 2471 2254 ac
2517 2191 2799 2254 colerent
2838 2190 3155 2253 elementa
3196 2190 3332 2253 sive
3375 2209 3475 2254 ae-

1984 2293 2110 2355 rios
2153 2292 2492 2356 deamones,

2062 2391 2366 2454 Praeterea
2415 2389 2692 2450 breviter
2746 2387 3301 2470 perstringendum
3349 2388 3477 2451 exi—

1983 2490 2195 2564 stim0,
2247 2489 2519 2570 qualiter
2570 2487 2704 2569 jam
2762 2486 3025 2568 praefata
3082 2487 3475 2551 curiosarum

1983 2607 2197 2650 rerum
2247 2587 2473 2650 notitia
2522 2604 2649 2649 non
2690 2585 2951 2668 perierit
2994 2585 3060 2647 in
3102 2585 3363 2662 diluvio,
3408 2587 3479 2648 li-

1983 2694 2082 2749 cet
2130 2686 2252 2749 hoc
2312 2703 2436 2748 non
2497 2685 2775 2766 postulet
2826 2692 3053 2748 vestrae
3110 2684 3477 2767 quaestionis

1983 2785 2238 2859 solutio,
2290 2784 2441 2866 quia
2489 2783 2766 2845 narratio
2823 2782 2943 2846 ista
3000 2783 3239 2864 praebet
3291 2782 3476 2846 nobis

1980 2883 2382 2946 occasionem
2416 2883 2479 2944 id
2516 2881 3001 2963 perstringendi.
3038 2880 3251 2962 ltaque
3283 2899 3479 2962 quan-

1982 2990 2120 3044 tum
2154 2981 2433 3063 antiquae
2473 2980 2696 3042 dicunt
2732 2978 3033 3052 historiae,
3069 2978 3264 3041 Cham
3298 2977 3476 3041 filius

370 3075 645 3138 scientia
711 3074 835 3137 sibi
894 3093 932 3136 a
999 3075 1130 3138 suis
1199 3076 1550 3157 majoribus
1616 3079 1865 3152 tradita,
1908 3076 1951 3139 C
1979 3079 2132 3152 Noe,
2180 3078 2467 3140 imbutus
2508 3075 3068 3159 superstitionibus
3108 3076 3247 3139 istis
3285 3084 3349 3139 et
3384 3097 3479 3140 sa-

368 3193 562 3255 quam
615 3173 864 3255 primus
913 3173 1126 3248 homo,
1177 3174 1288 3256 qui
1339 3183 1482 3257 post
1541 3176 1869 3239 universa-

371 3291 512 3334 rum
545 3279 920 3334 naturarum
964 3271 1431 3335 institutionem
1473 3291 1619 3336 mox
1659 3275 1873 3337 condi-

370 3377 472 3432 tus
511 3376 633 3442 est,
673 3369 882 3451 potuit
920 3370 1250 3432 evidenter
1287 3372 1618 3453 attingere,
1657 3379 1720 3435 et
1765 3391 1872 3455 po-

369 3469 554 3532 steris
617 3467 752 3530 suis
810 3475 982 3531 certa
1042 3469 1284 3532 ratione
1343 3469 1632 3532 conferre
1681 3479 1870 3553 atque

369 3566 735 3649 relinquere
770 3585 784 3628 :
819 3568 1058 3650 quippe
1102 3568 1210 3648 qui
1251 3568 1495 3630 viderat
1537 3569 1868 3632 infantiam

371 3685 486 3728 seu
543 3666 980 3747 inceptionem
1031 3666 1251 3728 mundi
1301 3666 1510 3729 adhuc
1562 3674 1867 3741 teneram,

371 3765 597 3827 rudem
657 3770 722 3826 et
777 3764 1244 3846 quodammodo
1302 3765 1741 3848 palpitantem.
1802 3768 1869 3829 ln

372 3881 501 3944 quo
527 3863 726 3925 etiam
767 3861 890 3924 fuit
926 3880 1054 3925 non
1095 3863 1302 3925 solum
1343 3871 1517 3926 tanta
1545 3865 1872 3946 sapientiae

373 3961 728 4042 plenitudo,
762 3961 874 4023 sed
916 3961 1108 4022 etiam
1150 3961 1350 4042 gratia
1397 3963 1746 4044 prophetiae
1795 3983 1870 4026 ex

373 4057 592 4121 divina
649 4058 1064 4140 inspiratione
1125 4059 1462 4134 transfusa,
1525 4068 1594 4122 ut
1653 4080 1872 4124 recens

373 4157 582 4218 adhuc
632 4155 1022 4218 inhabitator
1071 4157 1291 4219 mundi
1338 4158 1694 4240 imponeret
1739 4161 1874 4222 uni-

1983 3177 2238 3258 crilegis
2271 3175 2683 3258 profanisque
2712 3173 2977 3250 artibuS,
3010 3175 3219 3238 sciens
3248 3194 3316 3237 se
3347 3194 3475 3239 non

1982 3294 2168 3358 posse
2219 3293 2437 3337 secum
2498 3273 2565 3334 in
2622 3292 2833 3336 arcam
2886 3281 3136 3355 portare
3193 3273 3473 3356 aliquem

1983 3373 2221 3436 librum
2270 3372 2491 3434 talium
2541 3373 2774 3433 artium
2820 3372 3279 3446 memorialem,
3325 3372 3477 3454 quia

1983 3491 2128 3535 cum
2165 3472 2341 3553 justo
2383 3478 2561 3552 patre
2605 3489 2678 3532 ac
2724 3471 2960 3534 sanctis
3008 3469 3313 3534 fratribus
3352 3471 3479 3534 fuit

1983 3571 2333 3633 intraturus
2383 3569 2450 3631 in
2498 3587 2732 3642 arcam,
2786 3569 3056 3652 sculpsit
3106 3570 3475 3651 hujusmodi

1983 3678 2148 3732 artes
2204 3669 2271 3731 in
2330 3667 2597 3730 diversis
2659 3667 2931 3729 metallis
2989 3668 3477 3750 durissimisque

1985 3767 2305 3849 lapidibus
2346 3786 2487 3848 quae
2528 3765 2849 3848 corrumpi
2891 3783 3019 3828 non
3057 3774 3348 3848 poterant
3386 3768 3479 3829 in-

1984 3866 2327 3928 undatione
2367 3884 2695 3947 aquarum.
2731 3865 2985 3928 Peracto
3023 3883 3277 3947 quoque
3315 3867 3478 3928 dilu—

1983 3965 2110 4039 vi0‚
2151 3964 2263 4026 illa
2310 3963 2526 4027 omnia
2572 3962 2907 4045 requisivit
2952 3964 3173 4026 eadem
3220 3963 3479 4028 curiosi-

1984 4072 2110 4127 tate
2149 4083 2276 4146 qua
2314 4081 2388 4125 ea
2427 4061 2865 4144 absconderat,
2898 4070 2960 4126 et
3000 4062 3087 4124 ita
3126 4063 3477 4125 transmisit

1983 4164 2062 4226 ad
2111 4170 2396 4244 posteros
2442 4161 2855 4224 seminarium
2905 4161 3203 4243 perennis
3251 4162 3474 4244 nequi-

375 4255 577 4316 versis
607 4253 994 4316 animalibus
1025 4255 1325 4336 nomina3
1365 4275 1485 4318 nec
1515 4258 1720 4320 solum
1752 4259 1875 4321 dis·
1903 4260 1953 4322 D
1985 4262 2106 4324 tiae.
2159 4261 2290 4323 Hoc
2352 4260 2562 4342 itaque
2622 4260 2810 4322 modo
2864 4260 3174 4322 veraciter
3232 4259 3473 4323 factum

375 4359 666 4414 cerneret
723 4359 787 4414 et
842 4353 1140 4415 distincte
1200 4362 1605 4435 cognosceret
1659 4357 1873 4418 omnia

374 4469 608 4532 genera
665 4449 1016 4514 bestiarum
1074 4458 1264 4533 atque
1333 4454 1747 4535 serpentium,
1808 4463 1872 4518 et

375 4549 551 4612 virus
590 4567 666 4611 ac
705 4548 952 4610 furores
992 4566 1236 4623 eorum,
1270 4551 1380 4613 sed
1409 4552 1677 4615 virtutes
1717 4572 1870 4635 quo-

375 4667 500 4729 que
531 4646 876 4710 herbarum
917 4666 990 4708 ac
1027 4646 1328 4710 arborum
1367 4657 1749 4733 naturasque
1791 4652 1871 4714 la-

378 4746 624 4827 pidum,
674 4753 739 4808 et
784 4745 1258 4808 vicissitudines
1309 4755 1668 4829 temporum
1720 4767 1872 4812 non-

375 4845 530 4907 dum
559 4852 969 4926 expertorum
999 4843 1330 4918 divideret,
1350 4845 1437 4907 ita
1466 4847 1636 4928 quod
1665 4849 1872 4930 potuit

377 4941 732 5005 efficaciter
757 4941 970 5004 dicere
999 4959 1014 5004 t
1048 4940 1355 5004 Dominus
1384 4944 1558 5006 dedit
1589 4945 1745 5008 mihi
1777 4964 1874 5010 eo·

380 5061 522 5105 rum
563 5061 706 5124 quae
745 5048 896 5103 sunt
934 5041 1268 5104 scientiam
1303 5061 1542 5116 veram,
1575 5051 1643 5106 ut
1673 5045 1870 5108 sciam

379 5139 831 5222 dispositiones
888 5139 1062 5202 orbis
1121 5147 1434 5203 terrarum
1495 5149 1554 5204 et
1605 5143 1871 5207 virtutes

379 5239 865 5311 elementorum,
927 5237 1184 5302 initium
1247 5247 1311 5302 et
1376 5242 1872 5305 consummatio-

383 5357 530 5401 nem
579 5355 652 5400 ac
698 5336 1102 5400 medietatem
1141 5347 1524 5421 temporum,
1558 5339 1874 5403 vicissitu-

1115 5631 1142 5652 Ο

1983 4369 2078 4422 est
2128 4360 2299 4442 quod
2347 4359 2519 4440 vulgi
2580 4358 2797 4439 opinio
2856 4359 3057 4421 credit
3103 4358 3341 4422 factum
3392 4359 3472 4422 ab

1982 4457 2247 4539 angeliS,
2282 4463 2509 4539 putans
2542 4455 2839 4519 videlicet
2877 4458 3047 4539 quod
3080 4459 3285 4539 angeli
3322 4460 3473 4521 mali

1982 4554 2361 4618 tradiderint
2396 4553 2765 4616 hominibus
2805 4563 2970 4618 artes
3012 4556 3361 4638 praedictas.

2062 4653 2350 4735 Denique
2380 4653 2457 4714 de
2488 4653 2615 4715 illis
2646 4653 2801 4716 filiis
2832 4655 2981 4717 Seth
3015 4656 3313 4720 admixtis
3346 4658 3473 4721 fili-

1979 4753 2138 4816 abus
2179 4752 2537 4826 hominum,
2572 4753 2882 4833 procreati
2920 4761 3067 4816 sunt
3097 4753 3219 4817 filii
3255 4757 3473 4838 nequi-

1980 4870 2143 4924 oreS‚
2189 4851 2301 4933 qui
2350 4849 2609 4912 fuerunt
2650 4850 3074 4913 robustissimi
3118 4861 3467 4929 venatoreS,

1980 4949 2429 5014 violentissimi
2476 4968 2549 5011 ac
2594 4950 3119 5014 truculentissimi
3166 4952 3311 5026 viri,
3358 4955 3468 5035 qui

1981 5056 2045 5111 et
2082 5047 2367 5131 gigantes
2406 5048 2612 5111 vocati
2651 5056 2799 5110 sunt
2835 5059 3094 5132 propter
3131 5069 3467 5133 corporum
3514 5067 3755 5119 Gemma

1983 5165 2245 5210 suorum
2294 5164 2622 5209 enormem
2680 5155 3005 5224 staturam,
3055 5157 3164 5212 aut
3214 5158 3473 5233 propter

1983 5244 2375 5308 crudelitatis
2424 5251 2486 5307 et
2527 5245 2783 5310 malitiae
2829 5267 2959 5311 suae
3002 5267 3349 5311 excessum.
3395 5249 3470 5311 Hi

1983 5343 2195 5428 primo
2220 5351 2549 5426 coeperunt
2575 5343 2885 5408 finitimos
2915 5363 3062 5409 suos
3087 5346 3470 5430 depopulari,
