4359 6267
879 479 960 543 ²6
1789 498 1868 544 DE
1911 497 2241 544 INSTITUTIS
2283 498 2369 544 SS.
2404 498 2665 543 mmm.
2706 514 2789 526 —
2827 498 3003 543 LIBER
3044 499 3087 543 n

880 665 1034 728 bant
1079 666 1304 728 diebus
1350 684 1423 727 ac
1467 663 1784 737 noctibus,
1819 664 1986 747 quod
2032 682 2150 725 nec
2194 681 2383 745 appe·
2408 662 2461 725 A
2492 662 2610 725 bus
2658 664 2855 727 moris
2902 672 3019 739 est,
3060 673 3127 727 et
3167 665 3260 728 eis
3310 665 3376 727 in
3418 665 3612 728 verba
3654 666 3988 747 psallentis

881 764 1037 825 titus
1085 782 1294 846 neque
1346 763 1651 825 memoria
1699 780 2009 831 escarum,
2057 760 2380 823 defectum

882 862 1168 944 corporis
1200 861 1658 924 demonstravit
1691 861 1755 921 in
1787 860 1901 933 eiS,
1935 859 2060 921 nisi
2100 860 2380 921 secundo

881 968 992 1021 aut
1041 960 1227 1022 tertio
1275 961 1414 1037 die;
1462 958 1680 1021 cibum
1729 976 1984 1039 quoque
2033 976 2107 1019 ac
2158 965 2380 1039 potum

881 1076 1012 1120 non
1050 1077 1128 1119 ex
1160 1057 1496 1130 desiderio,
1529 1056 1641 1118 sed
1680 1074 1757 1117 ex
1799 1056 2175 1117 necessitate
2215 1074 2383 1115 sum-

887 1162 1173 1237 pserunt,
1199 1163 1261 1217 et
1292 1173 1415 1217 non
1448 1153 1573 1215 nisi
1605 1161 1746 1235 post
1775 1153 1926 1216 solis
1957 1169 2279 1227 occasum,
2311 1160 2383 1213 ut

883 1264 1137 1336 tempus
1176 1253 1302 1316 diei
1341 1272 1414 1315 ac
1453 1252 1615 1315 lucis
1655 1252 1969 1315 sociarent
2008 1270 2153 1313 cum
2197 1251 2381 1332 spiri—

882 1353 1153 1415 tualium
1186 1351 1670 1414 meditationum
1703 1349 2381 1423 studiiS,refectionem

883 1469 1034 1513 vero
1085 1468 1432 1531 curamque
1482 1449 1766 1531 corporis
1816 1466 1964 1509 cum
2013 1455 2217 1511 nocte.
2262 1447 2383 1509 Sed

887 1556 950 1611 et
980 1549 1106 1611 alia
1146 1548 1349 1610 multo
1378 1547 1478 1609 his
1509 1546 1886 1608 sublimiora
1923 1543 2330 1627 perfecerunt
2366 1562 2379 1605 ε

887 1647 964 1709 de
1004 1646 1239 1729 quibus
1284 1664 1362 1707 ex
1404 1644 1834 1707 ecclesiastica
1873 1643 2138 1705 historia
2176 1650 2384 1724 potest

886 1744 1124 1817 doceri,
1159 1744 1267 1826 qui
1316 1761 1393 1805 ex
1441 1742 1881 1823 indigenarum
1930 1741 2236 1803 relatione
2278 1758 2383 1801 ve-

887 1842 1143 1904 ritatem
1187 1841 1400 1903 minus
1443 1840 1717 1921 agnovit.

952 1940 1040 2002 Eo
1066 1939 1259 2019 igitur
1284 1947 1588 2019 tempore,
1602 1956 1802 2019 quum
1832 1935 2140 2018 perfectio
2171 1934 2387 2017 primi-

888 2038 1032 2100 tivae
1064 2036 1364 2099 Ecclesiae
1395 2036 1460 2098 in
1491 2034 1968 2097 successoribus
2006 2034 2138 2095 suis
2176 2034 2385 2095 adhuc

887 2136 1129 2198 recenti
1177 2135 1406 2199 Christi
1467 2133 1776 2197 memoria
1822 2134 2076 2195 duraret
2128 2131 2388 2194 inviola-

890 2241 972 2307 ta,
1009 2241 1071 2295 et
1112 2233 1366 2296 fervens
1407 2249 1759 2314 paucorum
1797 2230 1959 2293 fides
2003 2231 2277 2293 necdum
2319 2229 2384 2290 in

891 2332 1124 2394 multos
1165 2331 1452 2412 dispersa
1481 2329 1814 2411 tepuisset,
1849 2328 2244 2391 venerabiles
2282 2328 2388 2389 Pa-

889 2438 1016 2492 tres
1050 2428 1320 2510 posteris
1353 2427 1782 2509 providenteS,
1803 2432 2237 2489 convenerunt
2269 2433 2388 2486 tra-

891 2527 1114 2590 ctaturi
1148 2527 1292 2609 quis
1326 2526 1551 2588 modus
1584 2526 1649 2586 in
1680 2524 2050 2607 quotidiano
2073 2524 2185 2586 Dei
2216 2525 2390 2587 obse-

891 2626 1043 2709 quio
1084 2624 1398 2687 universis
1443 2623 1765 2685 Fratribus
1814 2622 2060 2704 praefigi
2103 2622 2383 2697 deberet,

892 2732 963 2785 ut
1002 2723 1419 2785 hereditatem
1468 2720 1722 2803 pietatis
1764 2728 1826 2783 et
1866 2720 2041 2802 pacis
2085 2720 2166 2782 ab
2210 2721 2385 2783 omni

891 2820 1306 2885 dissensionis
1350 2819 1460 2882 lite
1504 2819 1860 2881 absolutam
1909 2818 2386 2881 successoribus

891 2920 1024 2982 suis
1067 2918 1570 2982 transmitterent
1605 2936 1618 2981 :
1654 2924 2008 2979 metuentes
2053 2936 2133 2978 ne
2175 2916 2389 2996 aliqua

2420 1839 2467 1901 B

2492 779 2638 823 cum
2678 762 2854 823 omni
2896 763 3103 825 cordis
3152 764 3500 826 attentione
3548 764 3798 837 defixis,
3842 784 3993 827 can-

2492 867 2683 921 tasset
2715 861 3015 923 undecim
3046 862 3324 943 psalmos
3354 863 3713 925 orationum
3743 864 3992 925 admix-

2490 956 2665 1019 tione
2696 958 3027 1021 distinctos
3067 960 3203 1041 pari
3247 960 3761 1041 pronuntiatione
3792 963 3994 1023 versi-

2494 1054 2741 1137 busque
2784 1056 3126 1131 continuiS,
3171 1058 3619 1121 duodecimum
3668 1058 3991 1140 psalmum

2493 1152 2613 1214 sub
2684 1154 2955 1216 Alleluia
3026 1156 3439 1237 responsione
3511 1174 3991 1231 consummanS,

2492 1250 2574 1312 ab
2604 1251 3049 1314 universorum
3090 1254 3295 1315 oculis
3336 1262 3595 1335 repente
3633 1255 3989 1336 disparens,

2494 1348 2828 1430 quaestioni
2872 1359 2934 1411 et
2973 1351 3356 1413 caerimoniis
3400 1352 3593 1413 simul
3636 1351 3836 1415 finem
3875 1354 3995 1415 im-

2495 1445 2726 1526 posuit.

2903 1690 3405 1755 CAPITULUM
3468 1692 3582 1755 VI.

2783 1839 2867 1893 De
2916 1841 3347 1895 consuetudine
3396 1841 3709 1897 duodecim

3064 1930 3430 1985 orationum.

2631 2130 2681 2191 X
2732 2130 2852 2193 hoc
2900 2132 3282 2195 venerabilis
3336 2136 3590 2197 Patrum
3642 2144 3993 2198 conventus

2650 2228 3007 2310 intelligens
3036 2232 3396 2310 generalem
3424 2233 3707 2313 regulam
3738 2250 3995 2313 congre-

2497 2325 2824 2405 gationum
2874 2328 3196 2390 Fratribus
3250 2331 3658 2392 constitutam
3706 2330 3992 2413 angelico

2499 2423 2861 2503 magisterio
2890 2442 3017 2487 non
3051 2425 3292 2507 absque
3325 2428 3723 2491 ordinatione
3751 2428 3989 2501 divina,

2499 2522 2781 2583 decrevit
2817 2541 3161 2585 numerum
3204 2524 3395 2586 istum
3436 2526 3827 2607 psalmorum
3860 2535 3989 2589 tam

2503 2618 2565 2680 in
2606 2620 2986 2700 vespertinis
3028 2640 3221 2703 quam
3265 2622 3331 2684 in
3371 2624 3698 2687 nocturnis
3741 2623 3991 2688 Officiis

2500 2734 2638 2778 esse
2686 2717 3191 2781 custodiendum.
3243 2720 3485 2793 Quibus
3534 2722 3689 2784 duas
3737 2722 3993 2785 addide-

2500 2821 2649 2875 runt
2713 2814 3036 2888 lectioneS‚
3092 2835 3281 2879 unam
3341 2820 3573 2881 veteris
3627 2820 3993 2883 Testamen-

2501 2911 2570 2985 ti,
2615 2911 2805 2973 aliam
2854 2913 3026 2986 novi,
3072 2920 3374 2995 tanquam
3421 2936 3460 2978 a
3508 2936 3575 2979 se
3623 2918 3881 2981 traditas
3930 2926 3995 2981 et

889 3016 1280 3079 dissonantia
1317 3023 1426 3076 aut
1455 3015 1724 3077 varietas
1764 3016 1830 3076 in
1859 3013 2246 3095 quotidianis
2278 3012 2387 3075 ob·
2419 3010 2463 3073 C
2500 3009 3047 3083 extraordinarias,
3097 3018 3167 3071 ut
3209 3012 3494 3075 volentes
3541 3015 3783 3077 Fratres
3833 3015 3993 3078 divi-

890 3114 1129 3196 sequiis
1181 3114 1346 3175 inter
1394 3113 1564 3175 viros
1613 3112 1902 3192 ejusdem
1953 3109 2277 3191 religionis
2326 3117 2389 3172 et

891 3213 1102 3274 cultus
1141 3219 1378 3285 exorta,
1413 3211 1667 3272 tandem
1712 3210 1776 3270 in
1819 3215 2101 3290 posteros
2141 3208 2388 3269 emitte-

893 3318 988 3373 ret
1035 3328 1298 3390 germen
1358 3307 1590 3371 erroris
1639 3307 1741 3369 vel
1799 3305 2222 3369 aemulationis
2280 3312 2389 3366 aut

893 3406 1273 3469 schismatis.
1309 3407 1645 3485 Quumque
1686 3404 2125 3485 unusquisque
2165 3422 2390 3465 secun-

893 3507 1047 3567 dum
1085 3523 1273 3567 suum
1307 3503 1645 3575 fervorem,
1681 3502 2018 3563 immemor
2049 3500 2389 3562 infirmita-

894 3604 977 3664 tis
1023 3602 1266 3675 alienae,
1310 3602 1375 3664 id
1419 3599 1843 3663 ordinandum
1892 3606 2179 3661 censeret
2219 3598 2389 3680 quod

893 3700 1074 3782 juxta
1108 3698 1305 3762 fidem
1349 3717 1529 3761 suam
1571 3717 1645 3759 ac
1676 3697 2114 3759 fortitudinem
2146 3696 2391 3776 judica-

895 3798 1002 3859 bat
1049 3798 1453 3870 facillimum,
1508 3814 1731 3878 parum
1782 3795 2188 3857 considerans
2236 3794 2390 3876 quid

899 3895 1295 3958 universitati
1327 3896 1614 3956 Fratrum
1645 3893 2023 3974 generaliter
2053 3901 2219 3955 esset
2254 3910 2392 3973 pos-

895 3994 1103 4069 sibile,
1140 3994 1206 4054 in
1245 4012 1370 4075 qua
1413 3991 1822 4054 universitate
1869 3992 2070 4071 major
2113 4010 2257 4072 pars
2298 3998 2391 4053 est

896 4091 1192 4170 infirma3
1228 4091 1709 4153 immoderatam
1748 4089 2140 4170 psalmorum
2182 4089 2394 4150 multi-

893 4192 1183 4254 tudinem
1242 4188 1502 4270 quidam
1562 4186 1974 4248 instituerunt
2032 4187 2389 4261 dicendam,
2423 4192 2472 4253 D

894 4288 1247 4350 secundum
1297 4286 1494 4347 animi
1545 4284 1644 4347 sui
1689 4284 2012 4347 virtutem.
2055 4285 2392 4366 Quumque

894 4385 1004 4448 alii
1052 4384 1536 4467 quinquaginta,
1579 4382 1687 4444 alii
1738 4382 2082 4462 sexaginta,
2131 4383 2239 4444 alii
2288 4403 2394 4444 au-

895 4493 1028 4547 tem
1070 4484 1278 4545 adhuc
1327 4481 1542 4562 plures
1588 4480 1864 4562 psalmos
1909 4499 2046 4542 esse
2089 4480 2391 4543 dicendos

897 4588 1271 4654 assererent,
1315 4586 1607 4661 essetque
1655 4579 1820 4640 inter
1863 4596 1969 4641 eos
2018 4597 2134 4660 pro
2177 4580 2395 4660 regula

902 4678 1224 4760 religionis
1265 4684 1482 4739 sancta
1520 4676 1852 4738 diversitas
1893 4675 2014 4757 piae
2050 4678 2394 4740 contentio-

903 4779 1026 4853 niS‚
1069 4778 1158 4839 ita
1200 4783 1270 4837 ut
1311 4784 1565 4856 tempus
1608 4773 1955 4855 vespertini
1999 4774 2213 4837 Officii
2253 4776 2396 4855 jun-

903 4884 1157 4958 geretur
1203 4872 1642 4937 sacratissimae
1690 4872 2074 4954 quaestioni3
2124 4873 2395 4935 volenti-

905 4977 1025 5039 bus
1066 4975 1159 5036 eis
1197 4972 1600 5055 quotidianos
1639 4970 1998 5033 orationum
2030 4972 2250 5033 modos
2291 4991 2395 5034 ex-

903 5073 1172 5144 solvere,
1205 5090 1370 5133 unus
1419 5069 1694 5131 surrexit
1743 5068 1810 5130 in
1860 5069 2070 5131 medio
2119 5070 2395 5151 psalmos

905 5172 1174 5235 Domino
1217 5174 1600 5231 cantaturus
1650 5167 1984 5248 Quumque
2028 5168 2397 5231 sedentibus

907 5268 1176 5341 cunctiS,
1219 5273 1290 5327 ut
1333 5283 1503 5327 nunc
1554 5283 1754 5346 usque
1799 5264 1863 5325 in
1909 5265 2156 5347 AEgypti
2207 5266 2398 5347 parti-

2502 3126 2726 3168 narum
2781 3107 3251 3190 Scripturarum
3305 3112 3703 3192 possiderent
3756 3132 3995 3177 memo·

2503 3204 2684 3278 riam,
2720 3211 2782 3266 et
2811 3206 3065 3268 assidua
3105 3208 3516 3272 meditatione
3555 3219 3745 3293 atque
3787 3213 3995 3293 pervi-

2501 3302 2613 3382 gili
2662 3303 2991 3384 diligentia
3038 3305 3365 3367 studerent
3414 3308 3479 3369 in
3527 3309 3638 3371 eis.
3691 3309 3877 3373 Porro
3928 3311 3995 3371 in

2501 3399 2762 3463 sabbato
2805 3408 2867 3462 et
2914 3402 3016 3464 die
3064 3404 3383 3466 dominica
3430 3413 3729 3489 utrasque
3778 3408 3995 3471 lectio-

2501 3516 2614 3559 nes
2646 3499 2723 3560 de
2754 3516 2917 3561 novo
2949 3500 3214 3562 recitant
3243 3502 3662 3578 Testamento,
3696 3506 3995 3568 videlicet

2503 3614 2696 3658 unam
2746 3597 2823 3659 de
2867 3597 3168 3679 Apostolo
3217 3600 3317 3662 vel
3364 3601 3625 3665 Actibus
3669 3604 3997 3685 Apostolo-

2504 3714 2668 3768 rum,
2694 3696 2771 3757 de
2802 3696 3160 3777 Evangeliis
3190 3698 3399 3761 aliam.
3434 3701 3609 3774 Quod
3638 3702 3830 3764 etiam
3858 3721 3995 3766 om-

2505 3791 2693 3853 nibus
2752 3792 2977 3855 diebus
3025 3794 3572 3878 Quinquagesimae
3630 3798 3873 3861 faciunt
3927 3802 3998 3863 hi

2505 3889 2739 3970 quibus
2798 3910 2949 3952 cura
3006 3900 3102 3953 est
3162 3894 3450 3957 lectionis
3507 3904 3616 3957 aut
3674 3898 4000 3962 memoriae

2506 3987 2995 4068 Scrip'turarum.

2821 4279 3429 4345 CAPITULUM
3505 4283 3679 4347 VII.

2882 4456 2967 4511 De
3003 4455 3341 4526 disciplina
3375 4458 3615 4513 orandi.

2655 4677 2757 4740 AS
2794 4695 2943 4758 ergo
2984 4678 3315 4759 praedictas
3354 4682 3667 4745 orationes
3706 4686 3799 4747 sic
3843 4686 4001 4749 inci-

2678 4776 2863 4857 piunt
2906 4782 2969 4837 et
3013 4786 3479 4852 consummant,
3524 4788 3594 4841 ut
3637 4784 3883 4863 psalmo
3922 4784 4004 4847 fi-

2506 4874 2641 4936 nito
2664 4892 2791 4936 non
2820 4874 3035 4936 statim
3066 4892 3273 4954 genua
3302 4875 4006 4961 flectant,quemadmo-

2506 4972 2661 5032 dum
2708 4971 2773 5033 in
2822 4972 3078 5051 regione
3121 4972 3240 5034 hac
3284 4972 3528 5036 faciunt
3571 4976 3853 5057 quidam,
3888 4983 3999 5062 qui

2509 5070 2753 5151 psalmo
2792 5071 3065 5132 necdum
3102 5070 3264 5134 bene
3298 5071 3507 5147 finito,
3540 5076 3620 5136 ad
3649 5078 3999 5142 orationem

2508 5167 2812 5229 festinant
2842 5168 3281 5249 procumbere,
3310 5172 3387 5232 ad
3427 5172 3816 5237 celeritatem
3849 5178 3998 5239 mis-

2509 5285 2594 5328 sae
2652 5266 3027 5347 quantocius
3090 5275 3521 5348 properantes
3586 5271 3780 5352 Cujus
3842 5275 3995 5339 dum
