4359 6267
952 526 1368 574 COLLATmNUn
1409 528 1494 572 SS.
1531 526 1772 572 PATRUM
1814 525 1991 572 LIBER
2031 526 2093 571 II.
2139 544 2220 553 ·-·
2261 525 2545 572 coLLATlo
2586 527 2737 571 XVIII
3271 501 3388 566 351

327 700 559 782 quirens
618 716 746 762 non
809 699 1050 780 absque
1108 697 1533 760 commotione
1590 695 1788 758 animi
1819 694 1871 756 A

326 800 430 871 sui,
460 819 651 880 quum
680 798 1041 880 agnovisset
1071 799 1496 860 honestiorem
1533 797 1788 858 viduam

325 897 498 960 fuisse
527 898 732 960 datam
765 898 860 959 illi
894 905 1218 970 matronae,
1250 897 1550 978 praecepit
1583 895 1792 958 occul-

327 1005 378 1057 te
413 1005 474 1057 ut
503 997 848 1059 traderetur
884 997 946 1058 ei
986 1015 1113 1058 una
1155 995 1309 1057 alias
1349 1012 1570 1058 omnes
1614 1012 1791 1056 exce-

324 1095 458 1156 dens
495 1095 556 1156 in
597 1095 902 1176 nequitia,
937 1094 1050 1168 ira,
1085 1081 1261 1167 rixis,
1296 1092 1621 1165 violentia,
1655 1111 1792 1154 ver-

323 1193 562 1255 bositate
590 1201 653 1255 et
682 1193 979 1268 vanitate,
1014 1212 1156 1274 quae
1186 1191 1500 1254 dominari
1531 1189 1788 1253 feminis

323 1291 518 1353 solent.

389 1389 704 1472 Quumque
747 1391 923 1452 illam
971 1389 1345 1452 malevolam
1391 1389 1593 1450 multo
1636 1387 1789 1449 faci-

323 1486 426 1548 lius
459 1488 776 1550 inventam
812 1487 1162 1570 accepisset
1193 1488 1258 1550 in
1290 1488 1500 1561 domo,
1525 1486 1787 1549 servivit

319 1585 367 1646 ei
421 1593 540 1647 tam
598 1585 959 1666 diligenter,
1022 1594 1130 1648 aut
1188 1585 1381 1648 etiam
1441 1585 1786 1646 studiosius

319 1702 486 1763 quam
541 1683 758 1765 priori,
809 1692 1000 1765 atque
1048 1701 1163 1766 pro
1211 1683 1402 1744 tantis
1460 1682 1786 1763 obsequiis

319 1781 394 1842 nil
447 1782 611 1844 aliud
673 1781 1024 1863 recipiebat
1070 1781 1151 1843 ab
1201 1800 1274 1843 ea
1327 1781 1449 1842 nisi
1499 1781 1784 1842 assiduas

2300 753 2805 816 CAPITULUM
2847 752 2996 816 XV.

2118 905 2204 959 De
2250 900 2523 974 exemplo
2564 902 2889 973 patientioe
2934 901 3177 958 abbatis

2469 992 2825 1063 Paplmutii.

2040 1191 2190 1255 UNC
2239 1191 2411 1254 aliud
2460 1191 2809 1254 referamus
2857 1189 3247 1272 exemplum,
3288 1189 3393 1251 ab·

2058 1290 2221 1352 hatis
2254 1291 2614 1372 paphnutii,
2643 1289 2754 1371 qui
2791 1296 2964 1350 tanto
2996 1288 3233 1350 affectu
3269 1296 3396 1350 stu-

1901 1387 2134 1470 dioque
2184 1407 2436 1470 semper
2497 1388 2729 1450 resedit
2778 1387 2843 1448 in
2903 1386 3162 1449 secretis
3223 1386 3395 1447 illius

1902 1486 2167 1567 insignis
2198 1494 2261 1548 et
2290 1486 2529 1567 ubique
2572 1485 2994 1568 praedicabilis
3035 1484 3397 1546 solitudinis

1899 1585 2136 1666 Scythi,
2160 1585 2225 1647 in
2256 1605 2381 1666 qua
2411 1605 2582 1648 nunc
2613 1584 2943 1667 presbyter
2970 1590 3087 1656 est,
3104 1589 3173 1644 ut
3204 1583 3396 1644 ceteri

1899 1683 2294 1746 anachoretae
2338 1683 2760 1766 imposuerint
2801 1683 2861 1744 ei
2906 1681 3128 1744 Bubali
3173 1699 3399 1763 cogno-

1900 1790 2210 1855 mentum,
2245 1799 2319 1844 eo
2359 1782 2527 1862 quod
2572 1780 2913 1843 solitudine
2954 1799 3207 1862 semper
3245 1799 3396 1861 gau-

318 1878 580 1959 injurias,
643 1880 1187 1962 exprobrationeS,
1262 1879 1558 1942 convitia.
1624 1878 1781 1940 Nam
1821 1877 1869 1940 B
1897 1881 2074 1942 deret
2122 1879 2437 1942 desiderio
2492 1879 2766 1961 quodam
2825 1878 3131 1959 ingenito,
3185 1886 3253 1939 ut
3303 1878 3397 1939 sic

319 1978 569 2058 pessima
633 1979 745 2042 illa
812 1987 1114 2042 matronae
1173 1997 1240 2040 se
1298 1986 1426 2040 tam
1497 1977 1782 2060 piissime

318 2075 597 2140 refoventi
635 2077 876 2159 objecit
905 2097 1054 2140 cum
1092 2077 1523 2159 increpatione
1562 2084 1624 2138 et
1655 2095 1784 2137 ma-

317 2173 626 2238 ledictione
675 2175 1062 2257 frequenti':
1117 2175 1462 2258 poposcisti
1517 2193 1639 2248 me,
1693 2174 1783 2235 in-

313 2272 538 2352 quiens,
587 2274 668 2335 ab
728 2275 1030 2357 episcopo
1088 2292 1216 2336 non
1279 2274 1357 2335 ad
1420 2292 1636 2336 meum
1691 2292 1784 2334 re-

315 2371 640 2451 frigerium,
693 2374 802 2435 sed
873 2375 1071 2454 magis
1138 2373 1216 2436 ad
1283 2373 1659 2446 cruciatum,
1723 2379 1784 2434 ct

313 2470 664 2533 transtulisti
710 2490 811 2533 me
851 2472 929 2533 de
969 2472 1190 2554 requie
1227 2472 1307 2533 ad
1350 2470 1630 2533 laborem
1675 2489 1783 2552 po-

311 2567 424 2629 tius
477 2588 662 2650 quam
723 2577 998 2633 econtra.
1053 2571 1388 2652 Quumque
1445 2569 1782 2632 assiduitas

305 2665 638 2747 jurgiorum
681 2686 757 2731 eo
804 2687 1003 2750 usque
1048 2676 1489 2750 prorumperet
1531 2677 1602 2729 ut
1644 2687 1784 2750 pro-

1899 1979 2140 2060 loquar.

1994 2076 2110 2149 Qui
2162 2096 2361 2158 quum
2425 2076 2491 2138 in
2549 2075 2823 2157 pueritia
2884 2093 2997 2136 sua
3054 2081 3243 2136 tantae
3300 2091 3395 2135 es-

1897 2183 1993 2237 set
2040 2175 2295 2237 virtutis
2348 2184 2411 2237 et
2459 2175 2695 2256 gratiae,
2750 2181 2818 2235 ut
2866 2173 3059 2236 etiam
3108 2171 3395 2254 praeclari

1897 2292 1969 2337 ac
2014 2273 2250 2334 summi
2296 2272 2418 2335 viri
2472 2273 2852 2334 mirarentur
2896 2271 3266 2351 gravitatem
3309 2277 3397 2332 at-

1895 2391 2020 2454 que
2054 2372 2452 2434 immobilem
2485 2371 2902 2434 constantiam
2933 2370 3095 2451 ejus,
3115 2388 3397 2452 exaequa-

1895 2479 2162 2552 rentque
2212 2491 2359 2534 eum
2410 2469 2793 2541 senioribuS,
2841 2469 3085 2531 meritis
3135 2487 3394 2530 suarum

1895 2569 2229 2644 virtutum,
2276 2569 2568 2652 quamvis
2620 2569 2827 2630 minor
2874 2574 3040 2629 esset
3088 2573 3290 2640 aetate‚
3332 2573 3395 2627 et

1894 2687 2041 2729 eum
2100 2687 2216 2731 suo
2269 2667 2473 2730 ordini
2534 2665 3121 2729 connumerandum
3176 2683 3390 2726 cense-

309 2783 413 2826 cax
457 2774 514 2826 et
561 2767 804 2847 ingrata
863 2766 1092 2828 mulier
1147 2766 1256 2828 illa
1304 2766 1495 2829 etiam
1558 2785 1780 2828 manus
1895 2774 2055 2840 rent,
2107 2766 2269 2828 livor
2316 2765 2427 2846 qui
2487 2765 2763 2827 fraterna
2821 2764 3009 2826 corda
3066 2762 3390 2843 instigavit
3421 2779 3680 2832 cmxxxv...

307 2863 594 2928 violentas
642 2865 944 2928 servienti
994 2865 1308 2945 injiceret,
1353 2872 1423 2926 ut
1467 2864 1632 2927 bona
1675 2865 1782 2927 illa
1893 2872 2112 2926 contra
2137 2864 2370 2946 Joseph
2407 2862 2850 2944 patriarcham,
2884 2860 3213 2922 succendit
3251 2861 3389 2922 Fra·
3416 2846 3458 2886 ⁴·

311 2971 571 3027 matrona
624 2964 978 3045 geminaret
1035 2963 1396 3025 humilioris
1455 2963 1779 3025 servitutis
1891 2969 2054 3023 trem
2094 2962 2435 3044 quemdam
2480 2961 2625 3042 igne
2667 2961 2783 3022 zeli
2826 2959 3091 3022 voracis.
3127 2958 3241 3031 Qui
3284 2977 3389 3020 cu-

306 3062 526 3136 officia‚
559 3081 673 3124 nec
720 3062 829 3123 illa
866 3081 903 3123 a
945 3061 1362 3143 pravitatibus
1406 3061 1539 3123 suis
1583 3080 1780 3124 cessa·
1818 3063 1861 3126 C
1893 3060 2075 3141 piens
2115 3079 2297 3123 naevo
2327 3060 2600 3141 quodam
2634 3077 2709 3120 ac
2747 3058 2994 3120 macula
3032 3055 3388 3119 deformare

307 3167 411 3231 ret,
437 3160 737 3223 laboravit
765 3178 838 3221 ac
871 3159 1115 3221 studuit
1147 3158 1254 3220 illa
1284 3159 1450 3221 bona
1481 3177 1779 3240 superare

309 3257 624 3333 furentem,
658 3276 788 3321 non
833 3258 1206 3331 resistendo,
1241 3259 1350 3320 sed
1396 3276 1462 3319 se
1503 3256 1780 3338 amplius

307 3357 700 3431 humiliando,
764 3365 833 3418 ut
884 3356 1372 3418 mansuetudine
1429 3355 1782 3417 humanita-

305 3457 376 3516 tis
413 3456 716 3518 insaniam
756 3454 1054 3516 deliniret
1091 3453 1506 3535 objurgantis
1541 3454 1780 3527 Quibus

305 3554 602 3616 exercitiis
635 3553 921 3636 plenarie
953 3552 1350 3626 confirmata,
1387 3552 1783 3634 patientiam-

307 3671 418 3731 que
465 3652 809 3733 perfectam
867 3651 1115 3733 adepta,
1171 3651 1450 3732 perrexit
1495 3651 1574 3712 ad
1625 3670 1780 3732 prae·

307 3750 494 3812 sulem
532 3758 954 3813 memoratum
993 3749 1266 3812 relatura
1303 3749 1534 3829 gratias
1572 3749 1779 3812 eidem

309 3857 422 3910 tam
452 3868 562 3932 pro
588 3849 836 3932 judicio
863 3847 1194 3910 electionis
1227 3847 1422 3923 illius,
1443 3868 1634 3930 quam
1668 3867 1783 3930 pro

309 3946 602 4011 beneficio
664 3946 1136 4010 exercitationis
1201 3965 1330 4009 suae
1393 3965 1407 4008 t
1473 3964 1549 4010 eo
1612 3948 1781 4029 quod

303 4044 468 4125 juxta
495 4046 883 4110 desiderium
925 4064 1112 4107 suum
1154 4045 1532 4126 providisset
1563 4045 1621 4107 ei
1654 4053 1786 4107 tan-

305 4144 439 4206 dem
481 4145 840 4226 magistram
883 4143 1203 4224 patientiae
1241 4142 1781 4215 efficacissimam,

1894 3158 2437 3239 pulchritudinem
2486 3158 2545 3219 S.
2599 3155 2957 3238 Paphnutii,
3007 3155 3388 3235 excogitavit

1890 3256 2010 3317 hoc
2070 3255 2481 3337 malignitatis
2530 3274 2867 3318 venenum.
2920 3253 3077 3316 Nam
3133 3260 3387 3334 sumpta

1890 3355 2196 3436 temporis
2254 3355 2748 3436 opportunitate,
2799 3352 3052 3434 quando
3099 3351 3386 3433 Paphnu-

1890 3455 2017 3516 tius
2056 3455 2133 3516 ad
2169 3453 2509 3515 ecelesiam
2550 3453 2665 3515 ivit
2695 3453 2796 3514 die
2826 3451 3167 3524 dominica,
3202 3450 3388 3512 irruit

1890 3553 2115 3614 furtim
2159 3552 2227 3613 in
2273 3552 2498 3614 cellam
2546 3551 2769 3633 ipsius,
2811 3558 2874 3612 et
2917 3549 3155 3611 librum
3198 3568 3385 3610 suum

1890 3651 2225 3714 abscondit
2276 3652 2541 3713 latenter
2590 3650 2755 3711 inter
2801 3649 3040 3730 plectas
3089 3665 3244 3729 quas
3292 3665 3387 3710 so-

1893 3751 2062 3813 lebat
2101 3750 2493 3831 Paphnutius
2524 3749 2601 3810 de
2630 3747 2803 3811 foliis
2844 3748 3199 3830 palmarum
3239 3763 3384 3808 con-

1892 3858 2124 3912 texere.

1974 3947 2107 4020 Quo
2150 3945 2338 4018 fact0,
2384 3946 2597 4006 Frater
2640 3943 2747 4005 ille
2802 3961 3062 4005 securus
3114 3943 3191 4004 de
3239 3943 3385 4005 dolo

1895 4044 2221 4107 festinavit
2276 4044 2353 4106 ad
2409 4042 2767 4114 ecclesiam,
2824 4041 3004 4122 quasi
3059 4041 3383 4103 conscien-

1895 4143 2046 4205 tiam
2099 4142 2340 4204 habens
2391 4160 2615 4223 puram
2664 4159 2737 4201 ac
2780 4138 3161 4220 simplicem.
3209 4138 3386 4201 Com-

305 4243 474 4323 cujus
521 4243 777 4324 injuriis
828 4241 1116 4304 roborata
1158 4241 1442 4323 quotidie
1485 4250 1783 4323 tanquam
1814 4247 1863 4308 D
1898 4242 2068 4325 pleto
2129 4241 2341 4322 itaque
2408 4239 2627 4301 divino
2685 4236 2936 4311 Officio,
3000 4245 3385 4319 conquestus

304 4342 432 4404 oleo
469 4341 744 4423 quodam
791 4340 1116 4422 palaestrae,
1153 4341 1512 4421 perveniret
1555 4341 1631 4402 ad
1679 4361 1784 4423 pa-

306 4440 574 4502 tientiam
624 4457 962 4502 summam.
1017 4439 1190 4501 Unde
1239 4439 1396 4500 dixit
1445 4440 1715 4501 antistiti
1767 4460 1780 4504 :

305 4537 566 4600 Tandem
618 4537 847 4600 dedisti
905 4537 1061 4598 mihi
1110 4557 1301 4619 quam
1353 4557 1781 4620 repausarem,

307 4655 436 4698 nam
486 4636 662 4718 prior
709 4635 816 4697 illa
869 4635 1232 4717 repausavit
1277 4643 1342 4696 et
1389 4635 1786 4716 refrigeravit

309 4753 394 4796 me
436 4735 646 4817 potius
691 4733 824 4795 suis
865 4733 1209 4815 obsequiis,

373 4833 510 4898 Haec
553 4834 630 4895 de
671 4851 826 4894 sexu
861 4831 1160 4894 muliebri
1200 4832 1437 4894 dixIsse
1475 4832 1781 4908 sufficiat,

307 4941 602 5012 quatenus
644 4949 766 4993 non
806 4930 1015 4992 solum
1052 4929 1449 4992 aedificemur
1487 4931 1607 4994 ista
1645 4952 1784 4995 nar-

307 5031 552 5103 ratione,
588 5029 700 5091 sed
738 5028 929 5091 etiam
970 5027 1438 5090 confundamur
1475 5030 1550 5091 de
1593 5029 1789 5112 impa-

311 5128 514 5190 tientia
545 5135 781 5199 nostra,
816 5126 925 5207 qui
959 5125 1328 5208 patientiam
1369 5146 1620 5190 servare
1661 5149 1787 5193 non

311 5243 658 5307 possumuS,
723 5224 847 5287 nisi
906 5225 1104 5286 instar
1161 5224 1438 5288 ferarum
1501 5229 1791 5290 retunda-

315 5343 443 5387 mur
481 5326 550 5389 in
595 5343 816 5387 caveas
859 5319 1253 5386 cellularum.

1895 4351 1990 4405 est
2040 4342 2098 4403 S.
2147 4340 2385 4402 Isidoro
2434 4357 2643 4400 coram
2698 4337 3020 4399 Fratribus
3069 4337 3385 4400 universis

1897 4441 2132 4502 librum
2188 4457 2376 4500 suum
2433 4436 2555 4498 sibi
2607 4454 2745 4497 esse
2798 4435 2877 4497 de
2927 4435 3088 4497 cella
3140 4436 3385 4498 subtra-

1898 4546 2090 4600 ctum.
2148 4537 2295 4610 Quae
2356 4534 2755 4617 querimonia
2810 4553 3010 4615 quum
3076 4533 3389 4596 turbasset

1894 4637 2140 4699 animos
2200 4635 2511 4706 omnium,
2568 4634 2919 4715 praesertim
2977 4633 3223 4706 Isidori,
3276 4633 3384 4715 qui

1894 4736 2018 4798 fuit
2058 4733 2403 4816 presbyter·
2426 4731 2598 4793 illius
2644 4731 2875 4792 deserti
2914 4738 3059 4792 ante
3099 4730 3387 4812 Paphnu-

1897 4835 2078 4906 tium‚
2143 4850 2261 4894 nec
2323 4830 2627 4893 haberent
2689 4829 2845 4910 quid
2908 4829 3117 4911 primo
3179 4831 3388 4912 suspi-

1897 4940 2193 4994 carentur
2252 4937 2359 4993 aut
2414 4929 2795 5010 judicarent,
2860 4935 3077 5008 utpote
3139 4947 3390 4990 summa

1895 5029 2314 5094 admiratione
2364 5026 2647 5109 percussi
2698 5027 2775 5088 de
2820 5025 3097 5087 novitate
3145 5026 3387 5106 peccati

1899 5139 2024 5194 tam
2063 5126 2353 5199 inauditi,
2387 5132 2539 5186 tunc
2570 5125 2781 5186 Frater
2820 5123 2926 5185 ille
2954 5124 3389 5205 nequissimus

1899 5225 2281 5311 requirebat,
2318 5233 2386 5285 ut
2427 5223 2725 5285 omnibus
2770 5223 2835 5285 in
2878 5222 3147 5284 ecclesia
3190 5242 3388 5285 rema-

1906 5323 2231 5398 nentibuS,
2282 5321 2479 5402 aliqui
2536 5320 2937 5382 mitterentur
2981 5321 3059 5382 ad
3106 5327 3391 5383 scrutan-
