4359 6267
567 2573 819 2678 {Initium

555 2640 577 2679 ³
609 2667 621 2679 .

592 3160 700 3204 Luc.
719 3174 820 3213 xvu,

558 3225 693 3267 12-18.

852 510 967 573 174

1559 528 1973 574 COLLATIONL'M
2018 527 2102 571 SS.
2138 525 2380 571 PATRUM
2423 524 2596 569 LIBER
2637 525 2676 569 1.
2721 542 2802 551 —
2844 524 3130 570 COLLATIO
3171 524 3240 569 111

852 720 986 762 ram
1027 701 1119 761 eis
1160 700 1473 771 delentur,
1508 697 1676 778 quod
1719 697 1869 757 item
1904 696 2237 756 traduntur
2278 694 2340 755 in
2371 693 2423 755 A
2454 693 2765 775 protectio
2805 693 2917 755 Dei
2967 710 3081 755 nos
3131 692 3386 766 deserit,
3429 700 3490 753 et
3535 700 3793 773 propter
3849 710 3980 751 ne-

852 816 1079 859 manus
1117 815 1338 859 eorum
1379 794 1665 857 nationes
1706 810 1972 855 numero
2001 799 2063 855 et
2097 792 2345 853 fortitu-

850 896 998 957 dine
1044 895 1439 957 excedentes.
1474 894 1682 965 Porro,
1715 911 1795 952 an
1835 891 2110 973 populus
2152 890 2342 951 Israel

849 994 1163 1076 percutiat
1197 1010 1305 1053 eos
1346 1010 1545 1072 usque
1586 991 1664 1051 ad
1706 989 2229 1061 internecionem,
2259 1007 2340 1050 an

849 1098 1129 1153 reservet
1156 1108 1263 1151 eos
1294 1096 1355 1151 et
1388 1095 1623 1169 parcat,
1652 1096 1715 1149 et
1745 1095 1960 1148 utrum
1995 1088 2163 1148 ineat
2194 1103 2340 1146 cum

848 1189 941 1251 eis
972 1189 1179 1252 foedus
1220 1188 1543 1268 societque
1573 1185 1889 1267 conjugia,
1920 1205 2001 1247 an
2038 1203 2186 1257 non,
2222 1185 2341 1245 hoc

848 1288 1173 1369 Scriptura
1204 1287 1386 1349 docet
1416 1305 1554 1347 esse
1586 1286 1785 1366 ipsius
1824 1283 2184 1345 Israeliticae
2214 1282 2342 1364 ple-

848 1385 966 1447 bis.
1015 1386 1149 1458 Quo
1195 1384 1561 1447 testimonio
1608 1383 1903 1445 distincte
1956 1382 2337 1454 insinuatur,

849 1484 1003 1565 quid
1045 1482 1405 1545 adscribere
1437 1482 1781 1543 debeamus
1819 1478 2082 1541 arbitrio
2114 1477 2338 1549 liber0,

849 1582 1003 1662 quid
1062 1580 1516 1661 dispensationi
1568 1586 1630 1639 et
1680 1577 2049 1658 quotidiano
2104 1575 2343 1636 auxilio

844 1680 1061 1760 gratias
1107 1680 1253 1757 Dei3
1296 1679 1464 1760 quod
1509 1678 1661 1738 item
1709 1676 2013 1737 Dominus
2058 1691 2170 1756 per
2208 1692 2342 1753 gra-

845 1778 1001 1839 tiam
1041 1796 1219 1839 suam
1268 1783 1520 1858 praestet
1558 1774 1743 1837 nobis
1781 1772 2143 1835 occasiones
2178 1771 2342 1833 salu-

2452 790 2686 871 quitias
2716 798 2776 853 et
2811 791 3112 852 duritiam
3149 791 3357 853 cordis
3397 790 3594 852 nostri
3631 788 3974 852 dominari

2452 888 2765 969 permittit
2813 888 2999 951 nobis
3044 888 3371 951 diabolum
3415 897 3523 949 aut
3568 887 3974 968 ignominio-

2450 1006 2550 1048 sas
2609 987 2892 1069 corporis
2950 987 3294 1069 passiones
3349 987 3524 1060 Quod
3581 986 3770 1048 etiam
3821 985 3974 1046 evi-

2452 1085 2823 1147 dentissime
2854 1086 3158 1147 docemur
3187 1084 3384 1147 verbo
3414 1084 3609 1157 Pauli,
3631 1084 3919 1145 dicentis
3947 1102 3966 1145 :

2451 1184 2710 1265 Propter
2758 1184 2927 1264 quod
2974 1183 3234 1245 tradidit
3284 1183 3425 1245 illos
3480 1184 3645 1244 Deus
3694 1183 3760 1243 in
3809 1202 3972 1263 pas·
4001 1198 4138 1241 Rom.
4159 1201 4268 1243 1.ss..

2452 1281 2662 1343 siones
2713 1281 3116 1361 ignominiae3
3167 1290 3230 1343 et
3280 1282 3510 1342 iterum
3553 1300 3568 1343 :
3612 1280 3768 1353 Quia
3819 1298 3966 1342 non
4029 1298 4248 1341 masta.

2454 1380 2883 1461 probaverunt
2921 1380 3122 1441 Deum
3163 1379 3394 1441 habere
3437 1379 3501 1439 in
3545 1378 3790 1451 notitia,
3827 1387 3968 1439 tra-

2454 1478 2613 1539 didit
2676 1478 2816 1539 illos
2877 1478 2944 1538 in
3003 1476 3344 1557 reprobum
3404 1496 3684 1549 sensum,
3737 1484 3806 1538 ut
3864 1476 3964 1537 fa-

2453 1576 2620 1637 ciant
2669 1594 2743 1637 ea
2789 1595 2931 1656 quae
2980 1593 3106 1637 non
3163 1575 3570 1637 conveniunt.
3623 1575 3780 1636 Hinc
3831 1575 3962 1636 Do-

2455 1674 2666 1735 minus
2717 1674 2998 1755 loquit-ur
3049 1692 3162 1755 per
3208 1673 3584 1754 Prophetam
3633 1692 3647 1736 :
3694 1672 3768 1733 Et
3815 1691 3959 1735 non
4041 1692 4130 1735 1³⁸.
4153 1706 4272 1741 uu,

2453 1772 2697 1833 audivit
2754 1771 3029 1853 populus
3088 1789 3269 1832 meus
3319 1788 3538 1832 vocem
3599 1789 3832 1844 meam,
3888 1780 3962 1833 et
3999 1758 4168 1805 ¹²¹¹&

846 1876 949 1947 tis,
1003 1892 1467 1957 prosperosque
1526 1873 1849 1954 profectus
1908 1879 2096 1951 atque
2147 1869 2341 1931 victo-
2378 1870 2642 1936 Blsrael
2701 1888 2828 1931 non
2887 1870 3160 1931 intendit
3221 1869 3419 1945 mihi3
3474 1878 3730 1951 propter
3774 1870 3962 1950 quod

846 1973 1027 2034 riam.
1090 1973 1391 2034 Nostrum
1448 1990 1599 2034 vero
1656 1978 1773 2045 est,
1835 1988 2055 2031 causas
2117 1967 2341 2029 salutis

848 2070 1153 2134 intensius
1183 2079 1292 2132 aut
1321 2070 1642 2132 remissius
1673 2067 2131 2149 exsequi.Quod
2156 2067 2345 2127 etiam

848 2170 1141 2232 videmus
1184 2169 1513 2231 evidenter
1554 2185 1927 2249 expressum
1972 2167 2036 2227 in
2075 2164 2346 2227 curatio—

846 2287 927 2329 ne
957 2267 1479 2340 caecorum.Quod
1510 2267 1684 2327 enim
1711 2267 1891 2328 ,lesus
1920 2263 2171 2326 transiit
2198 2270 2342 2324 ante

845 2384 975 2439 eOS,
1009 2365 1208 2446 gratia
1238 2364 1263 2427 s
1267 2366 1360 2427 uit
1388 2364 1802 2447 providentiae
1831 2362 2342 2444 dignationisque

848 2484 996 2525 suae.
1054 2464 1229 2536 Quod
1286 2470 1500 2525 autem
1559 2461 1937 2535 clamabant,
1989 2460 2270 2522 dicentes
2324 2477 2338 2521 :

849 2563 1142 2624 Miserere
1174 2562 1395 2635 nostri,
1429 2561 1526 2622 fili
1568 2561 1766 2623 David
1786 2578 1802 2637 ;
1836 2577 1994 2642 opus
2034 2559 2156 2620 fuit
2187 2559 2341 2621 fidei

846 2668 910 2723 et
957 2660 1349 2722 credulitatis
1396 2677 1637 2722 eorum.
1691 2659 1866 2732 Quod
1915 2658 2123 2720 visum
2174 2677 2343 2720 rece-

849 2766 1101 2841 perunt,
1150 2758 1275 2819 fuit
1326 2778 1557 2820 munus
1608 2756 2035 2819 miserationis
2084 2757 2335 2818 divinae.

846 2857 1021 2930 Quod
1060 2865 1273 2919 autem
1314 2864 1456 2937 post
1488 2854 1854 2917 utriuslibet
1886 2855 2169 2916 muneris
2204 2874 2342 2935 per—

846 2955 1204 3036 ceptionem
1237 2962 1597 3034 perseveret
1622 2962 1750 3014 tam
1780 2952 1981 3033 gratia
2004 2952 2116 3013 Dei
2146 2972 2336 3033 quam

2453 1968 2667 2029 dimisi
2709 1984 2816 2029 eos
2856 1968 3208 2029 secundum
3248 1966 3560 2028 desideria
3601 1966 3806 2028 cordis
3849 1986 3966 2029 eo-

2453 2085 2618 2140 rum,
2655 2065 2839 2128 ibunt
2879 2066 2944 2126 in
2985 2064 3546 2126 adinventionibus
3589 2064 3742 2125 suiS.

2834 2316 3341 2381 CAPITULUM
3403 2316 3556 2379 XX.

2592 2457 2864 2527 objectio
2893 2456 2967 2512 de
2984 2460 3285 2528 potestate
3315 2456 3500 2511 liberi
3527 2456 3808 2512 arbitrii.

2591 2661 3002 2725 ERMANUS
3045 2678 3058 2721 :
3101 2661 3232 2722 Hoc
3275 2661 3714 2723 testimonium
3763 2681 3959 2743 aper-

2609 2760 2852 2822 tissime
2911 2760 3301 2821 demonstrat
3355 2758 3630 2820 liberum
3686 2759 3956 2821 arbitri-

2447 2878 2578 2928 um,
2612 2877 2811 2939 quum
2856 2857 3089 2918 dicitur
3131 2874 3144 2917 :
3190 2856 3249 2917 Si
3299 2856 3572 2938 populus
3619 2876 3797 2919 meus
3839 2877 3960 2919 au-

2447 2957 2643 3017 disset
2674 2974 2806 3033 me;
2832 2956 3125 3035 itemque,
3142 2954 3216 3015 Et
3247 2972 3370 3015 non
3400 2954 3643 3017 audivit
3674 2955 3958 3036 populus

846 3052 1113 3115 facultas
1146 3052 1329 3114 liberi
1360 3051 1629 3126 arbitrii,
1663 3051 1940 3113 declarat
1970 3050 2336 3132 exemplum
2373 3058 2416 3119 C
2449 3073 2628 3115 meus
2661 3071 2883 3115 vocem
2923 3071 3149 3114 meam.
3186 3052 3390 3125 Quum
3429 3052 3602 3113 enim
3643 3052 3796 3114 dicit
3829 3072 3846 3115 ε
3887 3054 3955 3115 Si

849 3153 1069 3215 decem
1114 3153 1507 3233 leprosorum
1550 3151 1740 3211 simul
1780 3168 1817 3212 a
1854 3149 2122 3211 Domino
2165 3168 2341 3211 cura-

847 3258 1078 3313 torum.
1132 3250 1222 3311 Ex
1271 3248 1505 3330 quibus
1563 3249 1715 3309 dum
1774 3267 1939 3309 unus
1994 3266 2107 3328 per
2153 3246 2340 3309 liberi

850 3346 1098 3409 arbitrii
1136 3346 1502 3408 facultatem
1544 3345 1835 3427 rependit
1863 3345 2209 3425 gratiarum
2241 3364 2341 3405 ac-

850 3446 1113 3519 tionem,
1167 3444 1452 3507 Christus
1498 3444 1655 3506 alios
1706 3460 1935 3505 novem
1985 3444 2339 3525 requirenS,

850 3562 924 3605 ac
956 3562 1155 3604 unum
1188 3542 1372 3603 illum
1403 3540 2083 3613 collaudanS,ostendit
2106 3560 2172 3603 se
2205 3541 2345 3602 reti-

850 3660 1001 3704 nere
1029 3641 1247 3721 jugem
1280 3638 1789 3701 vicissitudinem
1828 3656 1941 3699 seu
1980 3646 2342 3718 respectum

848 3738 1150 3820 adjutorii
1204 3738 1303 3800 sui
1361 3736 1554 3798 etiam
1614 3736 1782 3798 circa
1838 3736 2132 3816 ingratos
2187 3736 2344 3798 Nam

849 3839 971 3900 hoc
1002 3838 1213 3919 ipsum
1250 3837 1491 3898 donum
1526 3843 1623 3896 est
1653 3854 1783 3897 suae
1813 3833 2196 3897 visitationis
2234 3843 2345 3897 aut

2448 3152 2770 3229 audisset3
2802 3151 3078 3213 ostendit
3117 3151 3183 3212 in
3223 3157 3532 3231 potestate
3573 3151 3713 3231 ejus
3745 3150 3956 3213 fuisse

2451 3250 2856 3331 acquiescere
2891 3256 2953 3310 et
2993 3267 3118 3310 non
3162 3248 3587 3328 acquiescere.
3624 3248 3960 3321 Quomodo

2451 3365 2599 3427 ergo
2649 3363 2776 3408 non
2826 3354 2922 3407 est
2971 3346 3142 3407 salus
3196 3353 3411 3407 nostra
3467 3345 3833 3407 collocanda
3885 3346 3958 3408 in

2453 3452 2666 3507 nostra
2726 3451 3054 3526 potestate,
3117 3463 3316 3524 quum
3376 3442 3541 3503 Deus
3609 3442 3958 3504 contulerit

2453 3541 2638 3604 nobis
2687 3541 3056 3603 facultatem
3105 3540 3408 3602 audiendi
3465 3548 3530 3601 et
3588 3558 3714 3602 non
3771 3540 3958 3602 audi-

2452 3640 2647 3702 endi?

2824 3892 3327 3957 CAPITULUM
3389 3892 3578 3955 XXI.

4021 2879 4154 2921 laid-
4185 2883 4248 2919 is.
4322 2856 4323 2859 ¹

4021 2978 4150 3019 Ibffd.
4185 2982 4248 3019 12.

850 3933 1292 4007 miserationis,
1312 3933 1482 4014 quod
1510 3940 1760 4013 gratum
1793 3931 2061 4014 suscipit
2090 3941 2150 3995 et
2180 3950 2347 3995 com-

849 4034 1125 4107 mendat,
1171 4032 1449 4113 ingratos
1492 4048 1643 4093 vero
1694 4030 1961 4112 requirit
2011 4049 2084 4092 ac
2136 4050 2345 4114 repre-
2453 4042 2808 4113 Responsio,
2830 4042 2992 4114 quod
3023 4040 3282 4096 liberum
3312 4040 3647 4096 arbitrium
3677 4046 3957 4099 nostrum

848 4131 1088 4193 hendit.
2681 4146 2910 4203 semper
2939 4131 3216 4201 indiqeat
3245 4128 3564 4200 ady'utorio
3592 4130 3724 4186 Dei.

2578 4324 3003 4387 APHNUTIUS
3047 4342 3060 4385 :
3101 4323 3299 4385 Acute
3341 4324 3788 4387 considerastis
3823 4324 3954 4389 hoc

2606 4422 2896 4495 verbum,
2941 4423 3004 4484 Si
3046 4422 3327 4484 audisset
3372 4440 3515 4499 me;
3559 4424 3668 4484 sed
3715 4441 3954 4504 nequa-

2451 4539 2644 4602 quam
2685 4520 3007 4582 attenditis
3048 4520 3193 4602 quis
3241 4520 3536 4601 loquatur
3571 4521 3647 4581 ad
3688 4520 3952 4582 audien-

2451 4626 2582 4680 tem
2627 4617 2727 4679 vel
2772 4634 2898 4679 non
2947 4617 3332 4691 audientem,
3381 4634 3588 4697 neque
3636 4619 3804 4698 quod
3849 4638 3949 4681 se-

2449 4716 2668 4798 quitur
2717 4734 2730 4777 :
2778 4717 2894 4778 Pro
2943 4715 3146 4776 nihilo
3194 4714 3414 4795 utique
3463 4714 3755 4777 inimicos
3801 4716 3946 4796 ejus
4009 4749 4155 4795 Μ,
4189 4758 4258 4795 ¹3,

1214 4382 1718 4447 CAPITULUM
1779 4382 1966 4445 XIX.

900 4531 1074 4599 Quod
1098 4530 1261 4586 nihil
1286 4536 1538 4601 aer-atur
1564 4547 1603 4586 a
1632 4530 1809 4587 nobis
1839 4533 1907 4587 in
1932 4532 2153 4587 mundo
2181 4532 2289 4587 Ιιοσ

1448 4620 1580 4675 sine
1606 4621 1742 4676 Deo.

968 4814 1277 4878 REDERE
1307 4823 1519 4876 tamen
1548 4814 1981 4878 indubitanter
2006 4814 2336 4890 debemuS,

987 4912 1079 4974 nil
1128 4931 1387 4995 prorsus
1437 4914 1503 4975 in
1553 4913 1675 4975 hoc
1719 4915 1956 4976 mundo
2004 4912 2147 4974 fieri
2201 4912 2338 4975 sine

844 5012 972 5074 Deo
1001 5018 1065 5073 et
1092 5010 1492 5091 providentia
1529 5010 1689 5091 ejuS.
1724 5010 1879 5072 Nam
1921 5011 2137 5073 omnia
2172 5011 2341 5072 fiunt

844 5109 1169 5171 voluntate
1217 5117 1328 5171 aut
1370 5108 1790 5190 permissione
1834 5107 2035 5189 ipsius
2072 5128 2085 5172 :
2120 5117 2191 5170 ut
2235 5108 2342 5171 bo-

843 5226 927 5269 na
955 5208 1294 5269 credantur
1332 5206 1477 5268 fieri
1506 5206 1831 5269 voluntate
1870 5213 2061 5287 atque
2098 5206 2339 5269 auxilio

843 5304 991 5385 Dei3
1043 5305 1209 5367 mala
1251 5321 1401 5366 vero
1448 5303 1867 5386 permissione
1913 5304 2139 5387 ipsiuS,
2181 5305 2336 5367 dum

2448 4813 2907 4886 humiliassem,
2931 4822 2993 4875 et
3023 4831 3215 4895 super
3245 4812 3620 4875 tribulantes
3651 4830 3796 4875 eum
3828 4815 3950 4875 mi-

2449 4911 2675 4973 sissem
2727 4930 2986 4972 manum
3040 4928 3265 4971 meam.
3320 4910 3518 4973 Nemo
3565 4928 3714 4991 ergo
3763 4929 3950 4974 cone-

2449 5016 2553 5070 tur
2610 5008 2696 5069 ita
2753 5027 3076 5069 assumere
3125 5008 3203 5068 ad
3261 5007 3698 5070 defensionem
3758 5009 3946 5072 liberi

2449 5105 2697 5169 arbitrii
2739 5124 2814 5167 ea
2856 5125 2997 5186 quae
3047 5105 3348 5178 diximuS,
3396 5124 3589 5186 prava
3639 5106 3948 5187 interpre-

2449 5205 2684 5267 tatione
2731 5222 2806 5265 ea
2854 5211 3226 5284 retorquens
3271 5223 3285 5266 :
3328 5223 3469 5285 quae
3519 5203 3757 5266 idcirco
3806 5222 3950 5285 pro-

2449 5303 2713 5365 tulimus
2776 5309 2845 5363 ut
2903 5301 3318 5383 probaremus
3377 5300 3538 5363 nihil
3595 5300 3740 5363 fieri
3800 5300 3944 5364 sine
