4359 6267
1067 542 1484 589 coLLA'rtoNUM
1527 544 1611 588 SS.
1649 545 1889 589 PATRL'M
1931 543 2106 589 LIBER
2151 545 2209 588 ll.
2256 563 2337 572 —
2376 543 2662 591 COLLATIO
2702 545 2787 590 xtl

3354 524 3473 588 287

407 711 593 774 foedati
625 711 1166 792 frequentioribus
1199 712 1657 794 pollutionibus
1683 731 1872 794 quam
1901 711 1952 772 A
1987 719 2140 773 turae
2175 729 2189 773 :
2226 713 2443 794 sicque
2474 732 2673 794 quum
2709 712 3188 794 expergefactus
3220 712 3473 773 invene-

407 817 600 871 natura
629 808 1008 890 requirit,de
1041 810 1308 872 naturali
1344 810 1704 872 conditione
1736 829 1876 871 cau-

403 916 612 969 santur.
656 907 991 990 Quumque
1041 917 1284 971 constet
1326 926 1433 970 eos
1483 909 1694 990 potius
1739 909 1870 971 vim

403 1006 614 1068 inferre
662 1013 924 1080 naturae,
966 1015 1028 1070 et
1071 1015 1448 1089 extorquere
1499 1008 1580 1069 ab
1627 1028 1702 1070 ea
1747 1009 1872 1070 col-

400 1105 700 1166 luvionem
731 1124 923 1187 quam
967 1106 1105 1187 ipsa
1133 1124 1260 1168 non
1303 1106 1553 1186 ingerit,
1589 1106 1871 1168 referunt

401 1203 931 1284 intemperantiam
972 1223 1152 1267 suam
1187 1205 1263 1267 ad
1296 1205 1504 1266 carnis
1537 1207 1872 1268 necessita-

401 1309 532 1372 tem,
566 1301 692 1364 imo
720 1303 799 1365 ad
829 1303 970 1383 ejus
1002 1303 1384 1376 Creatorem,
1419 1303 1870 1366 transferentes

399 1399 664 1481 proprias
704 1400 925 1481 culpas
967 1401 1046 1462 ad
1089 1409 1328 1464 naturae
1367 1400 1760 1479 diffamiam3
1793 1403 1870 1464 de

397 1498 610 1580 quibus
653 1498 718 1561 in
761 1498 1112 1562 Proverbiis
1157 1499 1477 1580 eleganter
1516 1501 1866 1562 asseritur:

171 1597 749 1678 rm.m.1nsipientia
777 1597 897 1659 viri
929 1598 1282 1679 corrumpit
1311 1599 1446 1660 vias
1478 1617 1644 1670 suas,
1669 1598 1868 1660 Deum

153 1681 184 1718 2.
210 1679 248 1728 ju
255 1681 316 1717 xta

153 1738 244 1780 Lu.

397 1704 590 1758 autem
630 1705 925 1757 causatur
967 1695 1032 1757 in
1067 1696 1256 1758 corde
1295 1712 1429 1757 suo.
1465 1695 1787 1758 Postremo
1817 1697 1869 1758 si

397 1795 524 1876 quis
554 1794 700 1856 huic
731 1801 960 1856 nostrae
991 1793 1324 1856 assertioni
1355 1794 1551 1856 fidem
1595 1794 1866 1856 noluerit

1984 809 2063 870 rit.
2099 829 2352 872 carnem
2396 830 2573 873 suam
2617 817 2757 892 post
2796 819 3083 891 tempora
3123 810 3306 890 longa
3346 809 3476 891 pol-

1986 909 2182 970 lutam
2225 927 2291 969 se
2332 910 2659 989 ignorante
2692 927 2807 970 nec
2848 909 3181 980 sentiente,
3216 915 3367 970 tunc
3397 909 3475 970 de

1983 1006 2255 1068 naturali
2288 1008 2660 1068 necessitatc
2692 1015 3008 1078 causetur,
3041 1006 3119 1068 ad
3151 1006 3332 1068 illum
3362 1013 3479 1068 sta-

1985 1113 2120 1166 tum
2167 1104 2599 1166 indubitanter
2648 1105 3047 1186 pervenienS,
3091 1111 3160 1165 ut
3203 1104 3346 1165 talis
3395 1103 3477 1165 sit

1986 1203 2048 1264 in
2083 1212 2269 1266 nocte
2300 1204 2504 1284 qualis
2543 1203 2606 1264 in
2639 1204 2761 1277 die,
2796 1204 2939 1264 talis
2976 1203 3042 1263 in
3078 1203 3240 1264 lecto
3270 1201 3475 1284 qualis

1984 1303 2048 1364 in
2098 1303 2403 1376 oratione,
2446 1302 2590 1364 talis
2640 1303 2811 1364 solus
2861 1301 3068 1383 qualis
3120 1302 3183 1363 in
3231 1300 3473 1378 turbis;

1982 1409 2305 1482 postremo
2347 1409 2416 1462 ut
2450 1408 2810 1482 segregatus
2850 1419 2961 1462 seu
3002 1400 3173 1463 solus
3213 1419 3280 1462 se
3320 1419 3478 1460 nun-

1983 1518 2173 1580 quam
2234 1499 2543 1581 adspiciat
2603 1500 2813 1573 talem,
2872 1499 3078 1581 qualis
3136 1498 3339 1560 videri
3393 1498 3476 1560 ab

1983 1597 2352 1659 hominibus
2390 1598 2731 1670 erubescit,
2765 1617 2881 1659 nec
2925 1597 3049 1659 tale
3090 1596 3331 1677 aliquid
3371 1597 3475 1657 de-

1982 1696 2331 1775 prehendat
2381 1697 2446 1757 in
2494 1713 2570 1758 eo
2620 1695 3009 1757 inevitabilis
3058 1693 3279 1756 ocu‘lus
3334 1693 3472 1768 Dei,

1982 1793 2150 1873 quod
2193 1795 2407 1875 cupiat
2436 1813 2573 1854 esse
2607 1794 2879 1854 celatum
2921 1792 3327 1874 adspectibus
3366 1792 3476 1855 ho·

396 1892 697 1966 adhibere,
741 1909 955 1973 quaeso
1005 1899 1074 1953 ut
1117 1910 1246 1954 non
1294 1892 1606 1973 disceptet
1657 1893 1866 1954 nobis·
1905 1891 1952 1954 B
1985 1891 2251 1952 minum.
2288 1893 2364 1953 Et
2394 1891 2481 1954 ita
2510 1910 2707 1972 quum
2743 1891 3008 1973 coeperit
3042 1891 3281 1971 jugiter
3309 1891 3476 1953 dele-

393 2010 522 2052 cum
549 1990 850 2072 opinione
890 1989 1320 2071 praejudicata,
1353 1998 1694 2072 antequam
1736 2010 1870 2052 sus-

392 2089 566 2171 cipiat
612 2088 904 2150 instituta
961 2088 1320 2170 disciplinae
1369 2107 1480 2150 seu
1532 2088 1678 2150 vitae
1735 2089 1868 2150 isti—

391 2207 452 2248 us
475 2205 489 2249 :
511 2206 649 2268 quae
680 2206 881 2268 quum
913 2186 1260 2248 servaverit
1286 2186 1615 2248 mensibus
1647 2187 1866 2267 paucis

393 2285 802 2348 moderatione
849 2303 886 2346 a
935 2283 1224 2346 Patribus
1283 2285 1518 2346 sanctis
1579 2284 1863 2366 praefixa,

391 2383 602 2466 poterit
650 2400 800 2445 vero
849 2382 1263 2464 comprobare
1309 2383 1555 2463 judicio
1601 2402 1675 2444 ea
1724 2403 1866 2465 quae

388 2482 667 2543 diximuS.
689 2481 944 2542 Frustra
968 2498 1120 2544 vero
1149 2481 1294 2562 quis
1326 2482 1664 2543 contendet
1687 2483 1765 2544 de
1797 2482 1869 2543 fi-

387 2599 459 2642 ne
486 2579 826 2660 cujuslibe't
848 2579 1001 2640 artis
1029 2597 1105 2640 ac
1133 2579 1512 2660 disciplinae,
1533 2581 1656 2641 nisi
1688 2581 1865 2661 prius

385 2678 564 2739 fuerit
609 2693 863 2738 summo
920 2677 1128 2738 studio
1179 2695 1252 2738 ac
1297 2677 1534 2738 virtute
1593 2685 1866 2740 sectatus

385 2776 582 2837 omnia
619 2794 762 2855 quae
799 2774 878 2835 ad
919 2775 1532 2837 consummationem
1579 2782 1866 2855 spectant

387 2874 563 2935 illius,
610 2872 796 2934 Velut
842 2873 918 2946 si,
968 2871 1148 2933 verbi
1197 2873 1418 2952 gratia,
1468 2891 1744 2934 asseram
1799 2873 1866 2933 li-

385 2989 634 3052 quorem
693 2971 1006 3032 lenissimi
1057 2971 1178 3032 olei
1237 2987 1424 3051 posse
1475 2971 1738 3050 produci
1787 2990 1863 3032 ex

1981 1989 2134 2051 ctari
2186 1990 2566 2052 suavissimo
2611 1989 2849 2050 lumine
2895 1989 3220 2062 castitatis,
3262 1989 3473 2050 dicere

1979 2088 2213 2168 poterit
2262 2107 2406 2149 cum
2455 2088 2785 2150 Psalmista
2836 2104 2849 2148 :

1981 2205 2120 2248 mea
2170 2186 2237 2246 in
2286 2185 2534 2247 deliciis
2594 2185 2776 2259 meis,
2825 2185 2979 2266 quia
3024 2184 3299 2246 tenebrae
3345 2201 3473 2245 non

1976 2283 2490 2346 obscurabuntur
2519 2303 2555 2344 a
2586 2291 2667 2356 te,
2702 2292 2765 2345 et
2795 2301 2919 2344 nox
2960 2283 3125 2344 sicut
3156 2281 3291 2343 dies
3335 2281 3476 2342 illu·

1980 2381 2364 2458 minabitur3
2408 2381 2575 2442 sicut
2623 2380 2899 2442 tenebrae
2946 2380 3109 2459 ejuS,
3155 2378 3241 2441 ita
3280 2386 3343 2440 et
3386 2379 3477 2439 lu-

1978 2499 2124 2542 men
2157 2479 2316 2559 ejus.
2355 2479 2639 2560 Denique
2678 2477 2951 2559 qualiter
2980 2477 3289 2557 Propheta
3319 2475 3476 2538 obti-

1979 2578 2191 2640 nuerit
2220 2577 2339 2639 hoc
2373 2577 2608 2659 ipsum,
2631 2578 2800 2659 quod
2832 2594 2970 2638 esse
3002 2575 3254 2638 videtur
3284 2593 3476 2655 supra

1977 2675 2407 2738 conditionem
2440 2683 2677 2738 naturae
2706 2675 3020 2746 humanae,
3056 2672 3296 2754 pandit,
3330 2672 3475 2734 sub-

1977 2775 2185 2836 dendo
2218 2793 2232 2837 :
2268 2774 2425 2846 Quia
2459 2781 2524 2834 tu
2561 2773 2898 2854 possedisti
2938 2790 3121 2833 renes
3164 2788 3373 2849 meos3
3408 2771 3470 2831 id
3530 2777 3737 2823 bid-1³·

1976 2880 2092 2945 est,
2145 2872 2485 2953 puritatem
2538 2872 2722 2933 istam
2783 2870 3105 2952 promerui
3156 2885 3282 2930 non
3332 2887 3473 2928 mea

1977 2970 2290 3031 industria
2335 2976 2443 3031 aut
2492 2969 2747 3042 virtute,
2791 2969 2898 3030 sed
2947 2967 3098 3048 quia
3147 2974 3235 3039 tu,
3280 2966 3467 3041 DeuS‚

385 3070 584 3132 tritico
613 3069 777 3131 sicut
807 3087 885 3130 ex
917 3067 1273 3130 seminibus
1315 3067 1428 3129 lini
1468 3087 1542 3128 ac
1574 3067 1860 3150 raphani,
1899 3075 1942 3138 C
1976 3067 2379 3130 mortificasti
2406 3067 2694 3130 ardorem
2727 3066 2989 3128 lubricae
3014 3063 3351 3145 voluptatis
3384 3063 3473 3124 in-

385 3167 860 3231 similitudinem
894 3183 1148 3248 quoque
1183 3166 1392 3228 mellis
1425 3184 1502 3226 ex
1534 3166 1776 3244 tritico;
1809 3166 1861 3227 si

385 3265 520 3347 quis
551 3281 804 3346 prorsus
837 3263 1094 3344 ignarus
1133 3264 1360 3325 horum
1391 3263 1673 3336 exsistat,
1708 3281 1862 3326 non-

385 3383 456 3424 ne
519 3363 680 3425 dicet
739 3362 874 3424 haec
931 3381 1070 3424 esse
1132 3369 1352 3423 contra
1411 3381 1623 3423 rerum
1683 3371 1863 3425 natu-

383 3480 524 3531 ram,
543 3460 978 3542 deridebitque
1012 3478 1114 3521 me
1144 3466 1446 3541 tanquam
1476 3460 1860 3541 apertissimi

381 3568 690 3622 auctorem
741 3558 1078 3630 mendacii,
1129 3557 1254 3619 nisi
1309 3557 1620 3620 adducam
1671 3567 1860 3621 testes

383 3658 778 3739 quamplures
822 3657 932 3738 qui
979 3664 1290 3718 testentur
1333 3675 1400 3718 se
1444 3656 1562 3718 ista
1601 3657 1858 3731 vidisse,

381 3765 670 3837 gustasse,
686 3755 930 3829 fecisse,
945 3755 1234 3818 ordinem
1266 3771 1520 3836 quoque
1549 3772 1860 3836 exponam

382 3873 500 3935 quo
539 3873 634 3916 res
679 3853 804 3916 illm
845 3859 1351 3915 transmutentur
1392 3853 1458 3914 in
1498 3852 1708 3914 oleum
1754 3859 1860 3913 aut

385 3954 494 4014 mel
519 3956 542 4014 2
571 3952 745 4026 Quod
781 3951 835 4014 si
877 3951 983 4013 ille
1015 3951 1311 4033 persistat
1342 3951 1407 4011 in
1436 3950 1860 4012 obstinatione

382 4050 686 4132 opinionis
727 4069 857 4113 suae
897 4049 1310 4122 stultissimae,
1344 4067 1578 4129 negans
1614 4067 1691 4110 ex
1732 4049 1860 4110 illis

382 4148 720 4211 seminibus
751 4165 934 4229 posse
968 4147 1230 4229 produci
1265 4146 1504 4227 aliquid
1538 4147 1722 4207 dulce
1753 4153 1860 4208 aut

1975 3167 2168 3228 situm
2216 3165 2482 3227 renibus
2527 3165 2705 3226 meis.

2377 3389 2879 3454 CAPITULUM
2943 3393 3037 3455 IX
3050 3441 3063 3456 .

1973 3512 2409 3582 Interroqatio,
2440 3528 2523 3568 cm
2560 3512 2743 3566 etiam
2779 3512 3141 3569 dormientes
3166 3515 3472 3586 possimus

2310 3602 2563 3658 evadere
2590 3603 2867 3673 corporis
2896 3609 3134 3658 motum.

2116 3753 2477 3815 ERMANUS
2513 3772 2525 3816 :
2564 3753 2818 3834 Experti
2858 3754 3218 3835 aliqualiter
3248 3775 3469 3817 sumus

2136 3859 2508 3932 perpetuam
2560 3852 2841 3932 corporis
2892 3853 3232 3933 puritatem
3282 3871 3467 3934 posse

1971 3968 2009 4011 a
2047 3948 2462 4030 vigilantibus
2506 3969 2620 4031 per
2664 3949 2772 4011 Dei
2816 3951 3079 4030 gratiam
3132 3952 3463 4032 possideri,

1971 4057 2035 4110 et
2066 4047 2342 4110 fatemur
2379 4046 2710 4109 stimulum
2745 4049 2952 4109 carnis
2993 4067 3178 4129 posse
3208 4067 3335 4112 non
3370 4070 3467 4112 ac-

1973 4147 2182 4209 cidere
2232 4145 2545 4226 vigilanti,
2594 4145 2838 4225 judicio
2885 4164 2957 4207 ac
3005 4146 3209 4227 rigore
3260 4147 3466 4209 distri-

381 4247 623 4329 pingue,
677 4263 886 4308 nonne
940 4244 1140 4325 magis
1199 4244 1719 4325 reprehendenda
1766 4252 1859 4306 est
1891 4250 1940 4313 D
1972 4245 2201 4307 ctionis
2262 4245 2595 4306 resistente
2645 4243 2927 4324 corporis
2988 4245 3303 4324 motibus3
3355 4247 3463 4309 sed

381 4344 815 4408 irrationabilis
863 4352 925 4405 et
972 4343 1271 4424 pervicax
1323 4343 1646 4405 contentio
1695 4343 1856 4423 ejus,

381 4462 557 4523 quam
601 4442 834 4504 veritas
880 4441 1004 4503 mei
1052 4441 1387 4513 sermoniS,
1424 4460 1565 4522 quae
1612 4441 1861 4504 robora-

383 4551 474 4604 tur
505 4542 809 4625 gravitate
853 4541 1144 4603 fidelium
1185 4541 1660 4622 multorumque
1696 4542 1863 4603 testi·

385 4661 480 4702 um
517 4649 581 4703 et
615 4639 1018 4702 evidentibus
1058 4639 1479 4711 documentiS,
1515 4639 1664 4712 im0,
1690 4640 1857 4720 quod

383 4739 642 4821 amplius
689 4745 806 4812 est,
856 4736 1268 4818 experientiis
1326 4737 1568 4798 certis?
1621 4737 1859 4800 Idcirco

384 4838 758 4918 quicumque
807 4834 1170 4917 pervenerit
1215 4835 1292 4896 ad
1344 4835 1515 4896 hunc
1565 4834 1858 4915 puritatis

383 4943 622 5008 statum,
658 4941 727 4995 ut
761 4953 875 5015 per
909 4950 1200 5013 soporem
1235 4951 1379 4996 caro
1410 4933 1549 5014 ejus
1585 4934 1858 5015 expellat

384 5031 548 5094 illum
593 5033 949 5104 humorem,
981 5031 1157 5092 velut
1198 5031 1600 5112 superfluum
1639 5051 1858 5111 quem-

385 5128 512 5191 dam
542 5129 880 5211 liquorem,
907 5134 1119 5190 mente
1146 5127 1276 5207 jam
1312 5127 1566 5208 penitus
1600 5127 1862 5190 liberata

385 5242 416 5285 a
451 5227 806 5290 titillatione
849 5225 1216 5306 hujusmodi
1263 5225 1598 5307 passionis,
1637 5244 1862 5306 cogno·

388 5333 507 5388 scet
531 5325 884 5390 certissime
917 5324 1178 5387 modum
1207 5333 1270 5386 et
1299 5324 1728 5388 conditionem
1759 5344 1862 5387 na-

1971 4344 2267 4406 volumus
2307 4341 2555 4404 edoceri
2597 4361 2675 4403 an
2718 4342 2908 4403 etiam
2948 4342 3333 4406 dormientes
3364 4364 3466 4407 va-

1972 4443 2214 4503 leamus
2248 4440 2689 4522 inquietudine
2721 4440 2836 4501 hac
2871 4458 3100 4502 carere.
3128 4441 3301 4514 Quod
3333 4461 3463 4505 cre-

1969 4540 2182 4602 dimus
2227 4538 2623 4618 impossibile
2663 4557 2802 4600 esse
2843 4537 3090 4600 duabus
3122 4558 3200 4600 ex
3232 4541 3461 4614 causis,

1970 4656 2126 4720 quas
2174 4637 2322 4698 licet
2366 4655 2757 4718 nequeamus
2800 4636 3041 4717 absque
3085 4639 3467 4702 verecundia

1969 4736 2309 4817 explicare,
2344 4743 2554 4796 tamen
2593 4735 2744 4815 quia
2786 4735 3129 4797 necessitas
3172 4736 3465 4818 spiritua-

1970 4835 2047 4896 lis
2093 4833 2429 4894 medicinae
2472 4832 2662 4912 exigit
2708 4851 2813 4894 eas
2858 4832 3065 4906 effari,
3098 4853 3465 4915 quaesumus

1970 4940 2039 4994 ut
2089 4931 2493 5010 indulgenter
2538 4930 2835 5011 accipiaS,
2880 4931 2930 4992 si
2983 4929 3176 4992 fuerit
3222 4932 3463 5014 aliquid

1970 5026 2463 5092 inverecundius
2505 5027 2911 5089 denudatum.
2948 5028 3227 5090 Primum
3272 5029 3465 5110 igitur

1968 5137 2085 5202 est,
2100 5127 2252 5210 quia
2277 5127 2491 5206 vigore
2527 5126 2757 5188 mentis
2787 5145 2900 5207 per
2931 5144 3225 5188 somnum
3258 5128 3462 5192 laxato

1969 5245 2042 5289 ac
2089 5225 2417 5306 impedito,
2462 5224 2712 5286 videtur
2755 5224 3120 5305 praescrvari
3168 5231 3232 5286 et
3273 5225 3459 5288 vitari

1974 5342 2101 5387 non
2157 5340 2341 5404 posse
2391 5321 2681 5403 obreptio
2740 5321 3191 5385 stimulationis
3250 5322 3457 5404 illius;

2902 2087 3035 2148 Nox
3091 2085 3474 2148 illuminatio
3504 2098 3773 2203 ᾒε-οόιινυι.
