<?xml version="1.0" encoding="UTF-8"?>
<!DOCTYPE html PUBLIC "-//W3C//DTD XHTML 1.0 Transitional//EN"
    "http://www.w3.org/TR/xhtml1/DTD/xhtml1-transitional.dtd">
<html xmlns="http://www.w3.org/1999/xhtml" xml:lang="en" lang="en">
 <head>
  <title>
</title>
<meta http-equiv="Content-Type" content="text/html;charset=utf-8" />
  <meta name='ocr-system' content='tesseract 3.04.00' />
  <meta name='ocr-capabilities' content='ocr_page ocr_carea ocr_par ocr_line ocrx_word'/>
</head>
<body>
  <div class='ocr_page' id='page_1' title='image "./doctorisecstati03denigoog_0493.png"; bbox 0 0 4359 6267; ppageno 0'>
   <div class='ocr_carea' id='block_1_1' title="bbox 1649 484 2211 533">
    <p class='ocr_par' dir='ltr' id='par_1_1' title="bbox 1649 484 2211 533">
     <span class='ocr_line' id='line_1_1' title="bbox 1649 484 2211 533; baseline 0 0"><span class='ocrx_word' id='word_1_1' title='bbox 1649 486 1834 533; x_wconf 73' lang='lat' dir='ltr'>mnnx</span> <span class='ocrx_word' id='word_1_2' title='bbox 1875 484 2211 533; x_wconf 65' lang='lat' dir='ltr'>(isumus</span> 
     </span>
    </p>
   </div>
   <div class='ocr_carea' id='block_1_2' title="bbox 368 654 1880 1438">
    <p class='ocr_par' dir='ltr' id='par_1_2' title="bbox 450 654 1736 729">
     <span class='ocr_line' id='line_1_2' title="bbox 450 654 1736 729; baseline 0 -18"><span class='ocrx_word' id='word_1_3' title='bbox 450 671 630 729; x_wconf 89' lang='lat' dir='ltr'>super</span> <span class='ocrx_word' id='word_1_4' title='bbox 665 655 1024 728; x_wconf 75' lang='lat' dir='ltr'>quotidianis</span> <span class='ocrx_word' id='word_1_5' title='bbox 1060 656 1330 713; x_wconf 77' lang='lat' dir='ltr'><strong>Fratrum</strong></span> <span class='ocrx_word' id='word_1_6' title='bbox 1369 654 1602 712; x_wconf 86' lang='lat' dir='ltr'>statutis</span> <span class='ocrx_word' id='word_1_7' title='bbox 1641 656 1736 711; x_wconf 90' lang='lat' dir='ltr'>ob-</span> 
     </span>
    </p>

    <p class='ocr_par' dir='ltr' id='par_1_3' title="bbox 368 744 1880 906">
     <span class='ocr_line' id='line_1_3' title="bbox 446 744 1880 818; baseline -0.002 -17"><span class='ocrx_word' id='word_1_8' title='bbox 446 744 668 818; x_wconf 85' lang='lat' dir='ltr'>sequiis</span> <span class='ocrx_word' id='word_1_9' title='bbox 687 784 1733 801; x_wconf 76' lang='lat'><strong>............</strong></span> <span class='ocrx_word' id='word_1_10' title='bbox 1808 744 1880 798; x_wconf 84' lang='grc'>45</span> 
     </span>
     <span class='ocr_line' id='line_1_4' title="bbox 368 832 1739 906; baseline -0.001 -17"><span class='ocrx_word' id='word_1_11' title='bbox 368 832 712 906; x_wconf 78' lang='lat' dir='ltr'>Capitulum</span> <span class='ocrx_word' id='word_1_12' title='bbox 761 835 950 890; x_wconf 89' lang='lat' dir='ltr'>XXIII.</span> <span class='ocrx_word' id='word_1_13' title='bbox 1001 836 1079 891; x_wconf 89' lang='lat' dir='ltr'>De</span> <span class='ocrx_word' id='word_1_14' title='bbox 1133 832 1463 891; x_wconf 87' lang='lat' dir='ltr'>obedientia</span> <span class='ocrx_word' id='word_1_15' title='bbox 1512 832 1739 889; x_wconf 87' lang='lat' dir='ltr'>abbatis</span> 
     </span>
    </p>

    <p class='ocr_par' dir='ltr' id='par_1_4' title="bbox 445 922 1738 996">
     <span class='ocr_line' id='line_1_5' title="bbox 445 922 1738 996; baseline 0.001 -18"><span class='ocrx_word' id='word_1_16' title='bbox 445 923 708 989; x_wconf 84' lang='lat' dir='ltr'>Joannis,</span> <span class='ocrx_word' id='word_1_17' title='bbox 739 941 841 995; x_wconf 89' lang='lat' dir='ltr'>per</span> <span class='ocrx_word' id='word_1_18' title='bbox 870 940 1048 996; x_wconf 90' lang='lat' dir='ltr'>quam</span> <span class='ocrx_word' id='word_1_19' title='bbox 1087 924 1162 979; x_wconf 89' lang='lat' dir='ltr'>ad</span> <span class='ocrx_word' id='word_1_20' title='bbox 1202 922 1450 996; x_wconf 87' lang='lat' dir='ltr'>gratiam</span> <span class='ocrx_word' id='word_1_21' title='bbox 1489 922 1738 995; x_wconf 86' lang='lat' dir='ltr'>prophe·</span> 
     </span>
    </p>

    <p class='ocr_par' dir='ltr' id='par_1_5' title="bbox 368 1010 1880 1173">
     <span class='ocr_line' id='line_1_6' title="bbox 445 1010 1880 1084; baseline -0.001 -17"><span class='ocrx_word' id='word_1_22' title='bbox 445 1010 546 1067; x_wconf 84' lang='lat' dir='ltr'>tiae</span> <span class='ocrx_word' id='word_1_23' title='bbox 575 1012 838 1084; x_wconf 83' lang='lat' dir='ltr'>pervenit</span> <span class='ocrx_word' id='word_1_24' title='bbox 877 1053 1732 1067; x_wconf 90' lang='grc'><strong>..........</strong></span> <span class='ocrx_word' id='word_1_25' title='bbox 1808 1010 1880 1066; x_wconf 86' lang='grc'>45</span> 
     </span>
     <span class='ocr_line' id='line_1_7' title="bbox 368 1099 1738 1173; baseline -0.001 -17"><span class='ocrx_word' id='word_1_26' title='bbox 368 1100 712 1171; x_wconf 78' lang='lat' dir='ltr'>Capitulum</span> <span class='ocrx_word' id='word_1_27' title='bbox 741 1102 928 1157; x_wconf 87' lang='lat' dir='ltr'>XXIV.</span> <span class='ocrx_word' id='word_1_28' title='bbox 959 1102 1037 1158; x_wconf 90' lang='lat' dir='ltr'>De</span> <span class='ocrx_word' id='word_1_29' title='bbox 1067 1100 1228 1173; x_wconf 87' lang='lat' dir='ltr'>ligno</span> <span class='ocrx_word' id='word_1_30' title='bbox 1257 1100 1422 1157; x_wconf 90' lang='lat' dir='ltr'>arido</span> <span class='ocrx_word' id='word_1_31' title='bbox 1453 1100 1608 1173; x_wconf 90' lang='lat' dir='ltr'>quod</span> <span class='ocrx_word' id='word_1_32' title='bbox 1637 1099 1738 1155; x_wconf 88' lang='lat' dir='ltr'>ab·</span> 
     </span>
    </p>

    <p class='ocr_par' dir='ltr' id='par_1_6' title="bbox 447 1186 1736 1261">
     <span class='ocr_line' id='line_1_8' title="bbox 447 1186 1736 1261; baseline 0 -17"><span class='ocrx_word' id='word_1_33' title='bbox 447 1190 552 1245; x_wconf 89' lang='lat' dir='ltr'>bas</span> <span class='ocrx_word' id='word_1_34' title='bbox 589 1191 842 1246; x_wconf 84' lang='lat' dir='ltr'>Joannes</span> <span class='ocrx_word' id='word_1_35' title='bbox 877 1188 1088 1261; x_wconf 80' lang='lat' dir='ltr'>rigavit</span> <span class='ocrx_word' id='word_1_36' title='bbox 1119 1189 1194 1245; x_wconf 90' lang='lat' dir='ltr'>ad</span> <span class='ocrx_word' id='word_1_37' title='bbox 1233 1186 1479 1245; x_wconf 89' lang='lat' dir='ltr'>senioris</span> <span class='ocrx_word' id='word_1_38' title='bbox 1517 1187 1607 1245; x_wconf 88' lang='lat' dir='ltr'>sui</span> <span class='ocrx_word' id='word_1_39' title='bbox 1644 1204 1736 1244; x_wconf 90' lang='lat' dir='ltr'>ar-</span> 
     </span>
    </p>

    <p class='ocr_par' dir='ltr' id='par_1_7' title="bbox 371 1277 1736 1438">
     <span class='ocr_line' id='line_1_9' title="bbox 446 1277 694 1334; baseline 0.008 -2"><span class='ocrx_word' id='word_1_40' title='bbox 446 1277 694 1334; x_wconf 92' lang='lat' dir='ltr'>bitrium</span> 
     </span>
     <span class='ocr_line' id='line_1_10' title="bbox 371 1365 1736 1438; baseline -0.001 -15"><span class='ocrx_word' id='word_1_41' title='bbox 371 1365 716 1438; x_wconf 79' lang='lat' dir='ltr'>Capitulum</span> <span class='ocrx_word' id='word_1_42' title='bbox 746 1367 908 1422; x_wconf 85' lang='lat' dir='ltr'>XXV.</span> <span class='ocrx_word' id='word_1_43' title='bbox 951 1366 1029 1423; x_wconf 89' lang='lat' dir='ltr'>De</span> <span class='ocrx_word' id='word_1_44' title='bbox 1067 1365 1242 1421; x_wconf 88' lang='lat' dir='ltr'>unico</span> <span class='ocrx_word' id='word_1_45' title='bbox 1280 1365 1390 1422; x_wconf 91' lang='lat' dir='ltr'>olei</span> <span class='ocrx_word' id='word_1_46' title='bbox 1419 1382 1550 1421; x_wconf 84' lang='lat' dir='ltr'>vase</span> <span class='ocrx_word' id='word_1_47' title='bbox 1583 1382 1619 1421; x_wconf 88' lang='lat' dir='ltr'>a</span> <span class='ocrx_word' id='word_1_48' title='bbox 1645 1365 1736 1421; x_wconf 87' lang='lat' dir='ltr'>Jo-</span> 
     </span>
    </p>
   </div>
   <div class='ocr_carea' id='block_1_3' title="bbox 371 1453 1878 1614">
    <p class='ocr_par' dir='ltr' id='par_1_8' title="bbox 371 1453 1878 1614">
     <span class='ocr_line' id='line_1_11' title="bbox 449 1453 1878 1529; baseline -0.002 -17"><span class='ocrx_word' id='word_1_49' title='bbox 449 1472 606 1513; x_wconf 88' lang='lat' dir='ltr'>anne</span> <span class='ocrx_word' id='word_1_50' title='bbox 638 1456 893 1529; x_wconf 88' lang='lat' dir='ltr'>projecto</span> <span class='ocrx_word' id='word_1_51' title='bbox 921 1457 995 1511; x_wconf 91' lang='lat' dir='ltr'>ad</span> <span class='ocrx_word' id='word_1_52' title='bbox 1015 1454 1261 1511; x_wconf 87' lang='lat' dir='ltr'>senioris</span> <span class='ocrx_word' id='word_1_53' title='bbox 1282 1453 1372 1510; x_wconf 89' lang='lat' dir='ltr'>sui</span> <span class='ocrx_word' id='word_1_54' title='bbox 1403 1454 1732 1527; x_wconf 89' lang='lat' dir='ltr'>imperium.</span> <span class='ocrx_word' id='word_1_55' title='bbox 1807 1454 1878 1509; x_wconf 84' lang='grc'>46</span> 
     </span>
     <span class='ocr_line' id='line_1_12' title="bbox 371 1539 1736 1614; baseline -0.003 -16"><span class='ocrx_word' id='word_1_56' title='bbox 371 1540 712 1614; x_wconf 87' lang='lat' dir='ltr'>Capitulum</span> <span class='ocrx_word' id='word_1_57' title='bbox 753 1541 938 1596; x_wconf 87' lang='lat' dir='ltr'>XXVI.</span> <span class='ocrx_word' id='word_1_58' title='bbox 982 1541 1061 1598; x_wconf 92' lang='lat' dir='ltr'>De</span> <span class='ocrx_word' id='word_1_59' title='bbox 1100 1539 1430 1597; x_wconf 87' lang='lat' dir='ltr'>obedientia</span> <span class='ocrx_word' id='word_1_60' title='bbox 1473 1539 1736 1612; x_wconf 86' lang='lat' dir='ltr'>ejusdem</span> 
     </span>
    </p>
   </div>
   <div class='ocr_carea' id='block_1_4' title="bbox 375 1628 1887 5362">
    <p class='ocr_par' dir='ltr' id='par_1_9' title="bbox 375 1628 1887 5362">
     <span class='ocr_line' id='line_1_13' title="bbox 449 1628 1738 1702; baseline -0.002 -16"><span class='ocrx_word' id='word_1_61' title='bbox 449 1629 512 1686; x_wconf 89' lang='lat' dir='ltr'>in</span> <span class='ocrx_word' id='word_1_62' title='bbox 538 1630 822 1687; x_wconf 79' lang='lat' dir='ltr'>volvendo</span> <span class='ocrx_word' id='word_1_63' title='bbox 851 1646 994 1686; x_wconf 86' lang='lat' dir='ltr'>saxo</span> <span class='ocrx_word' id='word_1_64' title='bbox 1031 1645 1250 1702; x_wconf 87' lang='lat' dir='ltr'>magno</span> <span class='ocrx_word' id='word_1_65' title='bbox 1285 1631 1442 1701; x_wconf 91' lang='lat' dir='ltr'>quod</span> <span class='ocrx_word' id='word_1_66' title='bbox 1471 1644 1507 1685; x_wconf 94' lang='lat' dir='ltr'>a</span> <span class='ocrx_word' id='word_1_67' title='bbox 1537 1628 1738 1685; x_wconf 89' lang='lat' dir='ltr'>multis</span> 
     </span>
     <span class='ocr_line' id='line_1_14' title="bbox 451 1717 1882 1792; baseline -0.002 -17"><span class='ocrx_word' id='word_1_68' title='bbox 451 1736 572 1776; x_wconf 90' lang='lat' dir='ltr'>non</span> <span class='ocrx_word' id='word_1_69' title='bbox 612 1722 837 1792; x_wconf 88' lang='lat' dir='ltr'>poterat</span> <span class='ocrx_word' id='word_1_70' title='bbox 873 1718 1093 1775; x_wconf 87' lang='lat' dir='ltr'>moveri</span> <span class='ocrx_word' id='word_1_71' title='bbox 1151 1759 1734 1774; x_wconf 92' lang='grc'><strong>.......</strong></span> <span class='ocrx_word' id='word_1_72' title='bbox 1809 1717 1882 1773; x_wconf 86' lang='grc'>46</span> 
     </span>
     <span class='ocr_line' id='line_1_15' title="bbox 375 1808 1740 1881; baseline -0.001 -16"><span class='ocrx_word' id='word_1_73' title='bbox 375 1809 715 1881; x_wconf 87' lang='lat' dir='ltr'>Capitulum</span> <span class='ocrx_word' id='word_1_74' title='bbox 764 1810 978 1864; x_wconf 84' lang='lat' dir='ltr'>XXVII.</span> <span class='ocrx_word' id='word_1_75' title='bbox 1019 1808 1098 1864; x_wconf 90' lang='lat' dir='ltr'>De</span> <span class='ocrx_word' id='word_1_76' title='bbox 1147 1808 1474 1865; x_wconf 88' lang='lat' dir='ltr'>humilitate</span> <span class='ocrx_word' id='word_1_77' title='bbox 1517 1811 1574 1864; x_wconf 87' lang='lat' dir='ltr'>et</span> <span class='ocrx_word' id='word_1_78' title='bbox 1611 1808 1740 1864; x_wconf 91' lang='lat' dir='ltr'>obe-</span> 
     </span>
     <span class='ocr_line' id='line_1_16' title="bbox 455 1897 1742 1971; baseline -0.002 -17"><span class='ocrx_word' id='word_1_79' title='bbox 455 1898 676 1955; x_wconf 86' lang='lat' dir='ltr'>dientia</span> <span class='ocrx_word' id='word_1_80' title='bbox 703 1898 930 1954; x_wconf 87' lang='lat' dir='ltr'>abbatis</span> <span class='ocrx_word' id='word_1_81' title='bbox 956 1897 1115 1955; x_wconf 84' lang='lat' dir='ltr'>Mutii</span> <span class='ocrx_word' id='word_1_82' title='bbox 1141 1897 1199 1952; x_wconf 91' lang='lat' dir='ltr'>in</span> <span class='ocrx_word' id='word_1_83' title='bbox 1229 1897 1584 1971; x_wconf 89' lang='lat' dir='ltr'>projiciendo</span> <span class='ocrx_word' id='word_1_84' title='bbox 1613 1913 1742 1969; x_wconf 92' lang='lat' dir='ltr'>pro-</span> 
     </span>
     <span class='ocr_line' id='line_1_17' title="bbox 455 1986 1738 2060; baseline 0.001 -18"><span class='ocrx_word' id='word_1_85' title='bbox 455 1986 651 2059; x_wconf 87' lang='lat' dir='ltr'>prium</span> <span class='ocrx_word' id='word_1_86' title='bbox 683 1986 870 2043; x_wconf 89' lang='lat' dir='ltr'>filium</span> <span class='ocrx_word' id='word_1_87' title='bbox 905 2004 1079 2044; x_wconf 88' lang='lat' dir='ltr'>suum</span> <span class='ocrx_word' id='word_1_88' title='bbox 1110 1987 1171 2042; x_wconf 90' lang='lat' dir='ltr'>in</span> <span class='ocrx_word' id='word_1_89' title='bbox 1210 1986 1430 2043; x_wconf 84' lang='lat' dir='ltr'>flumen</span> <span class='ocrx_word' id='word_1_90' title='bbox 1451 1987 1624 2060; x_wconf 83' lang='lat' dir='ltr'>juxta</span> <span class='ocrx_word' id='word_1_91' title='bbox 1652 2003 1738 2043; x_wconf 90' lang='lat' dir='ltr'>se-</span> 
     </span>
     <span class='ocr_line' id='line_1_18' title="bbox 459 2076 1880 2148; baseline 0.001 -16"><span class='ocrx_word' id='word_1_92' title='bbox 459 2076 642 2133; x_wconf 88' lang='lat' dir='ltr'>nioris</span> <span class='ocrx_word' id='word_1_93' title='bbox 669 2076 984 2148; x_wconf 90' lang='lat' dir='ltr'>imperium</span> <span class='ocrx_word' id='word_1_94' title='bbox 1064 2117 1735 2133; x_wconf 92' lang='grc'><strong>........</strong></span> <span class='ocrx_word' id='word_1_95' title='bbox 1810 2079 1880 2133; x_wconf 88' lang='grc'>47</span> 
     </span>
     <span class='ocr_line' id='line_1_19' title="bbox 377 2164 1794 2238; baseline 0.001 -18"><span class='ocrx_word' id='word_1_96' title='bbox 377 2164 712 2238; x_wconf 86' lang='lat' dir='ltr'>Capitulum</span> <span class='ocrx_word' id='word_1_97' title='bbox 745 2166 982 2221; x_wconf 87' lang='lat' dir='ltr'>XXVIII.</span> <span class='ocrx_word' id='word_1_98' title='bbox 1015 2164 1276 2230; x_wconf 83' lang='lat' dir='ltr'>Qualiter</span> <span class='ocrx_word' id='word_1_99' title='bbox 1311 2165 1624 2222; x_wconf 83' lang='lat' dir='ltr'>revelatum</span> <span class='ocrx_word' id='word_1_100' title='bbox 1665 2166 1741 2222; x_wconf 78' lang='lat' dir='ltr'>sIt</span> <span class='ocrx_word' id='word_1_101' title='bbox 1789 2232 1794 2235; x_wconf 22' lang='lat'>¹</span> 
     </span>
     <span class='ocr_line' id='line_1_20' title="bbox 454 2252 1738 2326; baseline 0.001 -17"><span class='ocrx_word' id='word_1_102' title='bbox 454 2252 648 2310; x_wconf 87' lang='lat' dir='ltr'>abbati</span> <span class='ocrx_word' id='word_1_103' title='bbox 714 2253 978 2320; x_wconf 84' lang='lat' dir='ltr'>coenobii,</span> <span class='ocrx_word' id='word_1_104' title='bbox 1026 2253 1270 2311; x_wconf 82' lang='lat' dir='ltr'>Mutium</span> <span class='ocrx_word' id='word_1_105' title='bbox 1334 2252 1537 2310; x_wconf 87' lang='lat' dir='ltr'>fecisse</span> <span class='ocrx_word' id='word_1_106' title='bbox 1593 2271 1738 2326; x_wconf 88' lang='lat' dir='ltr'>opus</span> 
     </span>
     <span class='ocr_line' id='line_1_21' title="bbox 455 2341 1740 2416; baseline 0 -18"><span class='ocrx_word' id='word_1_107' title='bbox 455 2343 701 2399; x_wconf 82' lang='lat' dir='ltr'>Abrahae</span> <span class='ocrx_word' id='word_1_108' title='bbox 731 2343 1076 2415; x_wconf 67' lang='lat' dir='ltr'>patriarchae</span> <span class='ocrx_word' id='word_1_109' title='bbox 1093 2360 1108 2409; x_wconf 88' lang='lat'>;</span> <span class='ocrx_word' id='word_1_110' title='bbox 1139 2346 1197 2399; x_wconf 92' lang='lat' dir='ltr'>et</span> <span class='ocrx_word' id='word_1_111' title='bbox 1224 2344 1380 2415; x_wconf 90' lang='lat' dir='ltr'>quod</span> <span class='ocrx_word' id='word_1_112' title='bbox 1419 2341 1476 2399; x_wconf 88' lang='lat' dir='ltr'>in</span> <span class='ocrx_word' id='word_1_113' title='bbox 1506 2343 1740 2416; x_wconf 87' lang='lat' dir='ltr'>regimi-</span> 
     </span>
     <span class='ocr_line' id='line_1_22' title="bbox 456 2431 1741 2490; baseline 0.001 -3"><span class='ocrx_word' id='word_1_114' title='bbox 456 2448 528 2490; x_wconf 90' lang='lat' dir='ltr'>ne</span> <span class='ocrx_word' id='word_1_115' title='bbox 585 2431 924 2489; x_wconf 86' lang='lat' dir='ltr'>monasterii</span> <span class='ocrx_word' id='word_1_116' title='bbox 979 2431 1190 2489; x_wconf 81' lang='lat' dir='ltr'>Mutius</span> <span class='ocrx_word' id='word_1_117' title='bbox 1241 2449 1346 2488; x_wconf 89' lang='lat' dir='ltr'>suo</span> <span class='ocrx_word' id='word_1_118' title='bbox 1399 2432 1741 2490; x_wconf 76' lang='lat' dir='ltr'>successerit</span> 
     </span>
     <span class='ocr_line' id='line_1_23' title="bbox 455 2521 1882 2579; baseline 0.001 -2"><span class='ocrx_word' id='word_1_119' title='bbox 455 2521 649 2577; x_wconf 89' lang='lat' dir='ltr'>abbati</span> <span class='ocrx_word' id='word_1_120' title='bbox 691 2561 1735 2577; x_wconf 90' lang='grc'><strong>............</strong></span> <span class='ocrx_word' id='word_1_121' title='bbox 1810 2524 1882 2579; x_wconf 84' lang='grc'>47</span> 
     </span>
     <span class='ocr_line' id='line_1_24' title="bbox 379 2610 1738 2684; baseline 0.001 -17"><span class='ocrx_word' id='word_1_122' title='bbox 379 2610 715 2684; x_wconf 83' lang='lat' dir='ltr'>Capitulum</span> <span class='ocrx_word' id='word_1_123' title='bbox 768 2611 954 2666; x_wconf 85' lang='lat' dir='ltr'>XXIX.</span> <span class='ocrx_word' id='word_1_124' title='bbox 1005 2612 1084 2668; x_wconf 90' lang='lat' dir='ltr'>De</span> <span class='ocrx_word' id='word_1_125' title='bbox 1137 2611 1334 2668; x_wconf 83' lang='lat' dir='ltr'>Fratre</span> <span class='ocrx_word' id='word_1_126' title='bbox 1385 2610 1486 2683; x_wconf 89' lang='lat' dir='ltr'>qui</span> <span class='ocrx_word' id='word_1_127' title='bbox 1537 2613 1738 2669; x_wconf 89' lang='lat' dir='ltr'>decem</span> 
     </span>
     <span class='ocr_line' id='line_1_25' title="bbox 453 2700 1879 2775; baseline 0.001 -18"><span class='ocrx_word' id='word_1_128' title='bbox 453 2704 681 2773; x_wconf 88' lang='lat' dir='ltr'>sportas</span> <span class='ocrx_word' id='word_1_129' title='bbox 709 2701 938 2773; x_wconf 91' lang='lat' dir='ltr'>publice</span> <span class='ocrx_word' id='word_1_130' title='bbox 976 2700 1395 2775; x_wconf 78' lang='lat' dir='ltr'>sigillatimque</span> <span class='ocrx_word' id='word_1_131' title='bbox 1419 2702 1682 2759; x_wconf 82' lang='lat' dir='ltr'>vendidit</span> <span class='ocrx_word' id='word_1_132' title='bbox 1721 2746 1732 2757; x_wconf 94' lang='lat'>.</span> <span class='ocrx_word' id='word_1_133' title='bbox 1808 2702 1879 2758; x_wconf 91' lang='grc'>47</span> 
     </span>
     <span class='ocr_line' id='line_1_26' title="bbox 379 2789 1738 2862; baseline 0.001 -17"><span class='ocrx_word' id='word_1_134' title='bbox 379 2789 716 2862; x_wconf 88' lang='lat' dir='ltr'>Capitulum</span> <span class='ocrx_word' id='word_1_135' title='bbox 742 2790 901 2845; x_wconf 90' lang='lat' dir='ltr'>XXX.</span> <span class='ocrx_word' id='word_1_136' title='bbox 933 2790 1012 2847; x_wconf 91' lang='lat' dir='ltr'>De</span> <span class='ocrx_word' id='word_1_137' title='bbox 1042 2789 1368 2847; x_wconf 87' lang='lat' dir='ltr'>humilitate</span> <span class='ocrx_word' id='word_1_138' title='bbox 1397 2790 1622 2846; x_wconf 89' lang='lat' dir='ltr'>abbatis</span> <span class='ocrx_word' id='word_1_139' title='bbox 1649 2792 1738 2847; x_wconf 87' lang='lat' dir='ltr'>Pi—</span> 
     </span>
     <span class='ocr_line' id='line_1_27' title="bbox 454 2877 1736 2951; baseline 0.002 -17"><span class='ocrx_word' id='word_1_140' title='bbox 454 2877 687 2951; x_wconf 88' lang='lat' dir='ltr'>nuphii,</span> <span class='ocrx_word' id='word_1_141' title='bbox 719 2878 820 2951; x_wconf 89' lang='lat' dir='ltr'>qui</span> <span class='ocrx_word' id='word_1_142' title='bbox 867 2878 1068 2935; x_wconf 89' lang='lat' dir='ltr'>relicto</span> <span class='ocrx_word' id='word_1_143' title='bbox 1112 2877 1489 2935; x_wconf 90' lang='lat' dir='ltr'>celeberrimo</span> <span class='ocrx_word' id='word_1_144' title='bbox 1536 2896 1736 2937; x_wconf 91' lang='lat' dir='ltr'>mona-</span> 
     </span>
     <span class='ocr_line' id='line_1_28' title="bbox 451 2965 1737 3041; baseline 0.002 -18"><span class='ocrx_word' id='word_1_145' title='bbox 451 2969 628 3025; x_wconf 91' lang='lat' dir='ltr'>sterio</span> <span class='ocrx_word' id='word_1_146' title='bbox 687 2968 782 3024; x_wconf 92' lang='lat' dir='ltr'>cui</span> <span class='ocrx_word' id='word_1_147' title='bbox 838 2965 1070 3040; x_wconf 84' lang='lat' dir='ltr'>praefuit</span> <span class='ocrx_word' id='word_1_148' title='bbox 1130 2968 1444 3041; x_wconf 78' lang='lat' dir='ltr'>presbyter,</span> <span class='ocrx_word' id='word_1_149' title='bbox 1503 2968 1737 3041; x_wconf 88' lang='lat' dir='ltr'>longin-</span> 
     </span>
     <span class='ocr_line' id='line_1_29' title="bbox 449 3055 1738 3129; baseline 0.002 -16"><span class='ocrx_word' id='word_1_150' title='bbox 449 3062 634 3129; x_wconf 88' lang='lat' dir='ltr'>quum</span> <span class='ocrx_word' id='word_1_151' title='bbox 665 3055 998 3113; x_wconf 87' lang='lat' dir='ltr'>coenobium</span> <span class='ocrx_word' id='word_1_152' title='bbox 1036 3055 1293 3128; x_wconf 82' lang='lat' dir='ltr'>expetiit,</span> <span class='ocrx_word' id='word_1_153' title='bbox 1327 3060 1390 3113; x_wconf 91' lang='lat' dir='ltr'>ut</span> <span class='ocrx_word' id='word_1_154' title='bbox 1421 3056 1738 3129; x_wconf 89' lang='lat' dir='ltr'>suscipere-</span> 
     </span>
     <span class='ocr_line' id='line_1_30' title="bbox 451 3146 1740 3218; baseline 0.002 -17"><span class='ocrx_word' id='word_1_155' title='bbox 451 3150 551 3203; x_wconf 86' lang='lat' dir='ltr'>tur</span> <span class='ocrx_word' id='word_1_156' title='bbox 589 3146 648 3202; x_wconf 89' lang='lat' dir='ltr'>in</span> <span class='ocrx_word' id='word_1_157' title='bbox 698 3162 765 3203; x_wconf 90' lang='lat' dir='ltr'>eo</span> <span class='ocrx_word' id='word_1_158' title='bbox 813 3148 1093 3218; x_wconf 89' lang='lat' dir='ltr'>tanquam</span> <span class='ocrx_word' id='word_1_159' title='bbox 1144 3146 1412 3212; x_wconf 82' lang='lat' dir='ltr'>novitius,</span> <span class='ocrx_word' id='word_1_160' title='bbox 1453 3146 1740 3205; x_wconf 85' lang='lat' dir='ltr'>desiderio</span> 
     </span>
     <span class='ocr_line' id='line_1_31' title="bbox 453 3234 1882 3308; baseline 0.001 -17"><span class='ocrx_word' id='word_1_161' title='bbox 453 3234 836 3308; x_wconf 85' lang='lat' dir='ltr'>subjectionis</span> <span class='ocrx_word' id='word_1_162' title='bbox 875 3276 1736 3291; x_wconf 88' lang='lat'>..........</span> <span class='ocrx_word' id='word_1_163' title='bbox 1809 3238 1882 3293; x_wconf 85' lang='grc'>48</span> 
     </span>
     <span class='ocr_line' id='line_1_32' title="bbox 383 3323 1739 3397; baseline 0.001 -16"><span class='ocrx_word' id='word_1_164' title='bbox 383 3324 716 3397; x_wconf 89' lang='lat' dir='ltr'>Capitulum</span> <span class='ocrx_word' id='word_1_165' title='bbox 743 3325 932 3380; x_wconf 88' lang='lat' dir='ltr'>XXXI.</span> <span class='ocrx_word' id='word_1_166' title='bbox 964 3323 1225 3390; x_wconf 84' lang='lat' dir='ltr'>Qualiter</span> <span class='ocrx_word' id='word_1_167' title='bbox 1257 3324 1414 3382; x_wconf 90' lang='lat' dir='ltr'>idem</span> <span class='ocrx_word' id='word_1_168' title='bbox 1445 3325 1625 3382; x_wconf 89' lang='lat' dir='ltr'>abbas</span> <span class='ocrx_word' id='word_1_169' title='bbox 1652 3342 1739 3382; x_wconf 90' lang='lat' dir='ltr'>re-</span> 
     </span>
     <span class='ocr_line' id='line_1_33' title="bbox 453 3412 1737 3481; baseline 0.002 -12"><span class='ocrx_word' id='word_1_170' title='bbox 453 3415 666 3471; x_wconf 88' lang='lat' dir='ltr'>ductus</span> <span class='ocrx_word' id='word_1_171' title='bbox 703 3414 778 3471; x_wconf 94' lang='lat' dir='ltr'>ad</span> <span class='ocrx_word' id='word_1_172' title='bbox 819 3412 1240 3472; x_wconf 87' lang='lat' dir='ltr'>monasterium</span> <span class='ocrx_word' id='word_1_173' title='bbox 1287 3430 1483 3481; x_wconf 86' lang='lat' dir='ltr'>suum,</span> <span class='ocrx_word' id='word_1_174' title='bbox 1525 3413 1737 3472; x_wconf 89' lang='lat' dir='ltr'>iterum</span> 
     </span>
     <span class='ocr_line' id='line_1_34' title="bbox 454 3500 1884 3575; baseline 0.003 -19"><span class='ocrx_word' id='word_1_175' title='bbox 454 3500 670 3575; x_wconf 83' lang='lat' dir='ltr'>fugerit</span> <span class='ocrx_word' id='word_1_176' title='bbox 697 3501 756 3557; x_wconf 87' lang='lat' dir='ltr'>in</span> <span class='ocrx_word' id='word_1_177' title='bbox 791 3501 970 3574; x_wconf 82' lang='lat' dir='ltr'>Syriae</span> <span class='ocrx_word' id='word_1_178' title='bbox 1006 3506 1200 3573; x_wconf 88' lang='lat' dir='ltr'>partes</span> <span class='ocrx_word' id='word_1_179' title='bbox 1260 3544 1738 3560; x_wconf 92' lang='lat'>......</span> <span class='ocrx_word' id='word_1_180' title='bbox 1813 3504 1884 3561; x_wconf 97' lang='grc'>49</span> 
     </span>
     <span class='ocr_line' id='line_1_35' title="bbox 381 3591 1736 3665; baseline 0.001 -17"><span class='ocrx_word' id='word_1_181' title='bbox 381 3591 717 3665; x_wconf 88' lang='lat' dir='ltr'>Capitulum</span> <span class='ocrx_word' id='word_1_182' title='bbox 746 3591 960 3647; x_wconf 88' lang='lat' dir='ltr'>XXXII.</span> <span class='ocrx_word' id='word_1_183' title='bbox 985 3592 1060 3648; x_wconf 89' lang='lat' dir='ltr'>De</span> <span class='ocrx_word' id='word_1_184' title='bbox 1092 3592 1396 3665; x_wconf 60' lang='lat' dir='ltr'>praeceptis</span> <span class='ocrx_word' id='word_1_185' title='bbox 1423 3609 1554 3665; x_wconf 80' lang='lat' dir='ltr'>quoe</span> <span class='ocrx_word' id='word_1_186' title='bbox 1581 3592 1736 3650; x_wconf 87' lang='lat' dir='ltr'>idem</span> 
     </span>
     <span class='ocr_line' id='line_1_36' title="bbox 454 3679 1740 3754; baseline 0.002 -16"><span class='ocrx_word' id='word_1_187' title='bbox 454 3682 638 3738; x_wconf 83' lang='lat' dir='ltr'>abbas</span> <span class='ocrx_word' id='word_1_188' title='bbox 675 3680 836 3738; x_wconf 87' lang='lat' dir='ltr'>dedit</span> <span class='ocrx_word' id='word_1_189' title='bbox 875 3679 1059 3737; x_wconf 79' lang='lat' dir='ltr'>Fratri</span> <span class='ocrx_word' id='word_1_190' title='bbox 1098 3698 1274 3754; x_wconf 89' lang='lat' dir='ltr'>quem</span> <span class='ocrx_word' id='word_1_191' title='bbox 1315 3682 1375 3738; x_wconf 90' lang='lat' dir='ltr'>in</span> <span class='ocrx_word' id='word_1_192' title='bbox 1415 3685 1614 3739; x_wconf 89' lang='lat' dir='ltr'>nostra</span> <span class='ocrx_word' id='word_1_193' title='bbox 1653 3699 1740 3740; x_wconf 90' lang='lat' dir='ltr'>re-</span> 
     </span>
     <span class='ocr_line' id='line_1_37' title="bbox 455 3770 1884 3843; baseline 0.001 -17"><span class='ocrx_word' id='word_1_194' title='bbox 455 3770 609 3843; x_wconf 90' lang='lat' dir='ltr'>cepit</span> <span class='ocrx_word' id='word_1_195' title='bbox 635 3770 945 3843; x_wconf 82' lang='lat' dir='ltr'>praesentia</span> <span class='ocrx_word' id='word_1_196' title='bbox 987 3813 1739 3827; x_wconf 90' lang='lat'>.........</span> <span class='ocrx_word' id='word_1_197' title='bbox 1813 3774 1884 3828; x_wconf 90' lang='grc'>49</span> 
     </span>
     <span class='ocr_line' id='line_1_38' title="bbox 381 3858 1739 3934; baseline 0.001 -19"><span class='ocrx_word' id='word_1_198' title='bbox 381 3858 714 3931; x_wconf 85' lang='lat' dir='ltr'>Capitulum</span> <span class='ocrx_word' id='word_1_199' title='bbox 763 3860 999 3915; x_wconf 87' lang='lat' dir='ltr'>XXXIII.</span> <span class='ocrx_word' id='word_1_200' title='bbox 1047 3860 1212 3925; x_wconf 89' lang='lat' dir='ltr'>Quod</span> <span class='ocrx_word' id='word_1_201' title='bbox 1259 3860 1411 3917; x_wconf 87' lang='lat' dir='ltr'>sicut</span> <span class='ocrx_word' id='word_1_202' title='bbox 1455 3876 1739 3934; x_wconf 90' lang='lat' dir='ltr'>magnum</span> 
     </span>
     <span class='ocr_line' id='line_1_39' title="bbox 458 3948 1745 4023; baseline 0.002 -18"><span class='ocrx_word' id='word_1_203' title='bbox 458 3952 545 4005; x_wconf 88' lang='lat' dir='ltr'>est</span> <span class='ocrx_word' id='word_1_204' title='bbox 592 3948 904 4021; x_wconf 80' lang='lat' dir='ltr'>praemium</span> <span class='ocrx_word' id='word_1_205' title='bbox 954 3949 1242 4005; x_wconf 91' lang='lat' dir='ltr'>monacho</span> <span class='ocrx_word' id='word_1_206' title='bbox 1289 3948 1463 4023; x_wconf 81' lang='lat' dir='ltr'>digne</span> <span class='ocrx_word' id='word_1_207' title='bbox 1508 3966 1745 4008; x_wconf 74' lang='lat' dir='ltr'>conver-</span> 
     </span>
     <span class='ocr_line' id='line_1_40' title="bbox 459 4037 1744 4111; baseline 0 -18"><span class='ocrx_word' id='word_1_208' title='bbox 459 4037 632 4101; x_wconf 82' lang='lat' dir='ltr'>santi,</span> <span class='ocrx_word' id='word_1_209' title='bbox 665 4037 748 4093; x_wconf 91' lang='lat' dir='ltr'>sic</span> <span class='ocrx_word' id='word_1_210' title='bbox 777 4054 995 4111; x_wconf 90' lang='lat' dir='ltr'>magna</span> <span class='ocrx_word' id='word_1_211' title='bbox 1023 4038 1200 4095; x_wconf 90' lang='lat' dir='ltr'>instet</span> <span class='ocrx_word' id='word_1_212' title='bbox 1229 4038 1530 4094; x_wconf 90' lang='lat' dir='ltr'>damnatio</span> <span class='ocrx_word' id='word_1_213' title='bbox 1559 4039 1744 4111; x_wconf 85' lang='lat' dir='ltr'>negli-</span> 
     </span>
     <span class='ocr_line' id='line_1_41' title="bbox 457 4126 1739 4200; baseline -0.001 -16"><span class='ocrx_word' id='word_1_214' title='bbox 457 4126 614 4200; x_wconf 82' lang='lat' dir='ltr'>genti</span> <span class='ocrx_word' id='word_1_215' title='bbox 648 4144 661 4182; x_wconf 92' lang='lat'><strong>:</strong></span> <span class='ocrx_word' id='word_1_216' title='bbox 694 4127 824 4183; x_wconf 90' lang='lat' dir='ltr'>ideo</span> <span class='ocrx_word' id='word_1_217' title='bbox 863 4144 980 4182; x_wconf 91' lang='lat' dir='ltr'>non</span> <span class='ocrx_word' id='word_1_218' title='bbox 1019 4127 1228 4184; x_wconf 91' lang='lat' dir='ltr'>debere</span> <span class='ocrx_word' id='word_1_219' title='bbox 1276 4142 1634 4198; x_wconf 89' lang='lat' dir='ltr'>quemquam</span> <span class='ocrx_word' id='word_1_220' title='bbox 1679 4126 1739 4183; x_wconf 90' lang='lat' dir='ltr'>in</span> 
     </span>
     <span class='ocr_line' id='line_1_42' title="bbox 459 4214 1883 4287; baseline 0.001 -16"><span class='ocrx_word' id='word_1_221' title='bbox 459 4215 814 4273; x_wconf 88' lang='lat' dir='ltr'>monasterio</span> <span class='ocrx_word' id='word_1_222' title='bbox 840 4214 1086 4272; x_wconf 82' lang='lat' dir='ltr'>faciliter</span> <span class='ocrx_word' id='word_1_223' title='bbox 1113 4214 1291 4287; x_wconf 88' lang='lat' dir='ltr'>recipi</span> <span class='ocrx_word' id='word_1_224' title='bbox 1354 4258 1735 4271; x_wconf 92' lang='lat'>.....</span> <span class='ocrx_word' id='word_1_225' title='bbox 1812 4216 1883 4273; x_wconf 90' lang='grc'>49</span> 
     </span>
     <span class='ocr_line' id='line_1_43' title="bbox 383 4304 1740 4377; baseline -0.001 -14"><span class='ocrx_word' id='word_1_226' title='bbox 383 4305 710 4377; x_wconf 85' lang='lat' dir='ltr'>Capitulum</span> <span class='ocrx_word' id='word_1_227' title='bbox 733 4304 966 4359; x_wconf 87' lang='lat' dir='ltr'>XXXIV.</span> <span class='ocrx_word' id='word_1_228' title='bbox 991 4304 1157 4369; x_wconf 90' lang='lat' dir='ltr'>Quod</span> <span class='ocrx_word' id='word_1_229' title='bbox 1176 4304 1599 4361; x_wconf 88' lang='lat' dir='ltr'>abrenuntiatio</span> <span class='ocrx_word' id='word_1_230' title='bbox 1621 4321 1740 4361; x_wconf 88' lang='lat' dir='ltr'>non</span> 
     </span>
     <span class='ocr_line' id='line_1_44' title="bbox 457 4392 1738 4468; baseline 0 -17"><span class='ocrx_word' id='word_1_231' title='bbox 457 4396 535 4451; x_wconf 85' lang='lat' dir='ltr'>sit</span> <span class='ocrx_word' id='word_1_232' title='bbox 577 4394 739 4452; x_wconf 89' lang='lat' dir='ltr'>aliud</span> <span class='ocrx_word' id='word_1_233' title='bbox 782 4409 961 4466; x_wconf 89' lang='lat' dir='ltr'>quam</span> <span class='ocrx_word' id='word_1_234' title='bbox 1020 4392 1392 4449; x_wconf 82' lang='lat' dir='ltr'>mortificatio</span> <span class='ocrx_word' id='word_1_235' title='bbox 1441 4396 1500 4450; x_wconf 90' lang='lat' dir='ltr'>et</span> <span class='ocrx_word' id='word_1_236' title='bbox 1544 4393 1738 4468; x_wconf 87' lang='lat' dir='ltr'>imago</span> 
     </span>
     <span class='ocr_line' id='line_1_45' title="bbox 458 4483 1884 4541; baseline 0 0"><span class='ocrx_word' id='word_1_237' title='bbox 458 4483 723 4541; x_wconf 82' lang='lat' dir='ltr'>crucifixi</span> <span class='ocrx_word' id='word_1_238' title='bbox 799 4524 1737 4539; x_wconf 92' lang='grc'><strong>...........</strong></span> <span class='ocrx_word' id='word_1_239' title='bbox 1813 4484 1884 4541; x_wconf 83' lang='grc'>50</span> 
     </span>
     <span class='ocr_line' id='line_1_46' title="bbox 383 4570 1737 4646; baseline -0.001 -17"><span class='ocrx_word' id='word_1_240' title='bbox 383 4573 716 4646; x_wconf 90' lang='lat' dir='ltr'>Capitulum</span> <span class='ocrx_word' id='word_1_241' title='bbox 746 4572 953 4628; x_wconf 86' lang='lat' dir='ltr'>XXXV.</span> <span class='ocrx_word' id='word_1_242' title='bbox 976 4573 1140 4637; x_wconf 89' lang='lat' dir='ltr'>Quod</span> <span class='ocrx_word' id='word_1_243' title='bbox 1169 4570 1349 4627; x_wconf 91' lang='lat' dir='ltr'>timor</span> <span class='ocrx_word' id='word_1_244' title='bbox 1372 4570 1467 4628; x_wconf 89' lang='lat' dir='ltr'>Dei</span> <span class='ocrx_word' id='word_1_245' title='bbox 1495 4571 1569 4627; x_wconf 88' lang='lat' dir='ltr'>sit</span> <span class='ocrx_word' id='word_1_246' title='bbox 1596 4587 1737 4628; x_wconf 82' lang='lat' dir='ltr'>crux</span> 
     </span>
     <span class='ocr_line' id='line_1_47' title="bbox 459 4663 1887 4740; baseline -0.001 -21"><span class='ocrx_word' id='word_1_247' title='bbox 459 4666 658 4720; x_wconf 87' lang='lat' dir='ltr'>nostra</span> <span class='ocrx_word' id='word_1_248' title='bbox 710 4706 722 4717; x_wconf 94' lang='lat'>.</span> <span class='ocrx_word' id='word_1_249' title='bbox 804 4706 815 4716; x_wconf 92' lang='lat'>.</span> <span class='ocrx_word' id='word_1_250' title='bbox 896 4705 909 4717; x_wconf 93' lang='lat'>.</span> <span class='ocrx_word' id='word_1_251' title='bbox 975 4736 983 4740; x_wconf 75' lang='lat'>.</span> <span class='ocrx_word' id='word_1_252' title='bbox 989 4703 1740 4719; x_wconf 91' lang='grc'><strong>.........</strong></span> <span class='ocrx_word' id='word_1_253' title='bbox 1814 4663 1887 4719; x_wconf 89' lang='grc'>50</span> 
     </span>
     <span class='ocr_line' id='line_1_48' title="bbox 383 4750 1738 4825; baseline -0.002 -16"><span class='ocrx_word' id='word_1_254' title='bbox 383 4752 715 4825; x_wconf 89' lang='lat' dir='ltr'>Capitulum</span> <span class='ocrx_word' id='word_1_255' title='bbox 743 4752 975 4808; x_wconf 83' lang='lat' dir='ltr'>XXXVI.</span> <span class='ocrx_word' id='word_1_256' title='bbox 1008 4753 1174 4817; x_wconf 91' lang='lat' dir='ltr'>Quod</span> <span class='ocrx_word' id='word_1_257' title='bbox 1208 4750 1564 4808; x_wconf 87' lang='lat' dir='ltr'>renuntiatio</span> <span class='ocrx_word' id='word_1_258' title='bbox 1593 4750 1738 4807; x_wconf 88' lang='lat' dir='ltr'>nihil</span> 
     </span>
     <span class='ocr_line' id='line_1_49' title="bbox 459 4839 1743 4914; baseline 0 -17"><span class='ocrx_word' id='word_1_259' title='bbox 459 4842 658 4914; x_wconf 86' lang='lat' dir='ltr'>prosit,</span> <span class='ocrx_word' id='word_1_260' title='bbox 689 4840 738 4897; x_wconf 90' lang='lat' dir='ltr'>si</span> <span class='ocrx_word' id='word_1_261' title='bbox 768 4840 860 4896; x_wconf 89' lang='lat' dir='ltr'>his</span> <span class='ocrx_word' id='word_1_262' title='bbox 897 4840 1110 4913; x_wconf 89' lang='lat' dir='ltr'>quibus</span> <span class='ocrx_word' id='word_1_263' title='bbox 1145 4839 1610 4897; x_wconf 79' lang='lat' dir='ltr'>renuntiavimus</span> <span class='ocrx_word' id='word_1_264' title='bbox 1644 4839 1743 4897; x_wconf 85' lang='lat' dir='ltr'>ite-</span> 
     </span>
     <span class='ocr_line' id='line_1_50' title="bbox 458 4930 1003 5002; baseline -0.002 -15"><span class='ocrx_word' id='word_1_265' title='bbox 458 4948 589 4987; x_wconf 90' lang='lat' dir='ltr'>rum</span> <span class='ocrx_word' id='word_1_266' title='bbox 625 4930 1003 5002; x_wconf 85' lang='lat' dir='ltr'>implicemur</span> 
     </span>
     <span class='ocr_line' id='line_1_51' title="bbox 385 5017 1740 5093; baseline -0.001 -17"><span class='ocrx_word' id='word_1_267' title='bbox 385 5020 716 5093; x_wconf 87' lang='lat' dir='ltr'>Capitulum</span> <span class='ocrx_word' id='word_1_268' title='bbox 747 5019 1009 5074; x_wconf 77' lang='lat' dir='ltr'>XXXVII.</span> <span class='ocrx_word' id='word_1_269' title='bbox 1040 5019 1207 5084; x_wconf 90' lang='lat' dir='ltr'>Quod</span> <span class='ocrx_word' id='word_1_270' title='bbox 1247 5017 1514 5075; x_wconf 86' lang='lat' dir='ltr'>diabolus</span> <span class='ocrx_word' id='word_1_271' title='bbox 1542 5023 1740 5075; x_wconf 88' lang='lat' dir='ltr'>nostro</span> 
     </span>
     <span class='ocr_line' id='line_1_52' title="bbox 458 5106 1739 5179; baseline 0.002 -15"><span class='ocrx_word' id='word_1_272' title='bbox 458 5109 560 5165; x_wconf 87' lang='lat' dir='ltr'>fini</span> <span class='ocrx_word' id='word_1_273' title='bbox 589 5124 821 5179; x_wconf 84' lang='lat' dir='ltr'>semper</span> <span class='ocrx_word' id='word_1_274' title='bbox 849 5106 1176 5173; x_wconf 87' lang='lat' dir='ltr'>insidietur,</span> <span class='ocrx_word' id='word_1_275' title='bbox 1208 5110 1266 5165; x_wconf 87' lang='lat' dir='ltr'>et</span> <span class='ocrx_word' id='word_1_276' title='bbox 1303 5125 1408 5164; x_wconf 90' lang='lat' dir='ltr'>nos</span> <span class='ocrx_word' id='word_1_277' title='bbox 1438 5109 1739 5167; x_wconf 82' lang='lat' dir='ltr'>observare</span> 
     </span>
     <span class='ocr_line' id='line_1_53' title="bbox 447 5196 1880 5272; baseline 0.001 -18"><span class='ocrx_word' id='word_1_278' title='bbox 447 5197 670 5272; x_wconf 87' lang='lat' dir='ltr'>jugiter</span> <span class='ocrx_word' id='word_1_279' title='bbox 697 5196 1014 5253; x_wconf 80' lang='lat' dir='ltr'>debeamus</span> <span class='ocrx_word' id='word_1_280' title='bbox 1051 5199 1226 5270; x_wconf 88' lang='lat' dir='ltr'>caput</span> <span class='ocrx_word' id='word_1_281' title='bbox 1261 5196 1462 5269; x_wconf 90' lang='lat' dir='ltr'>ipsius.</span> <span class='ocrx_word' id='word_1_282' title='bbox 1541 5240 1553 5251; x_wconf 94' lang='lat'>.</span> <span class='ocrx_word' id='word_1_283' title='bbox 1632 5240 1644 5252; x_wconf 91' lang='lat'>.</span> <span class='ocrx_word' id='word_1_284' title='bbox 1724 5240 1736 5252; x_wconf 91' lang='lat'>.</span> <span class='ocrx_word' id='word_1_285' title='bbox 1811 5199 1880 5255; x_wconf 77' lang='grc'>51</span> 
     </span>
     <span class='ocr_line' id='line_1_54' title="bbox 387 5285 1856 5362; baseline 0 -17"><span class='ocrx_word' id='word_1_286' title='bbox 387 5288 717 5362; x_wconf 88' lang='lat' dir='ltr'>Capitulum</span> <span class='ocrx_word' id='word_1_287' title='bbox 757 5285 1042 5343; x_wconf 84' lang='lat' dir='ltr'>XXXVIII.</span> <span class='ocrx_word' id='word_1_288' title='bbox 1083 5288 1162 5345; x_wconf 90' lang='lat' dir='ltr'>De</span> <span class='ocrx_word' id='word_1_289' title='bbox 1199 5286 1620 5361; x_wconf 63' lang='lat' dir='ltr'>praeparatione</span> <span class='ocrx_word' id='word_1_290' title='bbox 1655 5304 1742 5345; x_wconf 88' lang='lat' dir='ltr'>re-</span> <span class='ocrx_word' id='word_1_291' title='bbox 1843 5308 1856 5319; x_wconf 72' lang='lat'><strong><em>¹</em></strong></span> 
     </span>
    </p>
   </div>
   <div class='ocr_carea' id='block_1_5' title="bbox 3366 468 3486 533">
    <p class='ocr_par' dir='ltr' id='par_1_10' title="bbox 3366 468 3486 533">
     <span class='ocr_line' id='line_1_55' title="bbox 3366 468 3486 533; baseline 0.017 -2"><span class='ocrx_word' id='word_1_292' title='bbox 3366 468 3486 533; x_wconf 75' lang='lat'>485</span> 
     </span>
    </p>
   </div>
   <div class='ocr_carea' id='block_1_6' title="bbox 1983 654 3487 2064">
    <p class='ocr_par' dir='ltr' id='par_1_11' title="bbox 2059 654 3339 721">
     <span class='ocr_line' id='line_1_56' title="bbox 2059 654 3339 721; baseline 0.001 -11"><span class='ocrx_word' id='word_1_293' title='bbox 2059 654 2385 713; x_wconf 78' lang='lat' dir='ltr'>nuntiantis</span> <span class='ocrx_word' id='word_1_294' title='bbox 2430 657 2706 713; x_wconf 81' lang='lat' dir='ltr'>adversus</span> <span class='ocrx_word' id='word_1_295' title='bbox 2750 655 3117 721; x_wconf 87' lang='lat' dir='ltr'>tentationes,</span> <span class='ocrx_word' id='word_1_296' title='bbox 3165 659 3223 712; x_wconf 90' lang='lat' dir='ltr'>et</span> <span class='ocrx_word' id='word_1_297' title='bbox 3270 656 3339 711; x_wconf 90' lang='lat' dir='ltr'>de</span> 
     </span>
    </p>

    <p class='ocr_par' dir='ltr' id='par_1_12' title="bbox 1987 742 3481 907">
     <span class='ocr_line' id='line_1_57' title="bbox 2059 742 3481 816; baseline -0.001 -17"><span class='ocrx_word' id='word_1_298' title='bbox 2059 743 2261 816; x_wconf 86' lang='lat' dir='ltr'>paucis</span> <span class='ocrx_word' id='word_1_299' title='bbox 2288 742 2584 801; x_wconf 86' lang='lat' dir='ltr'>imitandis</span> <span class='ocrx_word' id='word_1_300' title='bbox 2590 786 3337 800; x_wconf 90' lang='lat'>.........</span> <span class='ocrx_word' id='word_1_301' title='bbox 3413 743 3481 799; x_wconf 85' lang='grc'>51</span> 
     </span>
     <span class='ocr_line' id='line_1_58' title="bbox 1987 832 3343 907; baseline -0.001 -19"><span class='ocrx_word' id='word_1_302' title='bbox 1987 832 2321 905; x_wconf 86' lang='lat' dir='ltr'>Capitulum</span> <span class='ocrx_word' id='word_1_303' title='bbox 2351 834 2583 889; x_wconf 87' lang='lat' dir='ltr'>XXXIX.</span> <span class='ocrx_word' id='word_1_304' title='bbox 2614 834 2739 899; x_wconf 93' lang='lat' dir='ltr'>Quo</span> <span class='ocrx_word' id='word_1_305' title='bbox 2768 834 2971 891; x_wconf 83' lang='lat' dir='ltr'>ordine</span> <span class='ocrx_word' id='word_1_306' title='bbox 3000 832 3183 907; x_wconf 86' lang='lat' dir='ltr'>possit</span> <span class='ocrx_word' id='word_1_307' title='bbox 3211 832 3343 904; x_wconf 89' lang='lat' dir='ltr'>quis</span> 
     </span>
    </p>

    <p class='ocr_par' dir='ltr' id='par_1_13' title="bbox 2058 921 3342 995">
     <span class='ocr_line' id='line_1_59' title="bbox 2058 921 3342 995; baseline -0.002 -16"><span class='ocrx_word' id='word_1_308' title='bbox 2058 924 2133 979; x_wconf 92' lang='lat' dir='ltr'>ad</span> <span class='ocrx_word' id='word_1_309' title='bbox 2173 921 2585 994; x_wconf 81' lang='lat' dir='ltr'>perfectionem</span> <span class='ocrx_word' id='word_1_310' title='bbox 2624 923 2838 988; x_wconf 88' lang='lat' dir='ltr'>venire,</span> <span class='ocrx_word' id='word_1_311' title='bbox 2869 940 2986 995; x_wconf 92' lang='lat' dir='ltr'>quo</span> <span class='ocrx_word' id='word_1_312' title='bbox 3025 923 3095 978; x_wconf 92' lang='lat' dir='ltr'>de</span> <span class='ocrx_word' id='word_1_313' title='bbox 3131 922 3342 978; x_wconf 89' lang='lat' dir='ltr'>timore</span> 
     </span>
    </p>

    <p class='ocr_par' dir='ltr' id='par_1_14' title="bbox 1983 1010 3483 1171">
     <span class='ocr_line' id='line_1_60' title="bbox 2059 1010 3483 1069; baseline -0.001 -4"><span class='ocrx_word' id='word_1_314' title='bbox 2059 1011 2158 1067; x_wconf 89' lang='lat' dir='ltr'>Dei</span> <span class='ocrx_word' id='word_1_315' title='bbox 2189 1013 2263 1068; x_wconf 89' lang='lat' dir='ltr'>ad</span> <span class='ocrx_word' id='word_1_316' title='bbox 2299 1011 2600 1069; x_wconf 90' lang='lat' dir='ltr'>caritatem</span> <span class='ocrx_word' id='word_1_317' title='bbox 2638 1014 2915 1069; x_wconf 88' lang='lat' dir='ltr'>ascendat</span> <span class='ocrx_word' id='word_1_318' title='bbox 2956 1053 3338 1067; x_wconf 94' lang='grc'><strong>.....</strong></span> <span class='ocrx_word' id='word_1_319' title='bbox 3416 1010 3483 1065; x_wconf 78' lang='grc'>51</span> 
     </span>
     <span class='ocr_line' id='line_1_61' title="bbox 1983 1099 3344 1171; baseline -0.001 -16"><span class='ocrx_word' id='word_1_320' title='bbox 1983 1099 2315 1171; x_wconf 89' lang='lat' dir='ltr'>Capitulum</span> <span class='ocrx_word' id='word_1_321' title='bbox 2359 1101 2466 1155; x_wconf 87' lang='lat' dir='ltr'>XL.</span> <span class='ocrx_word' id='word_1_322' title='bbox 2506 1102 2672 1165; x_wconf 90' lang='lat' dir='ltr'>Quod</span> <span class='ocrx_word' id='word_1_323' title='bbox 2716 1100 3041 1157; x_wconf 88' lang='lat' dir='ltr'>monachus</span> <span class='ocrx_word' id='word_1_324' title='bbox 3083 1116 3201 1155; x_wconf 88' lang='lat' dir='ltr'>non</span> <span class='ocrx_word' id='word_1_325' title='bbox 3247 1101 3344 1155; x_wconf 90' lang='lat' dir='ltr'>de-</span> 
     </span>
    </p>

    <p class='ocr_par' dir='ltr' id='par_1_15' title="bbox 2055 1188 3344 1261">
     <span class='ocr_line' id='line_1_62' title="bbox 2055 1188 3344 1261; baseline -0.001 -17"><span class='ocrx_word' id='word_1_326' title='bbox 2055 1190 2187 1245; x_wconf 88' lang='lat' dir='ltr'>beat</span> <span class='ocrx_word' id='word_1_327' title='bbox 2206 1189 2474 1261; x_wconf 83' lang='lat' dir='ltr'>exempla</span> <span class='ocrx_word' id='word_1_328' title='bbox 2494 1188 2863 1261; x_wconf 86' lang='lat' dir='ltr'>perfectionis</span> <span class='ocrx_word' id='word_1_329' title='bbox 2891 1190 3119 1247; x_wconf 89' lang='lat' dir='ltr'>trahere</span> <span class='ocrx_word' id='word_1_330' title='bbox 3138 1206 3175 1245; x_wconf 87' lang='lat' dir='ltr'>a</span> <span class='ocrx_word' id='word_1_331' title='bbox 3196 1188 3344 1245; x_wconf 92' lang='lat' dir='ltr'>mul·</span> 
     </span>
    </p>

    <p class='ocr_par' dir='ltr' id='par_1_16' title="bbox 1985 1277 3487 1437">
     <span class='ocr_line' id='line_1_63' title="bbox 2056 1277 3487 1350; baseline 0 -18"><span class='ocrx_word' id='word_1_332' title='bbox 2056 1277 2152 1342; x_wconf 88' lang='lat' dir='ltr'>tis,</span> <span class='ocrx_word' id='word_1_333' title='bbox 2181 1278 2283 1333; x_wconf 87' lang='lat' dir='ltr'>sed</span> <span class='ocrx_word' id='word_1_334' title='bbox 2312 1278 2385 1334; x_wconf 87' lang='lat' dir='ltr'>ab</span> <span class='ocrx_word' id='word_1_335' title='bbox 2415 1294 2532 1334; x_wconf 91' lang='lat' dir='ltr'>uno</span> <span class='ocrx_word' id='word_1_336' title='bbox 2560 1278 2650 1335; x_wconf 89' lang='lat' dir='ltr'>vel</span> <span class='ocrx_word' id='word_1_337' title='bbox 2688 1278 2891 1350; x_wconf 86' lang='lat' dir='ltr'>paucis</span> <span class='ocrx_word' id='word_1_338' title='bbox 2949 1320 3336 1334; x_wconf 91' lang='grc'><strong>.....</strong></span> <span class='ocrx_word' id='word_1_339' title='bbox 3415 1279 3487 1333; x_wconf 82' lang='grc'>52</span> 
     </span>
     <span class='ocr_line' id='line_1_64' title="bbox 1985 1365 3341 1437; baseline 0.001 -16"><span class='ocrx_word' id='word_1_340' title='bbox 1985 1365 2316 1437; x_wconf 89' lang='lat' dir='ltr'>Capitulum</span> <span class='ocrx_word' id='word_1_341' title='bbox 2364 1366 2497 1423; x_wconf 87' lang='lat' dir='ltr'>XLI.</span> <span class='ocrx_word' id='word_1_342' title='bbox 2543 1367 2803 1432; x_wconf 90' lang='lat' dir='ltr'>Quarum</span> <span class='ocrx_word' id='word_1_343' title='bbox 2853 1366 3220 1424; x_wconf 88' lang='lat' dir='ltr'>debilitatum</span> <span class='ocrx_word' id='word_1_344' title='bbox 3268 1366 3341 1422; x_wconf 89' lang='lat' dir='ltr'>si-</span> 
     </span>
    </p>

    <p class='ocr_par' dir='ltr' id='par_1_17' title="bbox 2057 1453 3343 1528">
     <span class='ocr_line' id='line_1_65' title="bbox 2057 1453 3343 1528; baseline 0 -19"><span class='ocrx_word' id='word_1_345' title='bbox 2057 1453 2452 1511; x_wconf 86' lang='lat' dir='ltr'>militudinem</span> <span class='ocrx_word' id='word_1_346' title='bbox 2485 1455 2545 1510; x_wconf 87' lang='lat' dir='ltr'>in</span> <span class='ocrx_word' id='word_1_347' title='bbox 2574 1472 2635 1513; x_wconf 90' lang='lat' dir='ltr'>se</span> <span class='ocrx_word' id='word_1_348' title='bbox 2664 1457 2955 1527; x_wconf 87' lang='lat' dir='ltr'>suscipere</span> <span class='ocrx_word' id='word_1_349' title='bbox 2986 1456 3209 1521; x_wconf 88' lang='lat' dir='ltr'>debeat,</span> <span class='ocrx_word' id='word_1_350' title='bbox 3242 1455 3343 1528; x_wconf 89' lang='lat' dir='ltr'>qui</span> 
     </span>
    </p>

    <p class='ocr_par' dir='ltr' id='par_1_18' title="bbox 1986 1543 3487 1707">
     <span class='ocr_line' id='line_1_66' title="bbox 2057 1543 3487 1601; baseline -0.001 -2"><span class='ocrx_word' id='word_1_351' title='bbox 2057 1543 2118 1599; x_wconf 88' lang='lat' dir='ltr'>in</span> <span class='ocrx_word' id='word_1_352' title='bbox 2148 1544 2411 1601; x_wconf 90' lang='lat' dir='ltr'>coenobio</span> <span class='ocrx_word' id='word_1_353' title='bbox 2441 1548 2841 1601; x_wconf 84' lang='lat' dir='ltr'>commoratur</span> <span class='ocrx_word' id='word_1_354' title='bbox 2859 1586 3341 1601; x_wconf 93' lang='grc'><strong>......</strong></span> <span class='ocrx_word' id='word_1_355' title='bbox 3416 1544 3487 1600; x_wconf 83' lang='grc'>52</span> 
     </span>
     <span class='ocr_line' id='line_1_67' title="bbox 1986 1632 3345 1707; baseline 0.001 -19"><span class='ocrx_word' id='word_1_356' title='bbox 1986 1632 2316 1705; x_wconf 90' lang='lat' dir='ltr'>Capitulum</span> <span class='ocrx_word' id='word_1_357' title='bbox 2364 1634 2522 1689; x_wconf 90' lang='lat' dir='ltr'>XLII.</span> <span class='ocrx_word' id='word_1_358' title='bbox 2564 1635 2729 1699; x_wconf 92' lang='lat' dir='ltr'>Quod</span> <span class='ocrx_word' id='word_1_359' title='bbox 2773 1633 3073 1691; x_wconf 80' lang='lat' dir='ltr'>veritatem</span> <span class='ocrx_word' id='word_1_360' title='bbox 3124 1633 3345 1707; x_wconf 86' lang='lat' dir='ltr'>patien-</span> 
     </span>
    </p>

    <p class='ocr_par' dir='ltr' id='par_1_19' title="bbox 2057 1722 3345 1796">
     <span class='ocr_line' id='line_1_68' title="bbox 2057 1722 3345 1796; baseline 0.001 -19"><span class='ocrx_word' id='word_1_361' title='bbox 2057 1722 2154 1778; x_wconf 76' lang='lat' dir='ltr'>tiae</span> <span class='ocrx_word' id='word_1_362' title='bbox 2184 1739 2305 1779; x_wconf 84' lang='lat' dir='ltr'>suae</span> <span class='ocrx_word' id='word_1_363' title='bbox 2334 1739 2451 1779; x_wconf 90' lang='lat' dir='ltr'>non</span> <span class='ocrx_word' id='word_1_364' title='bbox 2485 1724 2689 1781; x_wconf 90' lang='lat' dir='ltr'>debeat</span> <span class='ocrx_word' id='word_1_365' title='bbox 2716 1723 2846 1796; x_wconf 90' lang='lat' dir='ltr'>quis</span> <span class='ocrx_word' id='word_1_366' title='bbox 2882 1740 3115 1796; x_wconf 87' lang='lat' dir='ltr'>sperare</span> <span class='ocrx_word' id='word_1_367' title='bbox 3144 1725 3215 1780; x_wconf 90' lang='lat' dir='ltr'>de</span> <span class='ocrx_word' id='word_1_368' title='bbox 3244 1723 3345 1778; x_wconf 91' lang='lat' dir='ltr'>ali-</span> 
     </span>
    </p>

    <p class='ocr_par' dir='ltr' id='par_1_20' title="bbox 1987 1812 3487 1975">
     <span class='ocr_line' id='line_1_69' title="bbox 2058 1812 3487 1869; baseline 0 -2"><span class='ocrx_word' id='word_1_369' title='bbox 2058 1827 2229 1869; x_wconf 89' lang='lat' dir='ltr'>orum</span> <span class='ocrx_word' id='word_1_370' title='bbox 2262 1812 2471 1869; x_wconf 78' lang='lat' dir='ltr'>virtute</span> <span class='ocrx_word' id='word_1_371' title='bbox 2490 1855 3343 1868; x_wconf 92' lang='lat'>..........</span> <span class='ocrx_word' id='word_1_372' title='bbox 3416 1812 3487 1867; x_wconf 81' lang='lat'>52</span> 
     </span>
     <span class='ocr_line' id='line_1_70' title="bbox 1987 1900 3348 1975; baseline 0.002 -19"><span class='ocrx_word' id='word_1_373' title='bbox 1987 1900 2319 1973; x_wconf 90' lang='lat' dir='ltr'>Capitulum</span> <span class='ocrx_word' id='word_1_374' title='bbox 2374 1903 2561 1958; x_wconf 86' lang='lat' dir='ltr'>XLIII.</span> <span class='ocrx_word' id='word_1_375' title='bbox 2610 1902 3047 1975; x_wconf 84' lang='lat' dir='ltr'>Recapitulatio,</span> <span class='ocrx_word' id='word_1_376' title='bbox 3097 1902 3348 1975; x_wconf 87' lang='lat' dir='ltr'>qualiter</span> 
     </span>
    </p>

    <p class='ocr_par' dir='ltr' id='par_1_21' title="bbox 2061 1990 3343 2064">
     <span class='ocr_line' id='line_1_71' title="bbox 2061 1990 3343 2064; baseline 0.002 -19"><span class='ocrx_word' id='word_1_377' title='bbox 2061 1992 2384 2047; x_wconf 86' lang='lat' dir='ltr'>monachus</span> <span class='ocrx_word' id='word_1_378' title='bbox 2438 1992 2619 2064; x_wconf 88' lang='lat' dir='ltr'>possit</span> <span class='ocrx_word' id='word_1_379' title='bbox 2664 1992 2738 2047; x_wconf 91' lang='lat' dir='ltr'>ad</span> <span class='ocrx_word' id='word_1_380' title='bbox 2792 1990 3203 2064; x_wconf 85' lang='lat' dir='ltr'>perfectionem</span> <span class='ocrx_word' id='word_1_381' title='bbox 3253 2008 3343 2048; x_wconf 90' lang='lat' dir='ltr'>as-</span> 
     </span>
    </p>
   </div>
   <div class='ocr_carea' id='block_1_7' title="bbox 1986 2080 3489 2433">
    <p class='ocr_par' dir='ltr' id='par_1_22' title="bbox 1986 2080 3489 2433">
     <span class='ocr_line' id='line_1_72' title="bbox 2059 2080 3489 2138; baseline 0.001 -3"><span class='ocrx_word' id='word_1_382' title='bbox 2059 2081 2305 2138; x_wconf 87' lang='lat' dir='ltr'>cendere</span> <span class='ocrx_word' id='word_1_383' title='bbox 2393 2122 3343 2137; x_wconf 91' lang='lat'>...........</span> <span class='ocrx_word' id='word_1_384' title='bbox 3417 2080 3489 2136; x_wconf 90' lang='grc'>53</span> 
     </span>
     <span class='ocr_line' id='line_1_73' title="bbox 1986 2257 3347 2340; baseline -0.001 -19"><span class='ocrx_word' id='word_1_385' title='bbox 1986 2257 2176 2321; x_wconf 69' lang='lat' dir='ltr'>Lmen</span> <span class='ocrx_word' id='word_1_386' title='bbox 2232 2276 2509 2331; x_wconf 76' lang='lat' dir='ltr'>QumwS.</span> <span class='ocrx_word' id='word_1_387' title='bbox 2568 2259 2653 2321; x_wconf 91' lang='lat' dir='ltr'>De</span> <span class='ocrx_word' id='word_1_388' title='bbox 2705 2260 2937 2340; x_wconf 86' lang='lat' dir='ltr'>spiritu</span> <span class='ocrx_word' id='word_1_389' title='bbox 2985 2260 3347 2340; x_wconf 85' lang='lat' dir='ltr'>gastrimar—</span> 
     </span>
     <span class='ocr_line' id='line_1_74' title="bbox 2065 2351 3489 2433; baseline 0.003 -21"><span class='ocrx_word' id='word_1_390' title='bbox 2065 2352 2207 2433; x_wconf 80' lang='lat' dir='ltr'>giae,</span> <span class='ocrx_word' id='word_1_391' title='bbox 2255 2351 2317 2413; x_wconf 90' lang='lat' dir='ltr'>id</span> <span class='ocrx_word' id='word_1_392' title='bbox 2360 2360 2457 2413; x_wconf 86' lang='lat' dir='ltr'>est</span> <span class='ocrx_word' id='word_1_393' title='bbox 2498 2352 2661 2433; x_wconf 82' lang='lat' dir='ltr'>gulae</span> <span class='ocrx_word' id='word_1_394' title='bbox 2682 2402 3343 2416; x_wconf 88' lang='lat'>........</span> <span class='ocrx_word' id='word_1_395' title='bbox 3416 2362 3489 2417; x_wconf 84' lang='grc'>54</span> 
     </span>
    </p>
   </div>
   <div class='ocr_carea' id='block_1_8' title="bbox 1987 2519 3493 5359">
    <p class='ocr_par' dir='ltr' id='par_1_23' title="bbox 1987 2519 3491 2847">
     <span class='ocr_line' id='line_1_75' title="bbox 1987 2519 3343 2593; baseline 0.001 -16"><span class='ocrx_word' id='word_1_396' title='bbox 1987 2520 2315 2593; x_wconf 90' lang='lat' dir='ltr'>Capitulum</span> <span class='ocrx_word' id='word_1_397' title='bbox 2341 2522 2383 2575; x_wconf 93' lang='lat'>1.</span> <span class='ocrx_word' id='word_1_398' title='bbox 2404 2519 2702 2577; x_wconf 88' lang='lat' dir='ltr'>Transitus</span> <span class='ocrx_word' id='word_1_399' title='bbox 2732 2522 2801 2578; x_wconf 91' lang='lat' dir='ltr'>de</span> <span class='ocrx_word' id='word_1_400' title='bbox 2827 2520 3110 2578; x_wconf 88' lang='lat' dir='ltr'>institutis</span> <span class='ocrx_word' id='word_1_401' title='bbox 3138 2537 3343 2579; x_wconf 90' lang='lat' dir='ltr'>mona·</span> 
     </span>
     <span class='ocr_line' id='line_1_76' title="bbox 2059 2610 3347 2683; baseline 0.002 -18"><span class='ocrx_word' id='word_1_402' title='bbox 2059 2611 2371 2668; x_wconf 89' lang='lat' dir='ltr'>steriorum</span> <span class='ocrx_word' id='word_1_403' title='bbox 2402 2613 2477 2667; x_wconf 92' lang='lat' dir='ltr'>ad</span> <span class='ocrx_word' id='word_1_404' title='bbox 2516 2610 2986 2668; x_wconf 87' lang='lat' dir='ltr'>colluctationem</span> <span class='ocrx_word' id='word_1_405' title='bbox 3024 2615 3153 2668; x_wconf 91' lang='lat' dir='ltr'>octo</span> <span class='ocrx_word' id='word_1_406' title='bbox 3187 2611 3347 2683; x_wconf 88' lang='lat' dir='ltr'>prin-</span> 
     </span>
     <span class='ocr_line' id='line_1_77' title="bbox 2059 2699 3342 2773; baseline 0 -18"><span class='ocrx_word' id='word_1_407' title='bbox 2059 2699 2337 2773; x_wconf 88' lang='lat' dir='ltr'>cipalium</span> <span class='ocrx_word' id='word_1_408' title='bbox 2387 2699 2681 2764; x_wconf 75' lang='lat' dir='ltr'>vitiorum,</span> <span class='ocrx_word' id='word_1_409' title='bbox 2728 2700 2787 2755; x_wconf 87' lang='lat' dir='ltr'>id</span> <span class='ocrx_word' id='word_1_410' title='bbox 2834 2703 2922 2757; x_wconf 88' lang='lat' dir='ltr'>est</span> <span class='ocrx_word' id='word_1_411' title='bbox 2962 2702 3037 2755; x_wconf 90' lang='lat' dir='ltr'>ad</span> <span class='ocrx_word' id='word_1_412' title='bbox 3082 2716 3342 2772; x_wconf 88' lang='lat' dir='ltr'>pugnam</span> 
     </span>
     <span class='ocr_line' id='line_1_78' title="bbox 2058 2790 3491 2847; baseline 0.002 -3"><span class='ocrx_word' id='word_1_413' title='bbox 2058 2792 2263 2845; x_wconf 90' lang='lat' dir='ltr'>contra</span> <span class='ocrx_word' id='word_1_414' title='bbox 2297 2806 2365 2846; x_wconf 90' lang='lat' dir='ltr'>ea</span> <span class='ocrx_word' id='word_1_415' title='bbox 2394 2830 3341 2845; x_wconf 91' lang='lat'>...........</span> <span class='ocrx_word' id='word_1_416' title='bbox 3417 2790 3491 2847; x_wconf 85' lang='grc'>54</span> 
     </span>
    </p>

    <p class='ocr_par' dir='ltr' id='par_1_24' title="bbox 1987 2878 3493 3219">
     <span class='ocr_line' id='line_1_79' title="bbox 1987 2878 3343 2951; baseline 0 -17"><span class='ocrx_word' id='word_1_417' title='bbox 1987 2878 2315 2951; x_wconf 89' lang='lat' dir='ltr'>Capitulum</span> <span class='ocrx_word' id='word_1_418' title='bbox 2349 2880 2415 2934; x_wconf 92' lang='lat' dir='ltr'>II.</span> <span class='ocrx_word' id='word_1_419' title='bbox 2448 2879 2613 2944; x_wconf 91' lang='lat' dir='ltr'>Quod</span> <span class='ocrx_word' id='word_1_420' title='bbox 2652 2878 2803 2935; x_wconf 88' lang='lat' dir='ltr'>sicut</span> <span class='ocrx_word' id='word_1_421' title='bbox 2839 2895 3031 2935; x_wconf 67' lang='lat' dir='ltr'>causae</span> <span class='ocrx_word' id='word_1_422' title='bbox 3067 2878 3343 2935; x_wconf 83' lang='lat' dir='ltr'>vitiorum</span> 
     </span>
     <span class='ocr_line' id='line_1_80' title="bbox 2061 2966 3346 3041; baseline 0.001 -19"><span class='ocrx_word' id='word_1_423' title='bbox 2061 2967 2335 3024; x_wconf 91' lang='lat' dir='ltr'>omnibus</span> <span class='ocrx_word' id='word_1_424' title='bbox 2377 2966 2597 3033; x_wconf 89' lang='lat' dir='ltr'>insunt,</span> <span class='ocrx_word' id='word_1_425' title='bbox 2631 2967 2712 3023; x_wconf 89' lang='lat' dir='ltr'>ita</span> <span class='ocrx_word' id='word_1_426' title='bbox 2748 2968 2819 3023; x_wconf 92' lang='lat' dir='ltr'>ab</span> <span class='ocrx_word' id='word_1_427' title='bbox 2859 2967 3133 3024; x_wconf 89' lang='lat' dir='ltr'>omnibus</span> <span class='ocrx_word' id='word_1_428' title='bbox 3178 2967 3346 3041; x_wconf 87' lang='lat' dir='ltr'>igno-</span> 
     </span>
     <span class='ocr_line' id='line_1_81' title="bbox 2059 3056 3346 3130; baseline 0.001 -18"><span class='ocrx_word' id='word_1_429' title='bbox 2059 3060 2289 3123; x_wconf 90' lang='lat' dir='ltr'>rentur;</span> <span class='ocrx_word' id='word_1_430' title='bbox 2320 3060 2379 3115; x_wconf 88' lang='lat' dir='ltr'>et</span> <span class='ocrx_word' id='word_1_431' title='bbox 2406 3058 2564 3130; x_wconf 88' lang='lat' dir='ltr'>quod</span> <span class='ocrx_word' id='word_1_432' title='bbox 2602 3058 2678 3113; x_wconf 91' lang='lat' dir='ltr'>ad</span> <span class='ocrx_word' id='word_1_433' title='bbox 2718 3056 3215 3115; x_wconf 82' lang='lat' dir='ltr'>manifestandum</span> <span class='ocrx_word' id='word_1_434' title='bbox 3246 3074 3346 3114; x_wconf 87' lang='lat' dir='ltr'>eas</span> 
     </span>
     <span class='ocr_line' id='line_1_82' title="bbox 2059 3145 3493 3219; baseline 0.002 -19"><span class='ocrx_word' id='word_1_435' title='bbox 2059 3145 2421 3219; x_wconf 87' lang='lat' dir='ltr'>indigeamus</span> <span class='ocrx_word' id='word_1_436' title='bbox 2450 3146 2670 3204; x_wconf 85' lang='lat' dir='ltr'>auxilio</span> <span class='ocrx_word' id='word_1_437' title='bbox 2701 3145 2799 3204; x_wconf 90' lang='lat' dir='ltr'>Dei</span> <span class='ocrx_word' id='word_1_438' title='bbox 2870 3189 3344 3202; x_wconf 91' lang='lat'>......</span> <span class='ocrx_word' id='word_1_439' title='bbox 3419 3146 3493 3203; x_wconf 85' lang='grc'>54</span> 
     </span>
    </p>

    <p class='ocr_par' dir='ltr' id='par_1_25' title="bbox 1987 3234 3491 3399">
     <span class='ocr_line' id='line_1_83' title="bbox 1987 3234 3348 3309; baseline 0 -18"><span class='ocrx_word' id='word_1_440' title='bbox 1987 3234 2319 3307; x_wconf 89' lang='lat' dir='ltr'>Capitulum</span> <span class='ocrx_word' id='word_1_441' title='bbox 2357 3236 2449 3291; x_wconf 86' lang='lat'>111.</span> <span class='ocrx_word' id='word_1_442' title='bbox 2482 3238 2649 3302; x_wconf 92' lang='lat' dir='ltr'>Quod</span> <span class='ocrx_word' id='word_1_443' title='bbox 2686 3236 2877 3309; x_wconf 89' lang='lat' dir='ltr'>primo</span> <span class='ocrx_word' id='word_1_444' title='bbox 2916 3236 2992 3292; x_wconf 87' lang='lat' dir='ltr'>sit</span> <span class='ocrx_word' id='word_1_445' title='bbox 3027 3236 3197 3292; x_wconf 88' lang='lat' dir='ltr'>nobis</span> <span class='ocrx_word' id='word_1_446' title='bbox 3242 3253 3348 3309; x_wconf 90' lang='lat' dir='ltr'>pu-</span> 
     </span>
     <span class='ocr_line' id='line_1_84' title="bbox 2061 3324 3491 3399; baseline 0 -20"><span class='ocrx_word' id='word_1_447' title='bbox 2061 3340 2177 3396; x_wconf 85' lang='lat' dir='ltr'>gna</span> <span class='ocrx_word' id='word_1_448' title='bbox 2204 3325 2479 3381; x_wconf 82' lang='lat' dir='ltr'>adversus</span> <span class='ocrx_word' id='word_1_449' title='bbox 2508 3324 3045 3398; x_wconf 90' lang='lat' dir='ltr'>concupiscentiam</span> <span class='ocrx_word' id='word_1_450' title='bbox 3078 3325 3249 3399; x_wconf 78' lang='lat' dir='ltr'>gulae.</span> <span class='ocrx_word' id='word_1_451' title='bbox 3330 3368 3344 3381; x_wconf 90' lang='lat'>.</span> <span class='ocrx_word' id='word_1_452' title='bbox 3418 3324 3491 3379; x_wconf 89' lang='grc'>55</span> 
     </span>
    </p>

    <p class='ocr_par' dir='ltr' id='par_1_26' title="bbox 1989 3412 3493 3754">
     <span class='ocr_line' id='line_1_85' title="bbox 1989 3412 3348 3485; baseline 0.002 -17"><span class='ocrx_word' id='word_1_453' title='bbox 1989 3412 2319 3485; x_wconf 89' lang='lat' dir='ltr'>Capitulum</span> <span class='ocrx_word' id='word_1_454' title='bbox 2350 3414 2441 3470; x_wconf 91' lang='lat' dir='ltr'>IV.</span> <span class='ocrx_word' id='word_1_455' title='bbox 2465 3414 2885 3473; x_wconf 88' lang='lat' dir='ltr'>Testimonium</span> <span class='ocrx_word' id='word_1_456' title='bbox 2914 3415 3143 3474; x_wconf 89' lang='lat' dir='ltr'>abbatis</span> <span class='ocrx_word' id='word_1_457' title='bbox 3171 3417 3348 3471; x_wconf 78' lang='lat' dir='ltr'>Anto-</span> 
     </span>
     <span class='ocr_line' id='line_1_86' title="bbox 2063 3502 3345 3578; baseline 0.002 -19"><span class='ocrx_word' id='word_1_458' title='bbox 2063 3502 2164 3570; x_wconf 78' lang='lat' dir='ltr'>niI,</span> <span class='ocrx_word' id='word_1_459' title='bbox 2199 3518 2315 3576; x_wconf 91' lang='lat' dir='ltr'>quo</span> <span class='ocrx_word' id='word_1_460' title='bbox 2352 3505 2518 3561; x_wconf 88' lang='lat' dir='ltr'>docet</span> <span class='ocrx_word' id='word_1_461' title='bbox 2556 3521 3037 3578; x_wconf 90' lang='lat' dir='ltr'>unamquamque</span> <span class='ocrx_word' id='word_1_462' title='bbox 3071 3504 3345 3563; x_wconf 81' lang='lat' dir='ltr'>virtutem</span> 
     </span>
     <span class='ocr_line' id='line_1_87' title="bbox 2060 3591 3351 3667; baseline 0.002 -18"><span class='ocrx_word' id='word_1_463' title='bbox 2060 3608 2185 3649; x_wconf 89' lang='lat' dir='ltr'>esse</span> <span class='ocrx_word' id='word_1_464' title='bbox 2223 3591 2641 3649; x_wconf 89' lang='lat' dir='ltr'>addiscendam</span> <span class='ocrx_word' id='word_1_465' title='bbox 2680 3595 2752 3649; x_wconf 90' lang='lat' dir='ltr'>ab</span> <span class='ocrx_word' id='word_1_466' title='bbox 2782 3593 2881 3649; x_wconf 93' lang='lat' dir='ltr'>illo</span> <span class='ocrx_word' id='word_1_467' title='bbox 2918 3594 3019 3666; x_wconf 91' lang='lat' dir='ltr'>qui</span> <span class='ocrx_word' id='word_1_468' title='bbox 3058 3610 3189 3651; x_wconf 91' lang='lat' dir='ltr'>eam</span> <span class='ocrx_word' id='word_1_469' title='bbox 3228 3612 3351 3667; x_wconf 90' lang='lat' dir='ltr'>spe-</span> 
     </span>
     <span class='ocr_line' id='line_1_88' title="bbox 2061 3680 3493 3754; baseline 0.004 -19"><span class='ocrx_word' id='word_1_470' title='bbox 2061 3680 2267 3737; x_wconf 88' lang='lat' dir='ltr'>cialius</span> <span class='ocrx_word' id='word_1_471' title='bbox 2296 3698 2364 3736; x_wconf 90' lang='lat' dir='ltr'>ac</span> <span class='ocrx_word' id='word_1_472' title='bbox 2388 3681 2765 3739; x_wconf 88' lang='lat' dir='ltr'>excellentius</span> <span class='ocrx_word' id='word_1_473' title='bbox 2790 3682 3061 3754; x_wconf 88' lang='lat' dir='ltr'>possidet.</span> <span class='ocrx_word' id='word_1_474' title='bbox 3142 3727 3155 3739; x_wconf 91' lang='lat'>.</span> <span class='ocrx_word' id='word_1_475' title='bbox 3236 3726 3249 3738; x_wconf 94' lang='lat'>.</span> <span class='ocrx_word' id='word_1_476' title='bbox 3330 3728 3344 3740; x_wconf 92' lang='lat'>.</span> <span class='ocrx_word' id='word_1_477' title='bbox 3420 3686 3493 3741; x_wconf 89' lang='grc'>55</span> 
     </span>
    </p>

    <p class='ocr_par' dir='ltr' id='par_1_27' title="bbox 1991 3769 3493 4007">
     <span class='ocr_line' id='line_1_89' title="bbox 1991 3769 3350 3843; baseline 0.002 -17"><span class='ocrx_word' id='word_1_478' title='bbox 1991 3769 2323 3841; x_wconf 88' lang='lat' dir='ltr'>Capitulum</span> <span class='ocrx_word' id='word_1_479' title='bbox 2368 3771 2429 3824; x_wconf 89' lang='lat' dir='ltr'>V.</span> <span class='ocrx_word' id='word_1_480' title='bbox 2472 3771 2636 3836; x_wconf 92' lang='lat' dir='ltr'>Quod</span> <span class='ocrx_word' id='word_1_481' title='bbox 2675 3787 2792 3827; x_wconf 89' lang='lat' dir='ltr'>non</span> <span class='ocrx_word' id='word_1_482' title='bbox 2832 3772 3014 3843; x_wconf 90' lang='lat' dir='ltr'>possit</span> <span class='ocrx_word' id='word_1_483' title='bbox 3048 3773 3121 3828; x_wconf 90' lang='lat' dir='ltr'>ab</span> <span class='ocrx_word' id='word_1_484' title='bbox 3160 3774 3350 3829; x_wconf 90' lang='lat' dir='ltr'>omni-</span> 
     </span>
     <span class='ocr_line' id='line_1_90' title="bbox 2063 3856 3346 3933; baseline 0.005 -22"><span class='ocrx_word' id='word_1_485' title='bbox 2063 3857 2170 3912; x_wconf 90' lang='lat' dir='ltr'>bus</span> <span class='ocrx_word' id='word_1_486' title='bbox 2218 3856 2529 3912; x_wconf 86' lang='lat' dir='ltr'>uniformis</span> <span class='ocrx_word' id='word_1_487' title='bbox 2574 3858 2937 3930; x_wconf 78' lang='lat' dir='ltr'>Jejuniorum</span> <span class='ocrx_word' id='word_1_488' title='bbox 2992 3860 3194 3933; x_wconf 87' lang='lat' dir='ltr'>regula</span> <span class='ocrx_word' id='word_1_489' title='bbox 3252 3878 3346 3918; x_wconf 92' lang='lat' dir='ltr'>cu·</span> 
     </span>
     <span class='ocr_line' id='line_1_91' title="bbox 2062 3944 3493 4007; baseline 0.004 -6"><span class='ocrx_word' id='word_1_490' title='bbox 2062 3944 2265 4001; x_wconf 88' lang='lat' dir='ltr'>stodiri</span> <span class='ocrx_word' id='word_1_491' title='bbox 2316 3988 3344 4006; x_wconf 92' lang='grc'><strong>............</strong></span> <span class='ocrx_word' id='word_1_492' title='bbox 3420 3952 3493 4007; x_wconf 89' lang='grc'>55</span> 
     </span>
    </p>

    <p class='ocr_par' dir='ltr' id='par_1_28' title="bbox 1990 4035 3491 4185">
     <span class='ocr_line' id='line_1_92' title="bbox 1990 4035 3345 4109; baseline 0.001 -17"><span class='ocrx_word' id='word_1_493' title='bbox 1990 4035 2321 4109; x_wconf 87' lang='lat' dir='ltr'>Capitulum</span> <span class='ocrx_word' id='word_1_494' title='bbox 2345 4036 2436 4090; x_wconf 90' lang='lat' dir='ltr'>VI.</span> <span class='ocrx_word' id='word_1_495' title='bbox 2456 4036 2623 4100; x_wconf 92' lang='lat' dir='ltr'>Quod</span> <span class='ocrx_word' id='word_1_496' title='bbox 2652 4052 2769 4093; x_wconf 91' lang='lat' dir='ltr'>non</span> <span class='ocrx_word' id='word_1_497' title='bbox 2800 4036 2991 4093; x_wconf 91' lang='lat' dir='ltr'>solum</span> <span class='ocrx_word' id='word_1_498' title='bbox 3012 4038 3145 4092; x_wconf 85' lang='lat' dir='ltr'>vino</span> <span class='ocrx_word' id='word_1_499' title='bbox 3178 4054 3345 4093; x_wconf 88' lang='lat' dir='ltr'>mens</span> 
     </span>
     <span class='ocr_line' id='line_1_93' title="bbox 2062 4125 3491 4185; baseline 0.003 -4"><span class='ocrx_word' id='word_1_500' title='bbox 2062 4125 2383 4183; x_wconf 88' lang='lat' dir='ltr'>inebrietur</span> <span class='ocrx_word' id='word_1_501' title='bbox 2397 4168 3343 4183; x_wconf 88' lang='lat'>...........</span> <span class='ocrx_word' id='word_1_502' title='bbox 3419 4130 3491 4185; x_wconf 90' lang='grc'>56</span> 
     </span>
    </p>

    <p class='ocr_par' dir='ltr' id='par_1_29' title="bbox 1989 4213 3492 4377">
     <span class='ocr_line' id='line_1_94' title="bbox 1989 4213 3345 4288; baseline 0 -17"><span class='ocrx_word' id='word_1_503' title='bbox 1989 4214 2322 4287; x_wconf 89' lang='lat' dir='ltr'>Capitulum</span> <span class='ocrx_word' id='word_1_504' title='bbox 2356 4216 2402 4269; x_wconf 88' lang='lat' dir='ltr'>V</span> <span class='ocrx_word' id='word_1_505' title='bbox 2406 4213 2472 4270; x_wconf 90' lang='lat'>11.</span> <span class='ocrx_word' id='word_1_506' title='bbox 2505 4214 2694 4278; x_wconf 90' lang='lat' dir='ltr'>Quare</span> <span class='ocrx_word' id='word_1_507' title='bbox 2736 4213 3047 4270; x_wconf 87' lang='lat' dir='ltr'>infirmitas</span> <span class='ocrx_word' id='word_1_508' title='bbox 3086 4215 3345 4288; x_wconf 90' lang='lat' dir='ltr'>corporis</span> 
     </span>
     <span class='ocr_line' id='line_1_95' title="bbox 2062 4301 3492 4377; baseline 0.001 -17"><span class='ocrx_word' id='word_1_509' title='bbox 2062 4302 2374 4375; x_wconf 88' lang='lat' dir='ltr'>puritatem</span> <span class='ocrx_word' id='word_1_510' title='bbox 2405 4302 2621 4360; x_wconf 88' lang='lat' dir='ltr'>mentis</span> <span class='ocrx_word' id='word_1_511' title='bbox 2660 4301 2943 4375; x_wconf 90' lang='lat' dir='ltr'>impedire</span> <span class='ocrx_word' id='word_1_512' title='bbox 2982 4319 3100 4359; x_wconf 91' lang='lat' dir='ltr'>non</span> <span class='ocrx_word' id='word_1_513' title='bbox 3140 4303 3342 4377; x_wconf 87' lang='lat' dir='ltr'>possit.</span> <span class='ocrx_word' id='word_1_514' title='bbox 3419 4307 3492 4363; x_wconf 88' lang='grc'>56</span> 
     </span>
    </p>

    <p class='ocr_par' dir='ltr' id='par_1_30' title="bbox 1989 4391 3491 4631">
     <span class='ocr_line' id='line_1_96' title="bbox 1989 4391 3346 4465; baseline 0.001 -16"><span class='ocrx_word' id='word_1_515' title='bbox 1989 4391 2320 4465; x_wconf 90' lang='lat' dir='ltr'>Capitulum</span> <span class='ocrx_word' id='word_1_516' title='bbox 2370 4392 2510 4447; x_wconf 90' lang='lat' dir='ltr'>VIII.</span> <span class='ocrx_word' id='word_1_517' title='bbox 2552 4392 2718 4457; x_wconf 91' lang='lat' dir='ltr'>Quod</span> <span class='ocrx_word' id='word_1_518' title='bbox 2758 4408 2892 4450; x_wconf 89' lang='lat' dir='ltr'>esca</span> <span class='ocrx_word' id='word_1_519' title='bbox 2936 4395 3225 4450; x_wconf 90' lang='lat' dir='ltr'>sumenda</span> <span class='ocrx_word' id='word_1_520' title='bbox 3270 4394 3346 4450; x_wconf 91' lang='lat' dir='ltr'>sit</span> 
     </span>
     <span class='ocr_line' id='line_1_97' title="bbox 2061 4480 3349 4555; baseline -0.001 -16"><span class='ocrx_word' id='word_1_521' title='bbox 2061 4482 2379 4539; x_wconf 90' lang='lat' dir='ltr'>secundum</span> <span class='ocrx_word' id='word_1_522' title='bbox 2408 4480 2763 4553; x_wconf 83' lang='lat' dir='ltr'>exigentiam</span> <span class='ocrx_word' id='word_1_523' title='bbox 2793 4480 3026 4553; x_wconf 82' lang='lat' dir='ltr'>perfecti</span> <span class='ocrx_word' id='word_1_524' title='bbox 3058 4482 3185 4539; x_wconf 84' lang='lat' dir='ltr'>finis</span> <span class='ocrx_word' id='word_1_525' title='bbox 3214 4482 3349 4555; x_wconf 91' lang='lat' dir='ltr'>ipsi-</span> 
     </span>
     <span class='ocr_line' id='line_1_98' title="bbox 2063 4569 3491 4631; baseline 0.001 -2"><span class='ocrx_word' id='word_1_526' title='bbox 2063 4589 2130 4629; x_wconf 91' lang='lat' dir='ltr'>us</span> <span class='ocrx_word' id='word_1_527' title='bbox 2160 4569 2533 4628; x_wconf 82' lang='lat' dir='ltr'>continentiae</span> <span class='ocrx_word' id='word_1_528' title='bbox 2592 4612 3344 4629; x_wconf 91' lang='grc'><strong>.........</strong></span> <span class='ocrx_word' id='word_1_529' title='bbox 3420 4576 3491 4631; x_wconf 87' lang='grc'>57</span> 
     </span>
    </p>

    <p class='ocr_par' dir='ltr' id='par_1_31' title="bbox 1991 4658 3492 4912">
     <span class='ocr_line' id='line_1_99' title="bbox 1991 4658 3347 4733; baseline 0.001 -16"><span class='ocrx_word' id='word_1_530' title='bbox 1991 4658 2321 4733; x_wconf 89' lang='lat' dir='ltr'>Capitulum</span> <span class='ocrx_word' id='word_1_531' title='bbox 2350 4660 2441 4716; x_wconf 88' lang='lat' dir='ltr'>IX.</span> <span class='ocrx_word' id='word_1_532' title='bbox 2475 4660 2553 4716; x_wconf 91' lang='lat' dir='ltr'>De</span> <span class='ocrx_word' id='word_1_533' title='bbox 2588 4675 2868 4716; x_wconf 89' lang='lat' dir='ltr'>mensura</span> <span class='ocrx_word' id='word_1_534' title='bbox 2898 4659 3347 4733; x_wconf 84' lang='lat' dir='ltr'>castigationum</span> 
     </span>
     <span class='ocr_line' id='line_1_100' title="bbox 2063 4749 3349 4823; baseline 0.003 -18"><span class='ocrx_word' id='word_1_535' title='bbox 2063 4749 2322 4823; x_wconf 87' lang='lat' dir='ltr'>corporis</span> <span class='ocrx_word' id='word_1_536' title='bbox 2358 4750 2869 4817; x_wconf 88' lang='lat' dir='ltr'>assumendarum,</span> <span class='ocrx_word' id='word_1_537' title='bbox 2896 4751 2955 4806; x_wconf 89' lang='lat' dir='ltr'>ct</span> <span class='ocrx_word' id='word_1_538' title='bbox 2992 4750 3061 4806; x_wconf 90' lang='lat' dir='ltr'>de</span> <span class='ocrx_word' id='word_1_539' title='bbox 3089 4752 3349 4809; x_wconf 87' lang='lat' dir='ltr'>remedio</span> 
     </span>
     <span class='ocr_line' id='line_1_101' title="bbox 2051 4838 3492 4912; baseline 0.002 -17"><span class='ocrx_word' id='word_1_540' title='bbox 2051 4838 2265 4912; x_wconf 73' lang='lat' dir='ltr'>jejtmii</span> <span class='ocrx_word' id='word_1_541' title='bbox 2313 4881 3347 4897; x_wconf 89' lang='grc'><strong>............</strong></span> <span class='ocrx_word' id='word_1_542' title='bbox 3420 4843 3492 4898; x_wconf 88' lang='grc'>57</span> 
     </span>
    </p>

    <p class='ocr_par' dir='ltr' id='par_1_32' title="bbox 1991 4928 3490 5179">
     <span class='ocr_line' id='line_1_102' title="bbox 1991 4928 3349 5001; baseline 0.001 -16"><span class='ocrx_word' id='word_1_543' title='bbox 1991 4928 2321 5001; x_wconf 86' lang='lat' dir='ltr'>Capitulum</span> <span class='ocrx_word' id='word_1_544' title='bbox 2353 4929 2414 4983; x_wconf 90' lang='lat' dir='ltr'>X.</span> <span class='ocrx_word' id='word_1_545' title='bbox 2447 4928 2613 4993; x_wconf 90' lang='lat' dir='ltr'>Quod</span> <span class='ocrx_word' id='word_1_546' title='bbox 2650 4929 3007 4987; x_wconf 90' lang='lat' dir='ltr'>abstinentia</span> <span class='ocrx_word' id='word_1_547' title='bbox 3034 4945 3069 4987; x_wconf 92' lang='lat' dir='ltr'>a</span> <span class='ocrx_word' id='word_1_548' title='bbox 3108 4930 3251 4986; x_wconf 89' lang='lat' dir='ltr'>cibis</span> <span class='ocrx_word' id='word_1_549' title='bbox 3279 4946 3349 4987; x_wconf 90' lang='lat' dir='ltr'>ac</span> 
     </span>
     <span class='ocr_line' id='line_1_103' title="bbox 2062 5017 3349 5089; baseline 0.003 -16"><span class='ocrx_word' id='word_1_550' title='bbox 2062 5017 2293 5089; x_wconf 89' lang='lat' dir='ltr'>potibus</span> <span class='ocrx_word' id='word_1_551' title='bbox 2333 5033 2450 5073; x_wconf 91' lang='lat' dir='ltr'>non</span> <span class='ocrx_word' id='word_1_552' title='bbox 2491 5017 2673 5089; x_wconf 89' lang='lat' dir='ltr'>possit</span> <span class='ocrx_word' id='word_1_553' title='bbox 2710 5019 2971 5076; x_wconf 87' lang='lat' dir='ltr'>sufficere</span> <span class='ocrx_word' id='word_1_554' title='bbox 3010 5020 3084 5075; x_wconf 89' lang='lat' dir='ltr'>ad</span> <span class='ocrx_word' id='word_1_555' title='bbox 3122 5036 3349 5077; x_wconf 89' lang='lat' dir='ltr'>conser-</span> 
     </span>
     <span class='ocr_line' id='line_1_104' title="bbox 2059 5106 3490 5179; baseline 0.003 -17"><span class='ocrx_word' id='word_1_556' title='bbox 2059 5107 2314 5163; x_wconf 79' lang='lat' dir='ltr'>vandam</span> <span class='ocrx_word' id='word_1_557' title='bbox 2362 5106 2676 5178; x_wconf 87' lang='lat' dir='ltr'>puritatem</span> <span class='ocrx_word' id='word_1_558' title='bbox 2716 5106 2932 5164; x_wconf 87' lang='lat' dir='ltr'>mentis</span> <span class='ocrx_word' id='word_1_559' title='bbox 2967 5111 3025 5165; x_wconf 92' lang='lat' dir='ltr'>et</span> <span class='ocrx_word' id='word_1_560' title='bbox 3063 5109 3343 5179; x_wconf 88' lang='lat' dir='ltr'>corporis.</span> <span class='ocrx_word' id='word_1_561' title='bbox 3418 5110 3490 5167; x_wconf 86' lang='grc'>57</span> 
     </span>
    </p>

    <p class='ocr_par' dir='ltr' id='par_1_33' title="bbox 1989 5195 3349 5359">
     <span class='ocr_line' id='line_1_105' title="bbox 1989 5195 3349 5270; baseline 0.001 -17"><span class='ocrx_word' id='word_1_562' title='bbox 1989 5195 2320 5269; x_wconf 87' lang='lat' dir='ltr'>Capitulum</span> <span class='ocrx_word' id='word_1_563' title='bbox 2359 5197 2450 5251; x_wconf 87' lang='lat' dir='ltr'>XI.</span> <span class='ocrx_word' id='word_1_564' title='bbox 2491 5197 2657 5261; x_wconf 88' lang='lat' dir='ltr'>Quod</span> <span class='ocrx_word' id='word_1_565' title='bbox 2705 5196 3190 5270; x_wconf 69' lang='lat' dir='ltr'>concupiscentiae</span> <span class='ocrx_word' id='word_1_566' title='bbox 3229 5214 3349 5254; x_wconf 90' lang='lat' dir='ltr'>cor-</span> 
     </span>
     <span class='ocr_line' id='line_1_106' title="bbox 2060 5285 3348 5359; baseline 0.003 -18"><span class='ocrx_word' id='word_1_567' title='bbox 2060 5285 2219 5358; x_wconf 90' lang='lat' dir='ltr'>poris</span> <span class='ocrx_word' id='word_1_568' title='bbox 2265 5301 2381 5341; x_wconf 90' lang='lat' dir='ltr'>non</span> <span class='ocrx_word' id='word_1_569' title='bbox 2420 5285 2872 5359; x_wconf 86' lang='lat' dir='ltr'>exstinguantur</span> <span class='ocrx_word' id='word_1_570' title='bbox 2910 5285 3022 5342; x_wconf 86' lang='lat' dir='ltr'>nisi</span> <span class='ocrx_word' id='word_1_571' title='bbox 3070 5302 3206 5344; x_wconf 90' lang='lat' dir='ltr'>cum</span> <span class='ocrx_word' id='word_1_572' title='bbox 3252 5304 3348 5345; x_wconf 84' lang='lat' dir='ltr'>ex-</span> 
     </span>
    </p>
   </div>
  </div>
 </body>
</html>
