4359 6267
843 506 920 571 94
1708 522 1785 568 m:
1830 522 2156 567 lusui-uris
2199 520 2284 566 ss.
2319 518 2580 565 ramum.
2627 537 2707 546 —
2746 518 2922 564 mnan
2963 519 3072 564 vm

850 696 1004 758 titur
1052 702 1343 756 naturam
1394 693 1647 775 quando
1697 692 1945 754 occasio
1994 690 2340 770 cujuslibet
2367 690 2419 751 A
2449 688 2703 750 nimatae
2750 706 2824 749 ac
2871 696 3064 751 mutae
3111 705 3512 769 nequaquam
3557 685 3944 767 respondent

849 793 1292 857 commotionis
1336 792 1703 853 occurrerit.
1752 790 1927 852 Tunc
1970 788 2141 850 enim
2195 805 2342 849 con-

846 892 1061 955 festim
1102 898 1447 972 erumpunt
1486 909 1563 951 ex
1603 909 1679 952 eo
1723 889 2047 970 passiones
2088 895 2150 949 et
2188 886 2346 949 vitia

848 1010 989 1072 quae
1012 988 1321 1061 latebant,
1355 995 1417 1049 et
1458 995 1756 1069 tanquam
1798 987 1946 1067 equi
1989 984 2345 1047 irrefrenati

847 1088 978 1150 otio
1017 1086 1284 1166 longiori
1322 1085 1547 1146 nutriti
1584 1104 1661 1147 ex
1695 1084 1827 1145 suis
1863 1082 2180 1164 repagulis
2219 1100 2347 1144 cer-

851 1186 1030 1248 tatim
1092 1184 1496 1265 ferociusque
1565 1190 1918 1263 exsurgunt
1978 1181 2057 1242 ad
2114 1180 2348 1261 aurigae

854 1283 1094 1366 proprii
1147 1282 1621 1344 detrimentum.
1670 1280 1863 1360 Magis
1908 1280 2146 1362 quippe
2196 1277 2349 1340 effe-

850 1388 1070 1443 rantur
1111 1381 1177 1442 in
1217 1379 1402 1442 nobis
1444 1398 1563 1440 usu
1602 1377 2033 1459 exercitioque
2068 1378 2348 1438 humano

851 1485 1158 1552 cessante,
1211 1477 1334 1539 nisi
1397 1476 1635 1539 fuerint
1683 1483 1827 1538 ante
1879 1482 2159 1557 purgata.
2214 1474 2348 1536 Imo

852 1597 965 1659 per
1014 1576 1325 1639 desidiam
1384 1574 1742 1636 securitatis
1799 1573 2155 1635 amittimus
2206 1591 2348 1633 um-

851 1676 1028 1737 bram
1080 1674 1401 1755 patientiae
1447 1692 1639 1754 quam
1685 1671 2055 1752 imaginarie
2098 1670 2348 1732 videba-

853 1793 997 1835 mur
1054 1773 1285 1834 habere
1346 1772 1510 1833 inter
1560 1772 1800 1832 Fratres
1860 1776 2344 1841 commoranteS,

2453 786 3010 849 maledictionibus
3057 804 3131 847 ac
3178 784 3525 847 iracundiis
3574 784 3829 856 nostriS‚
3882 790 3950 846 et

2455 885 2913 947 turbulentiam
2945 884 3154 947 cordis
3194 884 3394 946 nostri
3433 900 3560 944 non
3602 889 3952 964 provocant

2455 985 2532 1047 ad
2580 984 2885 1064 majorem
2931 982 3164 1046 furoris
3211 982 3543 1044 insaniam.

2849 1236 3353 1300 CAPITULUM
3414 1235 3566 1298 XX.

2563 1378 2649 1432 De
2677 1376 3056 1447 amputanda
3086 1376 3188 1430 ira
3205 1373 3404 1445 juxta
3433 1372 3850 1446 Evanqelium.

2603 1571 3044 1636 UAPROPTER
3090 1572 3144 1633 si
3189 1572 3486 1653 cupimus
3531 1570 3704 1632 illam
3749 1570 3953 1633 divini

2463 1568 2594 1769 Q
2630 1671 2877 1753 praemii
2920 1670 3381 1751 plenitudinem
3417 1668 3685 1751 adipisci
3716 1669 3794 1731 de
3823 1688 3951 1750 qua

2458 1769 2712 1841 dicitur,
2745 1768 2918 1830 Beati
2961 1767 3197 1828 mundo
3238 1768 3446 1840 corde,
3480 1768 3780 1848 quoniam
3823 1766 3944 1847 ipsi
4007 1789 4258 1835 amum,

853 1879 1111 1953 propter
1154 1888 1374 1932 eorum
1422 1868 1863 1940 reverentiam,
1905 1876 2095 1948 atque
2142 1874 2211 1926 ut
2257 1866 2346 1927 vi-
2383 1868 2430 1929 B
2460 1868 2660 1928 Deum
2701 1865 3010 1927 videbunt
3045 1882 3058 1926 :
3093 1866 3186 1926 ira
3225 1882 3352 1926 non
3391 1864 3599 1926 solum
3636 1883 3675 1925 a
3713 1864 3946 1926 nostris
3973 1856 4020 1895 Β·

854 1977 1128 2031 taremus
1174 1967 1495 2049 publicam
1541 1973 1774 2027 notam.

947 2066 1120 2129 Unde
1164 2074 1227 2127 et
1270 2066 1566 2126 universa
1604 2071 1912 2125 venenata
1954 2062 2347 2143 serpentium

854 2165 1213 2226 ferarumve
1244 2181 1497 2243 genera,
1522 2162 1775 2242 quando
1806 2160 1869 2221 in
1903 2160 2034 2221 suis
2068 2159 2348 2220 latibulis

852 2281 925 2323 ac
964 2261 1307 2323 solitudine
1348 2267 1743 2341 permanent,
1777 2266 2025 2320 exstant
2055 2256 2348 2333 innoxia;

856 2378 974 2422 nec
1005 2367 1217 2420 tamen
1248 2357 1329 2419 ob
1361 2358 1481 2419 hoc
1512 2357 1892 2438 simpliciter
1922 2356 2048 2417 dici
2087 2362 2351 2436 possunt

857 2456 1136 2530 innoxia,
1182 2457 1333 2538 quia
1384 2456 1544 2518 nulli
1598 2464 1747 2516 tunc
1792 2461 2041 2516 nocent.
2088 2454 2218 2516 Hoc
2261 2461 2350 2513 et-

856 2554 1027 2617 enim
1092 2555 1185 2615 eis
1250 2553 1496 2615 confert
1558 2552 1899 2615 necessitas
1964 2551 2348 2625 solitudiniS,

855 2671 983 2715 non
1029 2652 1331 2714 bonitatis
1374 2650 1645 2713 affectus
1691 2670 1704 2713 ε
1753 2669 1899 2712 nam
1948 2650 2214 2713 laedendi
2258 2667 2355 2710 oc-

858 2752 1109 2813 casione
1159 2750 1408 2831 adepta,
1463 2748 1752 2830 protinus
1801 2756 2063 2828 egerunt
2124 2766 2198 2808 ac
2248 2747 2352 2808 de·-

860 2857 1209 2912 monstrant
1262 2849 1437 2909 virus
1498 2848 1562 2910 in
1624 2866 1690 2909 se
1745 2847 1898 2928 ipsis
1952 2846 2350 2908 reconditum

856 2957 918 3012 et
968 2948 1290 3030 propriam
1342 2946 1678 3008 feritatem.
1727 2946 1967 3007 Idcirco
2019 2945 2352 3028 perfectio-

2457 1972 2555 2027 est
2601 1965 2848 2026 actibus
2897 1963 3303 2044 amputanda,
3351 1963 3459 2025 sed
3507 1963 3584 2023 de
3637 1962 3949 2025 interiori-

2461 2062 2579 2124 bus
2630 2080 2884 2143 quoque
2930 2062 3160 2123 animae
3209 2068 3437 2124 nostrae
3495 2060 3800 2122 radicitus
3844 2079 3953 2123 ex-

2460 2160 2800 2242 stirpanda.
2837 2160 2972 2222 Non
3013 2159 3185 2221 enim
3231 2158 3501 2220 multum
3535 2158 3813 2241 proderit
3848 2159 3956 2221 irae

2461 2259 2742 2321 furorem
2773 2278 2810 2320 a
2839 2258 3051 2320 verbis
3082 2264 3270 2338 atque
3301 2256 3602 2338 operibus
3635 2256 3954 2331 cohibere,

2463 2358 2515 2419 si
2571 2357 2757 2431 Deus,
2812 2374 3001 2438 quem
3063 2355 3351 2417 cordium
3405 2362 3648 2416 secreta
3695 2371 3820 2416 non
3872 2354 3957 2417 la-

2464 2462 2618 2528 tent,
2652 2454 2882 2516 viderit
2914 2473 3060 2515 eum
3093 2455 3326 2518 uostris
3358 2454 3724 2535 pectoribus
3765 2455 3958 2517 inhae-

2465 2571 2622 2614 rere.
2687 2552 3105 2632 Evangelicus
3161 2552 3398 2613 etenim
3468 2568 3680 2613 sermo
3747 2552 3958 2633 potius

2464 2650 2755 2733 praecipit
2810 2650 3016 2712 excidi
3079 2651 3321 2712 radices
3379 2650 3704 2723 vitiorum,
3763 2669 3956 2733 quam

2465 2750 2709 2811 fructus
2759 2766 2980 2812 eorum
3035 2764 3050 2810 ε
3103 2749 3254 2830 quia
3311 2747 3549 2810 evulsis
3601 2748 3955 2822 fomitibuS,

2465 2867 2577 2910 seu
2622 2847 2944 2910 radicibus
2988 2847 3371 2928 exstirpatis,
3412 2846 3658 2909 fructus
3701 2866 3812 2909 seu
3855 2864 3958 2908 ac·

2467 2954 2566 3008 tus
2600 2945 2822 3028 procul
2855 2944 3050 3008 dubio
3080 2946 3245 3006 ultra
3273 2962 3399 3008 non
3441 2945 3800 3025 pullulant:
3836 2945 3958 3006 sic-

858 3067 1005 3110 nem
1046 3046 1479 3128 quaerentibus
1526 3062 1651 3106 non
1698 3043 1946 3105 sufficit
1990 3050 2208 3106 contra
2247 3045 2352 3106 ho·
2390 3046 2434 3111 C
2465 3062 2590 3125 que
2649 3044 2879 3125 poterit
2938 3062 3116 3105 mens
3176 3044 3242 3105 in
3301 3044 3478 3106 omni
3536 3044 3840 3125 patientia
3892 3050 3958 3105 et

859 3147 1100 3208 minem
1130 3162 1258 3206 non
1291 3144 1496 3205 irasci.
1524 3142 1949 3205 Recordamur
1979 3142 2151 3203 enim
2184 3144 2353 3223 quod

858 3243 1112 3328 quando
1163 3242 1227 3303 in
1277 3241 1617 3304 solitudine
1664 3240 2089 3314 morabamur,
2135 3241 2221 3302 ita
2265 3242 2357 3301 in-

858 3343 1110 3404 terdum
1174 3339 1605 3420 indignatione
1675 3338 2236 3401 commovebamur
2294 3350 2356 3401 et

860 3442 952 3502 ira
998 3446 1216 3502 contra
1257 3437 1593 3508 calamum,
1627 3437 1880 3518 quaudo
1918 3437 2195 3517 grossior
2235 3438 2357 3499 fuit

860 3540 994 3602 sive
1026 3538 1252 3601 exilior
1283 3555 1474 3618 quam
1508 3535 1748 3617 placuit
1774 3554 1788 3610 3
1821 3543 1929 3597 aut.
1960 3544 2177 3597 contra
2208 3536 2360 3598 scal-

863 3638 1126 3721 pellum,
1189 3654 1387 3718 quum
1450 3652 1578 3715 prae
1638 3633 2021 3695 hebetudine
2081 3636 2358 3715 segniter

862 3738 1220 3812 desecaret3
1247 3732 1349 3795 vel
1382 3738 1599 3794 contra
1629 3732 1897 3805 silicem,
1924 3732 1973 3793 si
2008 3731 2168 3794 forte
2201 3734 2360 3795 scin-

864 3835 999 3897 tilla
1039 3833 1203 3915 ignis
1243 3852 1319 3894 ex
1360 3848 1434 3894 eo
1476 3831 1714 3893 tardius
1752 3830 2117 3911 gigneretur
2156 3850 2356 3912 quum

864 3932 1310 3995 festinaremus
1379 3929 1456 3990 ad
1518 3928 1853 3990 lectionem
1920 3946 1933 3990 :
1998 3936 2067 3989 ut
2126 3931 2357 3992 mentis

864 4028 1405 4112 perturbationem
1458 4044 1582 4090 non
1624 4027 1807 4088 aliter
1845 4026 2130 4107 digerere
2168 4035 2358 4109 atque

863 4146 1203 4211 evaporare
1262 4144 1615 4207 possemuS,
1670 4143 1862 4206 quam
1914 4125 2356 4188 maledictionc

2466 3142 2796 3203 sanctitate
2841 3141 3078 3222 jugiter
3127 3160 3520 3223 permanere,
3571 3160 3770 3222 quum
3820 3139 3958 3202 fue—

2467 3241 2593 3301 rint
2643 3240 2798 3301 vitia
2850 3240 2970 3302 ista
3021 3240 3241 3301 evulsa
3293 3256 3420 3301 non
3473 3239 3680 3302 solum
3730 3239 3806 3301 de
3857 3259 3961 3300 su-

2468 3339 2732 3420 perficie
2777 3339 3162 3419 operationis
3200 3346 3262 3400 et
3301 3346 3584 3409 actuum,
3617 3338 3726 3399 sed
3765 3339 3958 3400 etiam

2466 3438 2543 3499 de
2585 3438 2846 3499 secretis
2889 3438 3364 3518 cogitationum.
3407 3436 3648 3499 Idcirco
3692 3436 3783 3498 ira
3831 3453 3958 3498 non

2466 3534 2823 3596 admittitur
2871 3554 2988 3596 nec
3035 3535 3278 3607 odium,
3321 3553 3402 3595 ne
3450 3540 3850 3616 perpetretur
3895 3541 3959 3596 et

2467 3632 2912 3713 homicidium,
2953 3632 3124 3713 quod
3165 3632 3302 3693 sine
3350 3632 3442 3694 ira
3483 3639 3591 3693 aut
3629 3631 3776 3694 odio
3817 3650 3962 3713 per-

2469 3730 2702 3813 petrari
2747 3748 2876 3793 non
2921 3737 3145 3812 potest.

2839 3985 3341 4048 CAPITULUM
3402 3985 3588 4048 XXI.

2553 4134 2639 4188 De
2667 4148 2733 4187 eo
2763 4132 2925 4204 quod
2951 4132 3018 4187 in
3047 4132 3382 4202 Evanyelio
3410 4134 3703 4204 scriptum
3729 4138 3818 4188 est
3849 4151 3869 4187 .-

866 4226 1108 4308 prolata
1170 4232 1387 4287 contra
1455 4224 1804 4285 insensatas
1874 4224 2191 4296 materiaS,
2251 4232 2358 4285 aut
2388 4229 2437 4289 D
2733 4222 2852 4289 Qui
2882 4222 3179 4276 irascitur
3202 4220 3400 4290 fratri
3427 4238 3556 4285 suo,
3587 4228 3692 4277 etc.

865 4331 1033 4385 certe
1104 4329 1321 4385 contra
1388 4320 1734 4382 diabolum.
1799 4320 2220 4393 Quamobrem
2279 4322 2357 4383 ad

866 4420 1276 4503 perfectionis
1322 4418 1653 4481 veritatem
1705 4436 1830 4480 non
1890 4418 2136 4479 sufficit
2185 4426 2360 4481 extra

866 4518 1158 4581 homines
1198 4536 1358 4589 esse,
1401 4536 1601 4598 quum
1644 4516 1987 4579 iracundian
2032 4525 2241 4579 motus
2282 4518 2361 4579 si-

2473 4414 2686 4627 QUI
2727 4418 2898 4479 enim
2940 4417 3234 4479 irascitur
3265 4418 3445 4480 fratri
3485 4436 3622 4493 suo,
3655 4438 3802 4481 reus
3838 4421 3962 4482 erit
4019 4444 4146 4486 ιωα.
4170 4448 4248 4485 22-

867 4616 1107 4679 militer
1154 4614 1433 4677 exerceri
1488 4614 1688 4695 possit
1736 4622 1954 4675 contra
2003 4633 2101 4676 res
2152 4623 2359 4678 mutas

2634 4516 2918 4596 judici03
2960 4514 3077 4588 Qui
3116 4516 3249 4578 odit
3291 4516 3551 4578 fratrem
3595 4536 3804 4591 suum,
3847 4518 3958 4581 bo·
3989 4540 4276 4588 noeman,

2473 4613 2704 4676 micida
2747 4620 2841 4675 est
2875 4631 2888 4674 :
2933 4614 3235 4694 quoniam
3281 4614 3468 4676 corde
3509 4616 3754 4696 appetit
3797 4633 3958 4677 mor·
3987 4605 4057 4645 ¹⁵·

867 4713 1240 4796 speciesque
1272 4712 1571 4785 minutaS,
1606 4712 1656 4773 si
1689 4712 1994 4792 patientia
2023 4714 2201 4794 prius
2233 4732 2358 4776 non

866 4812 1062 4874 fuerit
1098 4809 1409 4891 acquisita
1443 4827 1457 4871 :
1502 4808 1612 4891 qui
1654 4818 1861 4870 motus
1904 4808 1967 4870 in
2011 4818 2227 4873 nostro
2266 4831 2361 4873 re-

867 4910 1081 4971 sidens
1132 4907 1341 4981 corde,
1395 4925 1521 4969 non
1570 4905 1724 4969 sinit
1769 4924 1883 4970 nos
1926 4906 2144 4988 jugem
2197 4916 2362 4970 tran-

868 5005 1202 5089 quillitatis
1243 5013 1475 5066 statum
1518 5003 1771 5078 habere,
1806 5023 1922 5066 nec
1962 5006 2189 5067 ceteris
2237 5008 2365 5068 cul-

870 5106 968 5186 pis
1028 5120 1293 5181 carere3
1353 5103 1477 5165 nisi
1537 5103 1699 5165 forte
1759 5110 2057 5184 put-emus
2117 5104 2180 5165 in
2243 5105 2362 5167 hoc

870 5201 1119 5263 lucrum
1170 5200 1303 5263 sive
1354 5200 1706 5262 remedium
1765 5201 2021 5282 aliquod
2082 5220 2360 5264 commo-

872 5297 1150 5361 tionibus
1195 5300 1429 5361 nostris
1473 5298 1838 5372 consistere,
1873 5299 2038 5381 quod
2086 5318 2186 5361 res
2234 5299 2361 5363 ina—

2471 4721 2597 4775 tem
2632 4712 2805 4773 illius
2837 4712 3020 4791 cujus
3059 4730 3349 4775 cruorem
3391 4731 3519 4775 non
3556 4712 3788 4775 effudit
3817 4732 3958 4795 pro—

2468 4811 2606 4893 pria
2657 4829 2848 4872 manu
2896 4810 2996 4872 vel
3043 4810 3258 4891 jaculo
3305 4829 3517 4873 coram
3567 4812 3954 4874 hominibus

2469 4908 2562 4971 Ab
2598 4907 2835 4970 affectu
2879 4908 2986 4970 irae
3021 4907 3346 4988 judicatur
3384 4909 3530 4990 quis
3568 4909 3887 4972 homicida
3921 4930 3960 4971 a

2470 5007 2618 5080 Deo,
2653 5006 2761 5088 qui
2796 5005 3142 5087 unicuique
3174 5006 3380 5068 reddit
3406 5006 3671 5087 gloriam
3701 5014 3810 5069 aut
3839 5013 3962 5069 tor-

2472 5112 2779 5177 mentum,
2816 5122 2942 5166 non
2983 5103 3190 5166 solum
3232 5121 3346 5187 pro
3383 5105 3771 5187 operationis
3805 5105 3960 5167 effe-

2469 5210 2597 5275 ctu,
2646 5203 2755 5264 sed
2796 5202 2987 5263 etiam
3029 5201 3373 5265 voluntatis
3411 5201 3650 5264 affectu
3689 5222 3763 5264 ac
3799 5204 3960 5265 desi-

2470 5301 2646 5364 dcrio
2703 5300 2856 5376 voti,
2918 5300 3269 5363 secundum
3338 5300 3508 5382 quod
3565 5299 3784 5362 asserit
3845 5320 3962 5384 per
