4359 6267
867 494 950 559 28
1775 516 1855 561 DE
1897 516 2226 562 INSTITUTIS
2268 514 2353 560 SS.
2390 514 2650 560 PA'mtm.
2692 532 2774 543 —
2814 514 2988 560 LIBER
3030 514 3073 559 11

869 683 948 745 ad
992 682 1310 746 interioris
1360 683 1639 747 hominis
1685 683 2090 765 disciplinam
2132 691 2196 746 et
2234 700 2367 745 cor·
2392 683 2444 747 A
2472 682 2729 745 festinat
2756 682 3094 757 abducere,
3112 688 3175 744 et
3204 701 3241 743 a
3271 689 3579 763 concepto
3608 680 3857 743 fervore
3886 688 3979 741 te-

871 781 967 842 dis
1026 781 1511 863 perfectionem,
1567 782 2218 863 anachoretarumque
2277 780 2366 843 vi·
2474 780 2761 862 pefacere
2802 799 2941 841 eam
2976 788 3241 842 conatur
3272 799 3386 861 per
3414 780 3826 860 cogitationes
3866 796 3975 839 ex-

869 886 998 942 tam
1041 898 1114 941 ac
1158 880 1581 962 disciplinam.
2470 886 2719 940 traneas
2760 878 3371 959 redundantiamque
3417 878 3780 939 humorum.
3814 876 3977 949 Qua-

2472 983 2731 1057 propter
2780 975 3004 1037 utilius
3051 975 3342 1055 judicant
3400 975 3625 1037 breves
3682 974 3970 1055 quidem,
4320 982 4322 1051 1

1583 1120 1592 1129 .
2472 1074 2582 1134 sed
2615 1073 3032 1135 creberrimas
3062 1074 3378 1136 orationes
3411 1073 3538 1135 Deo
3565 1071 3784 1134 offerri
3808 1089 3821 1133 :
3844 1090 3979 1133 cre-
4321 1076 4322 1079 ’

1287 1134 1789 1199 GAPITULUM
1855 1136 1942 1199 X·
2472 1170 2803 1244 berrimaS,
2864 1171 3145 1253 inquam,
3202 1179 3513 1253 quatenus
3573 1169 3975 1253 frequentius

869 1281 1015 1336 Cum
1051 1286 1276 1353 quanto
1321 1281 1567 1337 silentio
1614 1288 1670 1337 et
1710 1282 2006 1338 brevitate
2052 1282 2361 1338 orationes
2471 1270 2809 1343 exorand0,
2840 1270 3159 1333 adhaerere
3192 1271 3321 1333 Deo
3346 1270 3583 1351 jugiter
3614 1268 3972 1339 valeamus:

1177 1370 1344 1441 apud
1378 1371 1698 1442 AE'yyptios
1734 1372 2056 1442 finiantur.
2475 1367 2698 1429 breves
2750 1375 2985 1441 autem,
3034 1374 3104 1429 ut
3150 1368 3476 1429 succincta
3526 1366 3833 1429 brevitate
3882 1366 3975 1427 vi-

1491 1462 1504 1477 '
1629 1501 1637 1511 ·
2474 1474 2679 1527 temus
2720 1464 2934 1545 jacula
2974 1465 3241 1539 inimici,
3277 1484 3417 1547 quae
3456 1465 3641 1529 nobis
3684 1472 3973 1545 tempore

1009 1565 1180 1628 UUM
1227 1566 1418 1647 igitur
1456 1566 1788 1648 praedictas
1827 1566 2140 1629 orationes
2180 1582 2364 1627 cano·
2471 1564 2775 1626 orationis
2825 1562 3117 1643 infligere
3164 1563 3496 1645 potissime
3540 1563 3785 1625 nititur.

869 1561 1000 1821 Q
1024 1664 1220 1737 uices,
1255 1682 1413 1745 quas
1459 1664 1583 1745 ipsi
1626 1672 1854 1727 vocant
1895 1681 2185 1745 synach,
2221 1680 2360 1745 per-

861 1778 932 1822 so
959 1761 1130 1822 uturi
1176 1762 1587 1835 conveniunt,
1631 1770 1877 1823 tantum
1919 1761 1999 1822 ab
2044 1761 2359 1823 universis

862 1858 1183 1940 praebetur
1208 1859 1558 1935 silentium,
1578 1867 1649 1921 ut
1680 1867 1851 1922 tanta
1875 1860 2162 1921 Fratrum
2198 1859 2358 1920 mul·
2396 1860 2443 1922 B
2872 1817 3375 1882 CAPITULUM
3441 1817 3561 1880 XI·

860 1956 1134 2019 titudine
1173 1957 1592 2020 conveniente
1628 1958 1694 2020 in
1739 1977 1961 2032 unum,
1997 1957 2211 2019 nullus
2252 1957 2361 2019 ho·
2678 1967 2810 2034 Qua
2848 1965 3188 2037 disciplina
3216 1964 3447 2037 psalmi
3482 1963 3771 2019 dicantur

861 2053 1109 2116 minum
1157 2055 1377 2117 adesse
1428 2057 1721 2118 credatur
1769 2064 1997 2137 praeter
2047 2073 2197 2118 eum
2246 2054 2358 2137 qui
2940 2055 3109 2127 apud
3146 2054 3486 2126 AEythst'OS·

859 2151 1179 2232 psalmum
1220 2153 1285 2213 in
1328 2153 1539 2215 medio
1569 2154 2016 2215 decantaturus
2049 2152 2355 2234 exsurgit,

857 2256 1047 2330 atque
1110 2250 1434 2332 praecipue
1494 2250 1651 2312 dum
1715 2250 2072 2333 completur
2133 2250 2352 2313 oratio.
2618 2250 2755 2314 INC
2814 2251 3092 2333 psalmos
3148 2268 3307 2332 quos
3367 2249 3431 2311 in
3484 2248 3965 2329 congregatione

855 2347 994 2409 Non
1028 2348 1094 2409 in
1125 2366 1199 2409 ea
1227 2356 1492 2430 sputum
1534 2348 1870 2423 emittitur,
1905 2367 2032 2411 non
2071 2367 2357 2410 exscrea-
2637 2350 2994 2421 decantant,
3039 2348 3406 2410 continuata
3449 2346 3967 2429 pronuntiatione

858 2445 949 2507 tio
995 2445 1328 2528 obstrepit,
1384 2465 1500 2508 nec
1549 2447 1742 2508 tussis
1791 2446 2175 2525 intersonat3
2229 2464 2355 2509 non
2467 2466 2594 2509 non
2626 2446 3014 2521 finiunt,sed
3043 2465 3150 2509 eos
3180 2447 3532 2509 distinctim
3564 2454 3753 2527 atque
3782 2446 3970 2527 parti-

856 2542 1146 2606 oscitatio
1186 2551 1296 2605 aut
1335 2544 1756 2606 somnolentia
1797 2543 2058 2605 dissutis
2089 2552 2153 2605 et
2182 2544 2359 2606 hian-
2467 2546 2728 2607 culatim
2763 2552 3230 2617 consummant,
3250 2545 3433 2625 juxta
3462 2563 3803 2606 numerum
3832 2562 3971 2605 ver·
4326 2567 4328 2639 1

855 2638 1028 2702 tibus
1067 2640 1342 2703 maxillis
1375 2660 1440 2703 se
1475 2641 1782 2703 admiscet
1802 2658 1818 2719 ;
1853 2641 2012 2702 nulli
2051 2642 2351 2722 gemituS,
2466 2663 2655 2706 suum
2696 2644 2942 2707 duabus
2974 2644 3074 2706 vel
3105 2644 3311 2706 tribus
3352 2642 3772 2705 incisionibus
3804 2643 3965 2705 divi·
4326 2640 4328 2709 Ι

855 2738 1032 2800 nulla
1061 2738 1339 2820 suspiria
1368 2738 1605 2821 quibus
1644 2738 2074 2821 impediantur
2103 2740 2354 2801 adstan-
2464 2760 2585 2803 sos.
2629 2742 2765 2805 Non
2810 2742 2982 2804 enim
3030 2741 3439 2804 multitudine
3484 2759 3807 2815 versuum,
3850 2741 3963 2803 sed

855 2842 971 2909 105,
1013 2844 1397 2919 erumpunt3
1441 2836 1617 2898 nulla
1665 2854 1786 2899 vox
1835 2836 1960 2899 nisi
2008 2837 2352 2899 sacerdotis
2465 2840 2695 2902 mentis
2728 2839 3148 2921 intelligentia
3177 2840 3596 2914 delectantur,
3616 2838 3775 2901 illud
3803 2839 3967 2920 Apo-

850 2935 1202 2999 orationem
1234 2936 1672 2999 concludentis
1711 2936 1989 3009 auditur,
2022 2936 2148 2999 nisi
2188 2936 2352 2999 forte
2462 2937 2604 2999 stoli
2648 2945 2778 3001 tota
2817 2938 3051 3000 virtute
3096 2937 3434 3019 implentes
3472 2956 3484 3000 :
3520 2937 3786 2999 Psallam
3832 2938 3963 3018 spi-
4012 2952 4255 3001 iconm,

850 3054 994 3115 quae
1050 3053 1164 3117 per
1222 3054 1555 3098 excessum
1614 3034 1847 3097 mentis
1906 3034 2209 3115 effugerit
2263 3034 2353 3115 ja·
2388 3034 2431 3097 C
2461 3036 2611 3108 ritu,
2675 3036 2942 3117 psallam
3006 3043 3069 3097 et
3134 3042 3364 3097 mente.
3430 3036 3671 3098 Idcirco
3737 3035 3962 3097 utilius
3992 3018 4063 3057 ¹⁵·

851 3150 1046 3193 nuam
1086 3132 1235 3207 oriS,
1271 3142 1332 3195 et
1372 3152 1514 3214 quae
1555 3132 2011 3195 insensibiliter
2055 3132 2351 3195 inciderit
2462 3140 2759 3214 reputant
2821 3133 3041 3194 decem
3100 3152 3321 3195 versus
3384 3151 3530 3194 oum
3596 3132 3960 3195 rationabili

852 3230 1029 3292 cordi
1072 3231 1397 3293 excessivo
1435 3238 1625 3314 atque
1675 3230 2058 3293 intolerabili
2101 3229 2349 3292 fervore
2460 3230 2883 3311 assignatione
2944 3231 3206 3303 cantari,
3267 3250 3459 3312 quam
3524 3238 3725 3293 totum
3790 3231 3963 3313 psal-

851 3327 1126 3409 Spiritus
1171 3328 1383 3391 Sancti
1427 3346 1717 3403 accens0‚
1751 3330 1904 3391 dum
1949 3348 2024 3391 ea
2065 3348 2208 3411 quae
2256 3330 2349 3391 in·
2462 3348 2639 3393 mum
2691 3348 2838 3391 cum
2900 3329 3131 3391 mentis
3180 3328 3555 3391 confusione
3614 3328 3882 3410 proferri
3940 3348 3955 3392 :

851 3425 1183 3489 flammata
1225 3445 1404 3488 mens
1447 3426 1510 3488 in
1543 3444 1609 3487 50
1641 3426 1967 3489 continere
1997 3443 2123 3488 11011
2155 3427 2345 3501 valet,
2461 3447 2603 3509 quae
2634 3428 2955 3490 interdum
2986 3446 3063 3489 ex
3093 3426 3563 3509 pronuntiantis
3595 3426 3963 3489 festinantia

853 3542 968 3605 per
996 3523 1339 3605 quemdam
1384 3522 1778 3585 ineffabilem
1808 3523 2119 3604 gemitum
2149 3544 2227 3586 ex
2259 3524 2351 3585 in·
2458 3533 2817 3605 generatur,
2852 3525 2962 3607 qui
3002 3525 3153 3586 dum
3201 3525 3460 3586 modum
3501 3543 3575 3586 ac
3613 3542 3959 3586 numerum

850 3621 1008 3685 timo
1059 3621 1333 3705 pectoris
1383 3621 1481 3683 sui
1532 3620 1864 3684 effundere
1917 3622 2180 3702 cogitur.
2236 3623 2349 3685 De·
2460 3623 2859 3685 residuorum
2936 3623 3326 3704 psalmorum
3396 3622 3507 3703 qui
3579 3622 3959 3684 decantandi

851 3719 1046 3801 nique
1110 3720 1526 3784 constitutum
1590 3719 1653 3780 in
1719 3720 1952 3783 mentis
2013 3728 2228 3802 tepore
2286 3731 2347 3782 et
2460 3728 2609 3781 sunt
2638 3728 2883 3801 pensat,
2908 3738 3034 3782 11011
3066 3720 3277 3781 studet
3306 3718 3781 3782 distinctionem
3818 3738 3963 3781 sen-

850 3836 999 3880 cum
1034 3818 1310 3880 clamore
1351 3837 1463 3879 seu
1498 3817 1690 3880 sibilo
1727 3818 1856 3881 oris
1894 3826 2203 3892 orantem,
2237 3820 2347 3881 du·
2462 3837 2649 3879 suurn
2692 3816 3097 3879 audientibus
3142 3818 3439 3898 pandere,
3480 3818 3589 3879 sed
3633 3818 3711 3879 ad
3756 3817 3959 3879 finem

850 3916 1104 3998 pliciter
1133 3934 1397 3999 peccare
1430 3916 1842 3998 pronuntiant
1877 3936 1890 3979 :
1928 3916 2155 3998 prime,
2191 3934 2345 3998 quo·
2458 3916 2675 3980 Officii
2716 3925 3010 3999 properat
3040 3917 3393 3998 pervenire.
3431 3918 3715 3999 Insuper,
3750 3918 3803 3979 si
3844 3917 3961 3979 ali-

849 4013 1023 4076 niam
1070 4014 1464 4097 negligenter
1513 4022 1669 4088 orat,
1713 4022 1974 4096 propter
2020 4016 2190 4097 quod
2240 4034 2344 4077 ex·
2456 4014 2603 4095 quis
2662 4015 2990 4095 juniorum
3040 4015 3307 4097 coeperit
3357 4015 3617 4076 modum
3666 4015 3961 4077 decanta-

847 4112 1054 4173 audiri
1120 4112 1418 4193 indignus
1477 4118 1616 4191 est3
1677 4112 1978 4185 secunde,
2041 4112 2345 4193 quoniam
2462 4112 2652 4175 tionis
2685 4113 3075 4194 psalmorum
3108 4113 3411 4175 excedere
3442 4132 3519 4175 ex
3559 4112 3820 4194 spiritus
3858 4113 3961 4175 sui

849 4210 1322 4293 indisciplinato
1352 4210 1621 4292 strepitu
1654 4210 2063 4291 interrumpit
2093 4229 2347 4273 sensum
2376 4212 2425 4273 D
2463 4209 2731 4283 fervore,
2764 4218 2871 4271 aut
2902 4210 3202 4291 quoniam
3246 4211 3531 4272 nondum
3572 4217 3668 4271 est
3706 4210 3960 4272 institu-

845 4309 1128 4381 alteriuS,
1183 4309 1294 4390 qui
1354 4308 1660 4370 intentius
1719 4325 1794 4370 00
1842 4308 2055 4370 forsan
2114 4317 2340 4371 oraret.
2464 4316 2565 4368 tus
2611 4308 2676 4368 in
2720 4307 3046 4388 religione,
3082 4307 3438 4390 progressio
3480 4306 3620 4387 ejus
3664 4307 3963 4390 prohibe-

844 4407 992 4469 Ideo
1022 4407 1231 4469 Patres
1265 4405 1642 4487 praecipiunt
1670 4404 2020 4468 orationem
2053 4407 2346 4470 celeriter
2464 4413 2566 4466 tur
2610 4405 2877 4468 senioris
2927 4406 3141 4487 aliquo
3185 4407 3435 4486 plausu,
3478 4424 3670 4487 quem
3715 4404 3958 4469 faciens

845 4504 1197 4577 terminari,
1232 4522 1313 4565 ne
1343 4503 1504 4565 forte
1536 4503 2026 4566 immorantibus
2057 4505 2245 4568 nobis
2277 4507 2343 4568 in
2460 4523 2651 4565 manu
2686 4523 2801 4565 sua
2831 4503 2898 4565 in
2927 4504 3076 4565 sede
3106 4523 3233 4585 qua
3270 4504 3467 4577 sedet,
3502 4512 3762 4567 cunctos
3805 4503 3960 4566 facit

844 4621 938 4677 ea,
988 4600 1380 4664 abundantia
1429 4600 1600 4682 sputi
1657 4609 1768 4663 aut
1817 4601 2199 4683 phlegmatis
2249 4605 2343 4666 in·
2453 4603 2531 4666 ad
2566 4603 2917 4665 orationem
2949 4620 3327 4683 consurgere
3360 4620 3375 4665 ε
3410 4603 3774 4667 omnimode
3816 4621 3964 4684 pro—

842 4706 1195 4781 terrumpat
1235 4698 1539 4761 orationis
1582 4707 1811 4763 nostrae
1853 4718 2206 4763 excessum.
2248 4703 2343 4763 Id·
2456 4702 2683 4764 videns
2731 4720 2811 4764 ne
2864 4701 3119 4765 taedium
3170 4700 3427 4783 aliquod
3475 4708 3814 4782 generetur
3868 4720 3963 4763 se-

841 4799 1011 4861 circo
1041 4799 1195 4861 dum
1227 4797 1434 4859 adhuc
1465 4795 1688 4872 fervet,
1705 4798 2008 4861 velociter
2039 4800 2342 4881 rapienda
2457 4798 2759 4861 dentibus
2802 4818 2878 4860 ex
2924 4798 3282 4880 prolixitate
3328 4798 3741 4879 psalmorum,
3774 4806 3839 4861 01
3876 4817 3959 4861 110

839 4906 936 4959 051
976 4898 1157 4978 quasi
1202 4898 1279 4959 de
1322 4895 1617 4957 faucibus
1669 4896 1939 4970 inimici,
1982 4898 2092 4978 qui
2138 4917 2339 4979 quum
2463 4898 2515 4959 is
2566 4896 2677 4977 qui
2730 4896 3005 4979 psalmos
3056 4898 3366 4970 decantat,
3410 4914 3537 4959 non
3587 4898 3795 4961 solum
3843 4916 3961 4979 per

837 4996 920 5057 sit
952 4995 1136 5058 nobis
1172 5012 1426 5074 semper
1457 4992 1749 5067 infestus,
1787 5000 1938 5055 tunc
1975 4994 2197 5075 procul
2230 4996 2341 5057 du-
2460 5014 2527 5057 se
2584 4995 2795 5078 ipsum
2852 4994 3285 5075 intelligentiae
3346 4995 3627 5057 fructum
3685 4995 3957 5069 amittat,

837 5094 946 5156 bio
974 5091 1224 5155 adsistit
1256 5090 1564 5165 infestior,
1586 5109 1786 5171 quum
1811 5090 2044 5152 viderit
2069 5110 2184 5155 nos
2212 5093 2339 5156 Deo
2461 5093 2571 5155 sed
2600 5092 2794 5154 etiam
2834 5092 3164 5155 occasione
3204 5110 3424 5155 eorum
3465 5093 3702 5156 incidat
3740 5094 3959 5174 gratiae

839 5210 1059 5275 preces
1115 5189 1350 5253 offerre
1400 5196 1620 5252 contra
1669 5188 1899 5270 ipsum.
1955 5189 2129 5270 Unde
2181 5197 2336 5252 111110
2463 5190 2939 5265 detrimentum,
2972 5207 3131 5273 quos
3171 5210 3285 5252 sua
3324 5190 3651 5253 nimietate
3683 5190 3835 5253 facit
3863 5191 3961 5252 in-

841 5297 1120 5353 mentem
1169 5295 1450 5351 nostram
1502 5286 1582 5348 ab
1631 5286 1932 5349 orationis
1982 5288 2330 5352 attentione
2466 5307 2719 5351 currere
2775 5287 3103 5352 fastidium
3163 5289 3533 5370 psalmodiae
3590 5296 3699 5351 aut
3748 5290 3957 5351 cultus
