4359 6267
1245 497 1324 541 DE
1367 496 1696 542 INSTITUTIS
1742 495 1827 540 SS.
1863 494 2124 540 PA'muu.
2173 513 2254 522 —
2293 494 2470 540 LIBER
2511 495 2598 540 xn

3359 475 3472 539 121

369 670 591 744 gentes
630 682 885 748 quoque
926 664 1257 728 scientiam
1293 665 1357 726 in
1390 664 1575 728 nobis
1615 682 1691 726 ex
1731 681 1877 745 ope·
1903 662 1956 725 A
1987 663 2052 725 in
2090 664 2301 745 gladio
2341 681 2457 726 suo
2498 664 2913 746 possederunt
2951 671 3204 738 terram,
3235 670 3298 726 et
3335 662 3476 725 bra·
3504 678 3771 729 rammi.

84 779 345 829 Pan-12³9.
372 779 519 823 rum
551 762 839 843 profectu
870 764 1111 845 augeri,
1137 762 1482 845 psallamus
1520 781 1531 823 :
1565 762 1874 834 Quoniam

84 849 145 881 “²'‘
372 867 445 920 tu
471 859 796 923 illuminas
824 862 1149 924 lucernam
1176 861 1701 935 meam,Domine,
1719 862 1877 922 Deus

374 976 582 1032 meuS,
616 958 909 1021 illumina
956 960 1249 1021 tenebras
1300 977 1523 1037 meas;
1572 958 1873 1039 quoniam

376 1054 447 1115 in
486 1063 549 1116 te
590 1055 827 1137 eripiar
864 1076 898 1118 a
943 1057 1305 1129 tentatione,
1350 1063 1409 1119 et
1454 1056 1519 1117 in
1564 1056 1692 1117 Deo
1736 1071 1877 1115 meo

376 1154 805 1233 transgrediar
834 1173 1113 1216 murum.
1148 1154 1354 1227 Quum
1386 1172 1535 1215 vero
1564 1152 1876 1215 sentimus

373 1266 495 1310 nos
524 1266 779 1311 omnem
810 1251 1162 1314 tolerantiae
1192 1251 1631 1313 fortitudinem
1663 1249 1877 1329 acqui-

374 1347 561 1421 sisse,
602 1356 792 1429 atque
828 1349 893 1411 in
936 1350 1039 1411 via
1079 1350 1385 1411 virtutum
1434 1348 1683 1411 facilius
1728 1347 1879 1409 diri-

90 1457 343 1499 laid-³³³⁵.
373 1445 438 1525 gi
495 1454 561 1507 et
612 1446 750 1507 sine
804 1446 1041 1521 labore,
1102 1454 1430 1509 cantemus
1483 1464 1497 1508 :
1551 1447 1715 1509 Deus
1768 1446 1878 1527 qui

376 1543 771 1625 praecinxisti
813 1563 915 1606 me
954 1546 1211 1617 virtute,
1246 1554 1309 1606 et
1349 1545 1617 1625 posuisti
1660 1544 1881 1605 imma-

375 1642 655 1704 culatam
702 1643 873 1705 viam
925 1661 1167 1721 meam3
1213 1643 1322 1724 qui
1375 1641 1635 1725 perficis
1686 1643 1880 1724 pedes

376 1759 559 1804 meos
603 1750 905 1823 tanquam
954 1759 1311 1815 cervorum,
1343 1749 1407 1804 et
1446 1760 1639 1822 super
1678 1742 1881 1803 excel-

1986 762 2204 824 chium
2248 780 2468 825 eorum
2516 779 2641 824 non
2688 761 2954 825 salvavit·
2998 780 3146 839 eos;
3179 762 3286 824 sed
3333 762 3478 823 dex-

1985 867 2118 921 tera
2146 867 2254 921 tua
2283 866 2346 922 et
2386 860 2717 921 brachium
2759 867 2962 932 tuum,
2996 867 3058 922 et
3096 859 3477 921 illuminatio

1984 957 2200 1018 vultus
2242 958 2358 1031 tui,
2405 958 2706 1039 quoniam
2758 957 3199 1039 complacuisti
3247 957 3311 1018 in
3361 957 3473 1019 eis.

1986 1054 2306 1117 Postremo
2353 1056 2650 1118 universa
2689 1055 3004 1119 beneficia
3042 1056 3151 1117 Dei
3198 1055 3481 1117 conside-

1988 1160 2197 1215 rantes
2238 1153 2510 1215 sollicita
2553 1162 2766 1217 mente
2808 1174 2954 1216 cum
2996 1154 3340 1235 gratiarum
3384 1172 3483 1215 ac-

1992 1250 2179 1323 tione,
2215 1258 2283 1312 ut
2315 1253 2485 1333 quod
2514 1252 2868 1315 efficaciter
2897 1253 3344 1335 pugnavimus,
3379 1252 3480 1314 vel

1989 1348 2522 1413 illuminationem
2573 1351 2854 1413 scientiae
2906 1358 3016 1412 aut
3074 1349 3480 1431 disciplinam

1988 1445 2390 1509 discretionis
2433 1446 2512 1509 ab
2555 1448 2695 1529 ipso
2737 1448 3122 1529 accepimuS,
3166 1447 3268 1509 vel
3311 1446 3480 1528 quod

1990 1563 2103 1608 nos
2151 1545 2284 1606 suis
2331 1546 2526 1607 armis
2573 1547 2862 1619 armavit,
2914 1545 3294 1627 virtutisque
3344 1546 3480 1607 cin-

1988 1644 2139 1723 gulo
2177 1644 2283 1725 pie
2323 1644 2619 1718 munivit,
2652 1644 2752 1706 vel
2794 1644 3088 1706 inimicos
3127 1651 3374 1705 nostros
3415 1643 3479 1703 in

1990 1740 2208 1821 fugam
2240 1744 2572 1813 convertit,
2606 1742 2907 1805 virtutem
2943 1760 3195 1824 quoque
3231 1760 3484 1804 conces·
3510 1765 3774 1816 huma.

376 1859 449 1901 sa
498 1847 782 1902 statuens
835 1858 985 1919 me;
1026 1841 1138 1921 qui
1188 1841 1375 1903 doces
1425 1858 1651 1901 manus
1708 1858 1878 1901 meas
1915 1844 1962 1905 Β
1993 1840 2075 1901 sit
2124 1841 2603 1902 comminuendi
2661 1858 2768 1903 eos
2828 1848 2897 1901 ut
2951 1841 3279 1922 pulverem
3337 1846 3482 1901 ante

374 1938 459 1999 ad
491 1937 802 2020 praelium.
839 1939 1027 2000 Porro
1065 1937 1515 2000 discretionem
1557 1937 1783 2011 sortiti,
1818 1944 1879 1999 et

376 2055 457 2098 ea
494 2036 590 2098 sic
625 2036 899 2099 roborati
936 2044 1005 2097 ut
1039 2037 1358 2117 possimus
1399 2036 1611 2098 hostes
1653 2043 1881 2098 nostrae

84 2155 349 2201 μῶλυ.
380 2134 607 2197 salutis
674 2135 935 2209 elidere,
996 2134 1409 2197 concinamus
1464 2152 1477 2195 :
1532 2133 1882 2216 Disciplina

383 2242 496 2295 tua
551 2234 825 2296 correxit
882 2252 985 2296 me
1034 2234 1100 2295 in
1150 2232 1372 2306 finem,
1423 2240 1485 2295 et
1543 2231 1883 2313 disciplina

380 2340 495 2393 tua
558 2332 699 2414 ipsa
758 2346 859 2393 mc
921 2331 1176 2393 docebit
1213 2348 1229 2409 ;
1288 2330 1566 2393 dilatasti
1628 2348 1883 2411 gressus

382 2447 563 2492 meos
612 2429 839 2492 subtus
892 2448 1013 2503 me,
1064 2438 1129 2491 et
1176 2447 1303 2491 non
1354 2436 1502 2491 sunt
1562 2428 1885 2490 infirmata

381 2527 654 2609 vestigia
690 2546 848 2589 mea.
884 2528 959 2590 Et
996 2527 1149 2609 quia
1191 2527 1399 2589 taliter
1444 2545 1585 2589 sum
1633 2526 1884 2589 robora—

380 2632 491 2686 tus
523 2634 635 2687 tua
673 2625 941 2688 scientia
978 2645 1051 2687 ac
1079 2626 1338 2699 virtute,
1371 2625 1581 2687 dicam
1620 2624 1884 2687 fiducia-

92 2744 355 2787 ιιεαωω.
387 2722 537 2785 liter
574 2742 716 2805 quae
752 2731 1110 2805 sequuntur
1150 2740 1163 2784 :
1206 2723 1552 2804 Persequar
1589 2722 1885 2784 inimicos

386 2840 569 2885 meos
606 2830 669 2883 et
706 2822 1243 2903 comprehendam
1281 2821 1445 2896 illos,
1479 2829 1542 2884 et
1580 2839 1706 2883 non
1742 2837 1887 2882 con-

384 2928 603 2982 vertar
628 2921 831 2982 donec
862 2920 1198 2999 deficiant3
1226 2928 1547 2983 conteram
1580 2919 1743 2993 illos,
1766 2937 1885 2981 nec

383 3026 691 3101 poterunt
724 3026 920 3097 stare3
948 3019 1172 3081 cadent
1204 3018 1429 3080 subtus
1459 3018 1651 3099 pedes
1686 3034 1880 3079 meos,
1923 3021 1966 3084 C

466 3118 713 3179 Interea
760 3134 1075 3178 memores
1133 3116 1409 3198 propriae
1466 3116 1882 3189 infirmitatiS,

378 3224 577 3297 atque
609 3222 949 3297 pensant-es
980 3232 1107 3276 non
1139 3231 1324 3295 posse
1356 3231 1469 3276 nos
1509 3213 1718 3295 fragili
1752 3232 1884 3276 car-

382 3333 467 3376 ne
510 3313 936 3376 circumdatos
974 3330 1275 3393 superare
1314 3320 1441 3373 tam
1474 3312 1733 3375 acerbos
1774 3313 1886 3375 ho-

384 3421 517 3474 stes
566 3412 997 3491 vitiorumque
1048 3417 1257 3472 motus
1304 3428 1377 3471 ac
1428 3410 1703 3491 impetus
1748 3410 1886 3472 sine

102 3532 361 3579 Pamma-
386 3510 708 3591 adjutorio
767 3508 901 3583 Dei,
954 3508 1241 3570 dicamus
1294 3526 1308 3570 ε
1360 3508 1429 3569 In
1484 3516 1541 3568 te
1592 3507 1885 3570 inimicos

92 3601 127 3635 ξ·
388 3614 643 3670 nostros
691 3607 1144 3670 ventilabimus
1193 3624 1413 3680 cornu,
1466 3613 1529 3667 et
1577 3605 1641 3666 in
1692 3606 1889 3668 nomi-

393 3725 475 3767 ne
521 3713 631 3767 tuo
680 3723 1053 3786 spernemus
1100 3705 1498 3785 insurgentes
1544 3703 1609 3765 in
1654 3702 1885 3766 nobis:

390 3824 523 3868 non
581 3804 755 3866 enim
802 3802 868 3863 in
912 3821 1063 3863 arcu
1116 3820 1258 3865 meo
1316 3802 1603 3884 sperabo,
1652 3810 1714 3864 ct
1762 3801 1890 3883 gla-

388 3904 539 3965 dius
580 3921 760 3964 meus
800 3918 926 3963 non
966 3900 1236 3962 salvabit
1278 3918 1417 3978 me;
1454 3908 1517 3961 tu
1558 3901 1730 3962 enim
1772 3900 1890 3963 sal-

390 4002 557 4063 vasti
589 4018 707 4063 nos
734 4018 812 4061 ex
841 3998 1328 4073 afflictionibus,
1362 4006 1425 4059 et
1454 3997 1741 4061 odientes
1775 4016 1889 4062 nos

88 4121 363 4173 Pus-uno,
391 4098 765 4161 confudisti.
801 4098 877 4160 Et
921 4096 1074 4159 item
1120 4115 1131 4156 :
1174 4095 1564 4158 Praecinxisti
1616 4115 1716 4158 me
1765 4097 1890 4157 vir-

90 4188 155 4226 Η.

390 4304 491 4357 tes
538 4294 607 4355 in
660 4310 761 4354 me
811 4291 1037 4354 subtus
1086 4310 1210 4365 me,
1262 4297 1324 4353 et
1372 4292 1667 4356 inimicos
1718 4310 1891 4355 meos

392 4391 626 4455 dedisti
672 4390 832 4452 mihi
877 4390 1157 4463 dorsum,
1191 4397 1254 4450 et
1294 4390 1581 4452 odientes
1624 4410 1727 4453 me
1771 4391 1895 4453 dis—

392 4488 753 4573 perdidisti.
811 4489 1071 4561 Rursus,
1133 4476 1479 4567 cogitantes
1539 4488 1707 4569 quod
1765 4506 1892 4550 non

394 4606 743 4671 possumus
794 4585 989 4647 armis
1034 4585 1307 4667 propriis
1350 4586 1712 4666 praevalere,
1758 4604 1895 4649 ore-

118 4706 367 4758 amn,
396 4706 545 4750 mus
580 4706 594 4749 ε
628 4685 1050 4767 Apprehende
1080 4702 1254 4745 arma
1290 4691 1354 4745 et
1391 4692 1666 4758 scutum,
1699 4692 1761 4747 et
1790 4704 1896 4747 ex-

90 4773 195 4816 ²·³·
397 4803 589 4867 surge
635 4784 702 4846 in
746 4782 1134 4862 adjutorium
1179 4800 1415 4843 meum.
1463 4781 1737 4845 Effunde
1782 4783 1900 4846 fra-

400 4902 637 4957 meam,
668 4891 733 4945 et.
770 4881 1076 4944 conclude
1115 4880 1416 4942 adversus
1458 4898 1565 4943 eos
1608 4881 1720 4962 qui
1766 4901 1903 4963 per-

400 4988 765 5064 sequuntur
814 4996 965 5057 me;
1016 4978 1117 5039 dic
1166 4978 1395 5041 animae
1445 4998 1601 5041 meae
1656 4997 1668 5039 :
1721 4980 1901 5043 Salus

90 5101 372 5153 Pauus.
402 5091 515 5143 tua
552 5097 670 5160 ego
710 5096 873 5139 sum.
920 5077 995 5139 Et
1029 5094 1042 5138 :
1076 5076 1344 5138 Posuisti
1386 5085 1452 5138 ut
1495 5095 1712 5139 arcum
1754 5097 1904 5141 aere-

86 5168 157 5207 ³⁹³·
405 5196 521 5240 um
561 5174 828 5238 brachia
866 5192 1026 5246 mea,
1058 5180 1118 5235 et
1160 5173 1389 5236 dedisti
1423 5175 1578 5236 mihi
1614 5176 1907 5257 protecti-

404 5293 601 5339 onem
644 5272 867 5335 salutis
910 5277 1051 5334 tuae.
1099 5271 1255 5345 Quia
1294 5290 1413 5334 nec
1458 5280 1666 5353 patres
1709 5273 1907 5336 nostri

660 5406 725 5455 T.
762 5404 843 5455 27.

1991 1938 2222 1999 faciem
2273 1939 2469 2012 venti,
2521 1958 2713 2020 super
2760 1939 2858 2000 his
2907 1939 3207 2001 omnibus
3256 1938 3484 2001 intimo

1991 2037 2177 2099 corde
2229 2035 2576 2098 clamemus
2625 2038 2702 2099 ad
2753 2037 2964 2118 ipsum
3015 2058 3029 2100 :
3076 2038 3347 2118 Diligam
3396 2044 3479 2109 te,
3533 2056 3756 2101 mim-4.

1992 2134 2280 2207 Domine,
2317 2134 2521 2195 virtus
2566 2153 2726 2209 mea,
2767 2135 3074 2197 Dominus
3116 2133 3482 2197 firmamen-

1994 2240 2128 2294 tum
2189 2250 2402 2293 meum
2453 2239 2516 2293 et
2564 2232 2881 2313 refugium
2933 2252 3170 2307 meum,
3222 2239 3285 2295 et
3334 2231 3486 2293 libe-

1995 2338 2161 2393 rator
2205 2349 2384 2392 meus
2407 2348 2424 2409 ;
2459 2331 2622 2392 Deus
2668 2350 2846 2393 meus
2888 2330 3142 2412 adjutor
3183 2349 3384 2404 meus,
3425 2337 3488 2391 et

1994 2427 2266 2510 sperabo
2305 2428 2370 2490 in
2410 2447 2577 2490 eum.
2613 2430 2931 2491 Protector
2970 2448 3150 2491 meus
3189 2436 3253 2491 et
3291 2446 3489 2491 cornu

1996 2526 2220 2588 salutis
2265 2544 2443 2599 meae,
2488 2534 2552 2588 et
2594 2535 2924 2608 susceptor
2967 2546 3166 2589 meus,
3201 2526 3491 2589 Laudans

1998 2623 2307 2686 invocabo
2356 2624 2722 2699 Dominum,
2770 2632 2831 2686 et
2874 2624 2954 2687 ab
3005 2624 3281 2686 inimicis
3333 2624 3490 2685 meis

1996 2723 2210 2785 salvus
2253 2740 2379 2785 ero.

2352 2975 2854 3040 CAPITULUM
2916 2976 3132 3039 XVII.

1997 3124 2168 3192 Quod
2195 3140 2317 3179 non
2345 3123 2536 3181 solum
2573 3126 2642 3179 in
2677 3124 2958 3180 naturali
2985 3123 3354 3186 conditione,
3385 3122 3490 3179 sed

2065 3214 2252 3269 etiam
2279 3215 2346 3269 in
2375 3215 2744 3286 quotidiana
2771 3214 3224 3285 dispensatione
3252 3213 3488 3271 munia-

2065 3319 2204 3359 mur
2227 3304 2440 3373 qratia
2466 3303 2597 3359 Dei.
2672 3333 2680 3340 ·

2136 3507 2412 3571 RATIAS
2443 3506 2654 3588 itaque
2685 3506 2812 3568 Deo
2840 3524 3100 3587 agamus
3131 3522 3256 3568 non
3287 3506 3486 3568 solum

2166 3624 2283 3689 pro
2321 3606 2444 3675 his,
2478 3604 2648 3686 quod
2691 3622 2806 3666 nos
2851 3605 3087 3667 creavit
3129 3603 3487 3678 rationaleS,

1998 3711 2061 3767 et
2102 3703 2285 3766 liberi
2331 3702 2578 3765 arbitrii
2618 3702 2882 3765 contulit
2927 3709 3322 3784 potestatem,
3357 3721 3493 3783 gra-

2000 3803 2282 3884 tiamque
2328 3801 2627 3882 baptismi
2676 3801 2936 3882 largitus
2980 3808 3096 3874 est,
3144 3800 3243 3863 vel
3289 3801 3490 3863 scien-

2000 3901 2153 3962 tiam
2185 3919 2258 3962 ac
2287 3899 2674 3980 adjutorium
2706 3898 2862 3980 legis
2892 3899 3125 3961 divinae
3155 3899 3488 3973 concessit,

2001 4000 2110 4061 sed
2159 3998 2350 4061 etiam
2403 4016 2516 4079 pro
2563 3998 2664 4059 his
2718 4016 2860 4078 quae
2906 3996 3304 4078 providentia
3351 3996 3491 4077 ejus

2000 4097 2284 4179 quotidie
2324 4095 2507 4159 nobis
2538 4095 2803 4176 largitur
2837 4114 2850 4156 ε
2886 4095 3055 4176 quod
3095 4094 3339 4157 scilicet
3375 4112 3492 4158 nos

394 4205 530 4259 tute
569 4196 649 4258 ad
694 4195 959 4267 bellum,
992 4201 1057 4257 et
1100 4194 1520 4277 supplantasti
1568 4194 1893 4275 insurgen-
1920 4202 1971 4262 D
2001 4196 2077 4257 de
2110 4194 2614 4256 adversariorum
2646 4192 2895 4255 insidiis
2927 4192 3172 4265 liberat,
3196 4193 3366 4273 quod
3399 4210 3494 4255 co·

2000 4299 2298 4373 operatur
2339 4291 2524 4354 nobis
2568 4292 2645 4354 ad
2690 4291 3120 4373 superandum
3165 4289 3322 4352 vitia
3365 4309 3496 4352 car-

2001 4391 2123 4464 nis,
2158 4389 2328 4471 quod
2361 4387 2797 4469 ignorantibus
2837 4387 3021 4450 nobis
3061 4388 3334 4468 protegit
3374 4406 3489 4451 nos

2003 4509 2039 4551 a
2095 4488 2364 4550 diversis
2422 4487 2746 4569 periculiS,
2795 4494 2858 4548 et
2913 4505 2952 4547 a
3011 4486 3192 4567 lapsu
3252 4487 3494 4567 peccati

2005 4593 2346 4669 praeservat
2399 4604 2472 4647 ac
2530 4584 2801 4657 roborat,
2854 4585 3024 4666 quod
3071 4584 3327 4665 adjuvat
3379 4603 3496 4648 nos

2004 4693 2195 4767 atque
2230 4686 2546 4747 illuminat
2581 4692 2652 4744 ut
2683 4684 3036 4765 intelligere
3069 4691 3133 4746 et
3166 4702 3500 4765 cognosce-

2008 4802 2073 4845 re
2124 4784 2446 4846 valeamus
2500 4784 2711 4865 ipsum
2765 4782 3152 4862 adjutorium
3209 4790 3495 4845 nostrum

2007 4882 2206 4963 (quod
2260 4881 2518 4963 quidam
2575 4880 2872 4942 dixerunt
2920 4898 3046 4943 non
3103 4880 3278 4943 aliud
3334 4900 3494 4955 esse,

2011 4998 2205 5061 quam
2258 4979 2460 5059 legem
2512 4978 2762 5059 ipsius),
2815 4978 2982 5059 quod
3035 4978 3176 5058 ejus
3227 4978 3500 5059 inspira-

2015 5078 2186 5140 tione
2235 5078 2502 5139 latenter
2550 5076 3040 5157 compungimur
3087 5094 3202 5157 pro
3250 5076 3501 5139 delictis

2016 5183 2079 5238 et
2117 5174 2521 5257 negligentiis
2560 5173 2814 5247 nostriS,
2857 5174 3024 5254 quod
3065 5174 3206 5253 ipso
3245 5174 3504 5253 dignan-

2019 5282 2115 5336 ter
2144 5292 2258 5336 nos
2287 5274 2606 5347 visitante,
2640 5270 3056 5335 saluberrime
3097 5272 3502 5353 castigamur,

3227 5408 3259 5459 8
