4359 6267
211 987 306 1032 Enni

181 1019 361 1102 unfit-32.

196 1382 363 1432 Halmii,

177 2261 254 2305 md.
267 2277 296 2310 r.
313 2267 365 2306 16.

1064 508 1481 555 coLLA'rmNUM
1523 507 1609 552 SS.
1645 507 1887 552 PATRUM
1929 507 2104 552 LIBER
2147 508 2187 553 1.
2234 525 2315 536 —
2357 507 2643 556 COLLATlo
2684 511 2747 556 lx

3334 491 3455 554 249

381 677 574 750 ritum,
612 685 676 739 et
715 679 1122 740 mendacium
1163 677 1374 760 potius
1419 677 1728 758 loquerer.
1773 677 1850 738 Ut
1880 675 1932 738 A
1962 677 2073 758 qui
2123 677 2245 740 scit
2292 679 2543 741 actibus
2592 679 2725 742 suis
2784 679 3259 741 retribuendam
3314 695 3453 740 esse

381 775 584 856 Moysis
622 777 1180 857 praetermittamus
1218 775 1548 848 affectum,
1575 775 1687 857 qui
1723 792 1850 837 non

383 874 572 936 renuit
613 893 760 937 cum
803 873 1106 937 fratribus
1143 876 1276 938 suis
1322 875 1602 948 interire,
1636 874 1850 935 dicen-

383 972 452 1033 do
493 989 506 1033 :
549 972 840 1048 Obsecro,
895 974 1182 1047 Domine,
1237 973 1526 1056 peccavit
1574 972 1849 1054 populus

385 1071 488 1132 iste
533 1081 860 1156 peccatum
913 1090 1255 1154 magnum;
1303 1081 1412 1134 aut
1458 1072 1708 1133 dimitte
1757 1071 1849 1132 eis

384 1169 526 1230 hanc
557 1188 803 1245 noxam,
836 1171 1028 1233 aut-si
1071 1189 1197 1233 non
1236 1169 1416 1244 faciS,
1450 1169 1590 1232 dele
1632 1189 1733 1231 me
1771 1170 1848 1232 de

385 1267 529 1330 libro
565 1288 752 1350 quem
792 1269 1124 1351 scripsisti.
1169 1271 1358 1332 Porro
1397 1269 1564 1351 quod
1605 1268 1850 1330 dictum

385 1373 486 1438 est,
553 1366 996 1429 Sanctificetur
1067 1385 1300 1430 nomen
1371 1375 1576 1440 tuum,
1643 1373 1851 1448 potest

386 1463 556 1525 etiam
584 1471 1000 1544 congruenter
1038 1465 1130 1526 sic
1168 1465 1372 1547 accipi
1410 1484 1424 1527 :
1459 1472 1673 1526 nostra
1713 1482 1851 1544 per-

387 1560 556 1623 fectio
593 1580 700 1623 seu
741 1570 959 1624 sancta
1003 1563 1397 1625 conversatio
1439 1571 1536 1624 est
1573 1561 1852 1624 sanctifi-

390 1659 532 1722 catio
567 1659 692 1722 Dei.
727 1661 967 1742 Itaque,
1001 1661 1449 1724 Sanctificetur
1489 1679 1722 1722 nomen
1758 1668 1852 1722 tu-

389 1774 522 1836 um3
571 1758 630 1820 id
675 1767 770 1822 est
823 1776 838 1820 ε
893 1759 940 1822 Ο
989 1760 1188 1834 Pater,
1243 1759 1398 1821 tales
1447 1777 1563 1821 nos
1614 1757 1733 1831 fac,
1783 1767 1852 1820 ut

1963 793 2090 838 non
2136 777 2436 858 palmam,
2484 778 2593 840 sed
2638 797 2891 860 poenam
2934 797 2971 838 a
3016 777 3251 859 judice.

2352 1031 2855 1094 CAPITULUM
2915 1031 3067 1094 XX.

2085 1168 2170 1224 De
2197 1184 2264 1225 eo
2294 1169 2457 1242 quod
2484 1171 2639 1226 dicit
2670 1187 2688 1224 .·
2718 1170 2859 1224 Fiat
2892 1168 3173 1225 voluntas
3202 1174 3329 1224 tua.

1963 1368 2000 1417 Γ
2091 1367 2317 1429 ERTlA
2364 1367 2648 1430 filiorum
2695 1367 3079 1449 supplicatio
3121 1374 3216 1429 est
3250 1385 3264 1430 ε
3298 1370 3457 1430 Fiat.
3502 1385 3747 1440 Mantus..

2109 1470 2409 1526 voluntas
2440 1476 2579 1536 tua,
2600 1467 2769 1526 sicut
2797 1467 2866 1526 in
2890 1469 3042 1525 coelo
3065 1475 3126 1525 et
3152 1467 3226 1525 in
3252 1475 3449 1527 terra.
3485 1452 3549 1493 ¹⁰·

1961 1563 2099 1626 Non
2153 1572 2360 1646 potest
2405 1565 2537 1645 jam
2586 1583 2724 1626 esse
2768 1563 2969 1645 major
3006 1564 3229 1638 oratio,
3260 1584 3454 1646 quam

1965 1670 2035 1724 ut
2081 1669 2411 1726 terrestres
2476 1672 2837 1725 mereantur
2895 1664 3130 1746 aequari
3190 1663 3457 1726 coelesti-

1965 1761 2104 1823 buS.
2149 1762 2307 1824 Nam
2349 1763 2502 1844 quid
2550 1769 2647 1825 est
2694 1762 2867 1824 aliud
2907 1763 3140 1836 dicere,
3183 1762 3316 1824 Fiat
3353 1779 3459 1824 vo-
3520 1779 3709 1824 niuem.

393 1874 718 1918 mereamur
751 1856 1105 1938 intelligere
1147 1857 1722 1919 sanctificationem
1756 1863 1851 1918 tu·
1889 1857 1936 1920 B
1969 1860 2174 1922 luntas
2216 1868 2343 1934 tua,
2378 1861 2542 1923 sicut
2574 1860 2639 1923 in
2671 1861 2833 1924 coelo
2862 1869 2925 1922 et
2956 1861 3020 1922 in
3052 1868 3239 1934 terra,
3264 1878 3458 1942 quam

389 1972 474 2014 am
511 1961 734 2035 quanta
771 1955 876 2030 sit,
921 1963 983 2017 et
1022 1974 1246 2038 capere
1287 1974 1449 2030 eam,
1489 1962 1557 2016 ut
1595 1963 1851 2016 sanctus

389 2071 662 2134 appareas
709 2053 772 2115 in
818 2063 1032 2116 nostra
1075 2055 1553 2117 conversatione
1597 2054 1854 2136 spiritu-

389 2151 477 2211 ali.
507 2151 669 2224 Quod
711 2159 866 2214 tunc
903 2151 1258 2215 efficaciter
1301 2153 1604 2234 impletur
1645 2151 1708 2213 in
1750 2169 1854 2214 no-

391 2247 494 2326 bis,
530 2251 774 2330 quando
817 2251 1110 2312 homines
1151 2251 1368 2313 vident
1407 2269 1600 2332 opera
1641 2258 1856 2312 nostra

391 2346 553 2421 bona,
595 2355 654 2410 et
696 2349 1062 2430 glorificant
1107 2350 1354 2411 Patrem
1405 2357 1694 2410 nostrum
1742 2349 1851 2430 qui

393 2445 448 2506 in
486 2447 650 2509 coelis
693 2456 806 2509 est.

725 2700 1232 2765 CAPITULUM
1294 2702 1482 2765 XIX.

513 2850 590 2906 De
615 2867 680 2906 eo
708 2850 870 2923 quod
897 2851 1052 2906 dicit
1085 2867 1103 2905 .-
1133 2852 1434 2908 Adveniet
1463 2869 1714 2924 requam

1013 2945 1198 2996 tuum.

495 3135 788 3199 ECUNDA
828 3135 1134 3218 petitione
1173 3157 1351 3200 mens
1383 3139 1560 3220 cupit
1591 3140 1852 3221 purissi-

521 3254 616 3296 ma
651 3235 948 3297 advenire
989 3254 1256 3316 regnum
1297 3235 1492 3298 Patris
1533 3238 1631 3299 sui
1672 3238 1856 3300 coele-

389 3331 506 3404 stis,
535 3351 653 3414 quo
694 3333 978 3395 Christus
1024 3334 1308 3415 quotidie
1351 3342 1569 3416 regnat
1609 3334 1674 3396 in
1719 3355 1857 3399 san-

389 3429 508 3490 ctiS.
538 3430 706 3503 Quod
737 3429 814 3492 fit
845 3432 1098 3513 quando
1136 3433 1395 3495 excluso
1433 3433 1512 3496 de
1556 3434 1854 3496 cordibus

389 3527 596 3589 nostris
632 3528 866 3592 diaboli
908 3529 1178 3612 imperio
1218 3549 1331 3612 per
1365 3532 1853 3595 exstinctionem

389 3623 718 3689 foetentium
760 3627 1084 3700 vitiorum,
1132 3628 1298 3690 Deus
1339 3630 1604 3711 coeperit
1653 3630 1852 3693 domi-

390 3725 506 3784 nari
555 3725 616 3786 in
671 3725 854 3788 nobis
914 3745 1027 3808 per
1086 3726 1317 3788 bonam
1371 3728 1679 3790 virtutum
1729 3729 1854 3791 fra-

385 3822 688 3899 grantiam,
737 3824 1221 3906 regnaveritque
1269 3825 1335 3887 in
1383 3834 1593 3888 mente
1638 3834 1851 3889 nostra

384 3922 610 3984 castitas
649 3923 1066 3986 fornicatione
1103 3926 1390 4007 expulsa,
1425 3927 1852 4008 tranquillitas

382 4017 571 4082 furore
607 4021 878 4096 devicto,
912 4022 1239 4084 humilitas
1279 4024 1552 4086 elatione
1591 4024 1847 4086 calcata.

383 4115 476 4177 Vel
514 4126 699 4192 certe,
733 4127 805 4181 ut
841 4120 1136 4182 adveniat
1176 4139 1443 4200 regnum
1484 4121 1641 4183 illud
1683 4123 1852 4203 quod

383 4216 733 4293 generaliter
788 4227 886 4280 est
942 4219 1330 4300 promissum
1389 4219 1689 4282 omnibus
1740 4220 1851 4282 Dei
1882 4222 1932 4283 D

386 4309 522 4375 filiis
574 4333 646 4376 ac
693 4315 1017 4397 perfectiS,
1070 4323 1357 4399 tempore
1408 4318 1849 4400 praeordinatO,

331 4442 362 4480 v,
389 4408 444 4471 in
483 4431 602 4493 quo
643 4414 736 4476 eis
774 4413 1022 4477 dicetur
1058 4434 1096 4475 a
1140 4415 1389 4478 Christo
1422 4435 1436 4479 ε
1471 4415 1715 4492 Venite,
1750 4417 1856 4479 be-

389 4509 596 4571 nedicti
638 4512 834 4574 Patris
877 4513 1028 4586 mei,
1062 4512 1372 4594 percipite
1415 4521 1706 4596 paratum
1745 4533 1853 4577 vo-

391 4602 473 4666 bis
516 4626 776 4689 regnum
812 4629 850 4672 a
889 4610 1339 4673 constitutione
1387 4613 1627 4673 mundi.
1677 4614 1852 4686 Quod

393 4721 548 4766 mens
591 4715 962 4789 exspectans
1015 4708 1276 4770 intentis
1324 4710 1730 4792 adspectibus
1778 4730 1852 4774 ac

305 4845 313 4856 .
359 4797 519 4864 ,fixis
544 4803 892 4878 desideriiS,
915 4805 1004 4867 ait
1038 4822 1051 4867 :
1085 4808 1416 4868 Adveniac
1451 4827 1724 4884 reynum
1757 4819 1854 4870 cu-

393 4917 502 4961 um.
547 4901 820 4965 Confidit
867 4922 1142 4986 namque
1191 4905 1559 4968 testimonio
1609 4908 1852 4969 consci-

391 4998 552 5062 entiae
587 5021 736 5076 suae,
769 5003 939 5084 quod
977 5020 1236 5065 consors
1277 5004 1398 5065 erit
1440 5004 1615 5085 regni
1653 5005 1848 5080 illius,

391 5112 564 5174 quum
585 5101 968 5181 apparuerit.
989 5100 1188 5164 Nemo
1217 5101 1458 5184 quippe
1489 5103 1855 5166 criminoso-

389 5209 514 5256 rum
547 5197 803 5260 audebit
841 5198 974 5261 haec
1015 5199 1227 5262 dicere
1270 5201 1370 5262 vel
1415 5209 1656 5282 optare,
1703 5202 1855 5284 quia

388 5309 489 5354 nec
523 5295 748 5378 aliquis
789 5296 966 5379 cupit
1009 5296 1223 5360 videre
1275 5298 1551 5361 tribunal
1589 5299 1851 5380 judiciS,

609 5429 670 5480 Τ.
708 5430 789 5480 27.

1967 1965 2036 2018 ut
2065 1959 2357 2021 homines
2400 1958 2528 2021 sint
2563 1959 2805 2022 similes
2845 1959 3110 2040 angeliS‚
3146 1966 3459 2041 quatenus

1965 2057 2130 2118 sicut
2174 2057 2465 2119 voluntas
2510 2057 2621 2119 Dei
2667 2057 2747 2119 ab
2790 2056 3030 2138 angelis
3073 2055 3461 2138 adimpletur

1965 2155 2031 2217 in
2072 2156 2255 2227 coelO,
2303 2156 2390 2217 ita
2427 2164 2490 2217 et
2528 2156 2594 2217 hi
2638 2157 2748 2238 qui
2788 2157 2855 2218 in
2895 2163 3061 2218 terra
3102 2163 3456 2228 versantur,

1965 2253 2201 2316 faciant
2234 2271 2359 2316 non
2394 2255 2739 2336 propriam,
2775 2254 2884 2316 sed
2916 2254 3033 2332 Dei
3065 2254 3458 2316 voluntatem

1965 2353 2030 2414 in
2081 2352 2421 2415 omnibus?
2466 2353 2594 2414 Hoc
2644 2371 2832 2415 nemo
2875 2353 3085 2414 dicere
3128 2359 3335 2434 potest
3381 2370 3457 2413 ex

1965 2451 2279 2513 sententia
2308 2459 2372 2512 et
2405 2449 2665 2524 affectu,
2701 2451 2824 2512 nisi
2866 2451 2979 2532 qui
3018 2449 3219 2512 credit
3257 2449 3458 2511 Deum

1967 2567 2081 2630 pro
2111 2548 2346 2610 nostris
2378 2548 2763 2610 utilitatibus
2793 2548 3009 2611 omnia
3039 2555 3167 2609 tam
3196 2547 3461 2608 adversa

1964 2665 2156 2728 quam
2209 2663 2511 2728 prospera
2560 2646 2917 2727 disponere,
2964 2654 3028 2708 et
3074 2645 3246 2727 quod
3294 2645 3459 2706 Deus

1965 2745 2166 2826 magis
2199 2745 2511 2807 sollicitus
2544 2745 2974 2826 providusque
3010 2743 3315 2806 consistat
3346 2749 3460 2822 pro

1965 2844 2316 2905 commodis
2364 2861 2440 2904 ac
2489 2842 2691 2904 salute
2742 2860 3024 2914 suorum,
3069 2859 3261 2922 quam
3314 2840 3462 2922 ipsi-

1966 2949 2095 3003 met
2135 2960 2250 3024 pro
2290 2960 2356 3003 se
2399 2941 2571 3022 ipsis
2608 2941 2816 3002 Potest
2855 2957 3108 3021 quoque
3150 2938 3236 2999 ita
3275 2937 3458 3000 intel-

1890 3037 1933 3100 C
1969 3040 2074 3121 ligi
2113 3058 2126 3101 :
2160 3041 2452 3103 voluntas
2482 3038 2593 3102 Dei
2635 3047 2731 3102 est
2770 3039 3102 3101 hominum
3134 3037 3326 3109 salus,
3361 3037 3459 3098 di-

1965 3146 2147 3200 cente
2190 3138 2490 3220 Apostolo
2522 3155 2537 3200 :
2572 3139 2688 3212 Qui
2730 3156 2951 3200 omnes
2990 3135 3280 3198 homines
3320 3135 3459 3197 vult
3488 3146 3751 3200 irim-ua.

1965 3236 2172 3299 salvos
2216 3236 2382 3309 fieri,
2416 3245 2479 3298 et
2508 3238 2585 3298 ad
2616 3236 3006 3318 agnitionem
3040 3234 3323 3296 veritatis
3354 3251 3457 3295 ve-

1966 3335 2145 3413 nire3
2193 3336 2270 3396 de
2314 3353 2439 3417 qua
2480 3335 2803 3396 voluntate
2847 3335 2937 3395 ait
2979 3334 3145 3395 Deus
3187 3351 3301 3414 per
3339 3332 3459 3393 Isa-
3502 3325 3505 3328 ’

1965 3431 2092 3494 iam
2137 3450 2150 3494 ε
2196 3433 2413 3495 Omnis
2462 3433 2755 3495 voluntas
2806 3449 2947 3494 mea
2993 3429 3125 3492 fiet.
3178 3429 3457 3491 Dicendo
3486 3443 3751 3495 laxa-‚la

1966 3529 2203 3612 itaque,
2254 3531 2388 3592 Fiat
2437 3531 2727 3593 voluntas
2778 3538 2905 3604 tua,
2958 3529 3126 3590 sicut
3174 3528 3239 3588 in
3294 3526 3457 3589 coelo
3504 3539 3750 3594 Mamm,

1965 3637 2027 3690 et
2059 3628 2124 3689 in
2159 3636 2343 3702 terra,
2376 3627 2496 3690 boc
2528 3626 2825 3710 petimus,
2856 3635 2924 3689 ut
2954 3627 3119 3688 sicut
3149 3624 3216 3686 hi
3247 3624 3359 3706 qui
3390 3625 3457 3687 in
3489 3607 3553 3647 ¹⁰·

1965 3727 2126 3790 coelo
2186 3733 2355 3800 sunt,
2408 3725 2856 3788 beatificantur
2914 3725 3158 3786 visione
3217 3722 3455 3797 divina,

1965 3825 2056 3887 sic
2088 3842 2309 3887 omnes
2342 3824 2407 3886 in
2440 3833 2605 3886 terra
2635 3825 3109 3906 peregrinantes
3152 3829 3259 3883 tua
3287 3821 3459 3901 agni-

1965 3924 2135 3986 tione
2179 3923 2526 3998 salventur,
2569 3941 2607 3984 o
2649 3923 2845 3984 Pater.

2334 4175 2835 4240 CAPITULUM
2896 4176 3083 4240 XXI.

2005 4316 2090 4371 De
2109 4331 2274 4388 pane
2301 4315 2883 4386 supersubstantiali
2911 4315 3006 4371 vel
3030 4314 3414 4388 quotidiano.

2105 4511 2338 4574 EINDE
2384 4530 2638 4574 oramus
2675 4529 2689 4572 :
2723 4515 2977 4573 Panem
3014 4523 3311 4574 nostrum
3350 4535 3453 4575 su·
3508 4526 3626 4571 ιῡεα.
3652 4531 3717 4571 11.

2121 4613 2743 4688 quea-substantialem
2785 4613 2873 4671 da
2913 4613 3095 4671 nobis
3134 4614 3341 4674 hodie.
3380 4613 3457 4674 Et

1963 4727 2078 4791 pro
2137 4731 2171 4769 «
2211 4708 2889 4791 supersubstantialem
2928 4731 2962 4768 »
3018 4709 3216 4772 Lucas
3276 4711 3455 4793 ponit
3500 4726 3733 4776 suana.

1964 4829 1998 4868 «
2029 4807 2474 4889 quotidianum
2506 4829 2560 4867 ».
2606 4807 2778 4869 Unde
2822 4808 3148 4871 Matthaeus
3186 4809 3455 4873 dicendo

1963 4905 2697 4987 «supersubstantialem
2721 4927 2778 4979 »,
2813 4905 3136 4986 significat
3166 4906 3457 4969 nobilita-

1961 5011 2090 5066 tem
2129 5003 2500 5066 substantiae
2534 5002 2726 5084 hujus
2768 5004 2971 5085 panis,
3004 5022 3131 5085 qua
3170 5003 3459 5066 sublimi-

1964 5112 2055 5166 tas
2100 5102 2596 5184 magnificentia)
2638 5110 2701 5164 et
2742 5100 3269 5164 sanctificationis
3318 5103 3457 5183 ejus

1962 5202 2212 5264 excedit
2240 5220 2496 5264 omnem
2528 5209 2803 5264 creatam
2844 5199 3283 5262 substantiam.
3320 5202 3461 5263 Por-

1964 5318 2032 5363 ro
2061 5301 2263 5363 Lucas
2292 5301 2563 5364 dicendo
2596 5321 2630 5360 «
2652 5298 3095 5382 quotidianum
3117 5320 3175 5373 »,
3208 5317 3461 5380 expres-

3146 5433 3208 5483 16
