4359 6267
888 491 1005 555 108

1788 509 1867 554 mi:
1909 508 2238 554 INSTITUTIS
2281 507 2366 552 SS.
2401 506 2661 551 PATRUu.
2709 524 2786 535 —-
2827 506 3002 551 LIBER
3039 506 3081 551 X

952 686 1243 742 sitatibus
1279 688 1431 751 suis,
1462 686 1569 743 sed
1599 688 1784 742 etiam
1822 686 2225 743 incarceratis
2263 684 2374 739 mi·
2403 674 2456 736 A
2485 674 2584 736 sui
2631 674 2839 736 victus
2899 673 3122 735 habuit
3177 691 3398 735 secure
3446 691 3524 734 ex
3583 688 3778 754 parvo
3835 670 3992 733 hor-

950 776 1231 831 nistrent.

1033 974 1100 1035 lS
1141 974 1353 1056 itaque
1398 973 1709 1055 exemplis
1752 974 1960 1036 Patres
2002 973 2070 1034 in
2110 973 2376 1053 AEgypto

1059 1073 1289 1145 edocti,
1337 1072 1512 1135 nullo
1558 1073 1745 1134 modo
1788 1072 2117 1152 patiuntur
2161 1087 2374 1131 mona-

880 1169 1053 1243 chos,
1104 1180 1169 1232 et
1220 1171 1491 1232 maxime
1538 1171 1829 1251 juveneS,
1882 1188 2019 1231 esse
2069 1168 2302 1231 otiosos
2355 1186 2369 1230 :

880 1268 1213 1329 metientes
1262 1275 1324 1329 et
1374 1268 1773 1329 intendentes
1834 1267 1899 1327 in
1958 1266 2078 1329 hoc
2136 1265 2373 1328 exerci-

876 1364 1039 1425 tium
1098 1366 1327 1438 cordis,
1381 1372 1444 1426 et
1493 1365 1813 1447 patientiae
1860 1383 1933 1426 ac
1991 1362 2373 1425 humilitatis

877 1463 1258 1544 profectum,
1312 1464 1511 1545 magis
1561 1482 1753 1545 quam
1804 1462 2015 1544 operis
2076 1461 2373 1523 sedulita-

876 1568 1025 1622 tem.
1060 1562 1186 1623 Nec
1232 1561 1439 1623 solum
1484 1568 1759 1623 renuunt
1799 1560 2087 1641 accipere
2130 1559 2370 1640 aliquid

876 1677 992 1740 pro
1030 1679 1144 1722 sua
1185 1660 1665 1734 sustentatione,
1703 1659 1830 1720 imo
1870 1659 2063 1720 etiam
2094 1659 2171 1719 de
2207 1656 2372 1720 labo-

876 1756 1053 1818 ribus
1093 1757 1225 1819 suis
1264 1756 1566 1819 reficiunt
1596 1758 1861 1829 FratreS,
1896 1774 2023 1818 non
2058 1755 2264 1817 solum
2297 1755 2373 1816 si-

2482 780 2546 835 to
2584 771 3028 853 fructibusque
3069 772 3447 854 palmarum,
3481 789 3599 832 nec
3638 769 3845 851 potuit
3894 768 3987 829 ibi

2485 888 2777 932 exercere
2835 870 3007 933 aliud
3058 888 3219 952 opus
3277 869 3445 931 unde
3497 875 3986 941 sustentaretur,

2485 969 2786 1050 quoniam
2856 968 3163 1031 habitatio
3226 987 3340 1030 sua
3400 966 3673 1029 distabat
3733 974 3987 1047 septem

2487 1068 2924 1130 mansionibus
2955 1067 3054 1129 vel
3097 1067 3242 1149 plus
3280 1066 3360 1128 ab
3400 1066 3656 1148 oppidis
3693 1083 3768 1127 ac
3806 1064 3990 1126 habi-

2483 1164 2661 1226 tabili
2713 1171 2899 1238 terra,
2955 1165 3099 1246 plus
3147 1182 3400 1245 quoque
3448 1161 3820 1243 exigebatur
3867 1178 3990 1243 pro

2485 1263 2776 1324 mercede
2833 1270 3130 1335 vecturae,
3191 1280 3384 1344 quam
3442 1260 3644 1322 valuit
3701 1260 3984 1341 pretium

2484 1360 2731 1441 operis;
2771 1360 3000 1422 indixit
3031 1360 3154 1422 sibi
3197 1359 3316 1442 ipsi
3350 1377 3511 1440 opus
3552 1344 3797 1419 certum
3827 1376 3985 1439 quo-

2483 1458 2796 1519 tidianum
2844 1458 3118 1531 assidue,
3171 1458 3351 1539 quasi
3401 1457 3849 1518 sustentandus
3901 1474 3982 1517 ex

2485 1555 2614 1629 illo,
2649 1557 2819 1637 quod
2849 1576 2926 1617 ex
2957 1555 3240 1617 collectis
3282 1554 3636 1636 palmarum
3676 1553 3849 1615 foliis
3886 1553 3980 1615 fe-

2483 1654 2587 1715 cit.
2623 1655 2956 1736 Quumque
2997 1654 3304 1734 spelunca
3331 1652 3472 1733 ejus
3509 1652 3738 1714 fuisset
3771 1652 3979 1733 reple-

2483 1759 2544 1813 ta
2591 1770 2668 1813 ex
2717 1754 2911 1815 totius
2968 1753 3120 1813 anni
3169 1751 3492 1834 operibuS,
3545 1751 3979 1813 concremavit

875 1854 942 1916 bi
974 1855 1492 1936 supervenientes
1522 1874 1594 1916 ac
1626 1854 2144 1935 peregrinoS,sed
2175 1854 2366 1915 etiam
2405 1849 2452 1910 B
2482 1851 2696 1912 omnia
2744 1850 3011 1931 singulis
3053 1852 3238 1912 annis
3281 1868 3294 1912 :
3339 1856 3466 1911 tam
3509 1850 3837 1911 evidenter
3877 1868 3980 1912 os-

876 1971 990 2033 per
1044 1953 1254 2036 Libyae
1314 1954 1451 2015 loca
1508 1972 1649 2036 quae
1708 1952 2041 2014 sterilitate
2088 1959 2152 2011 et
2202 1950 2367 2013 same

876 2049 1178 2114 laborant.
1214 2052 1548 2113 Maximam
1588 2068 1841 2131 quoque
1872 2048 2190 2111 alimoniae
2221 2049 2368 2110 sub-

872 2149 1168 2210 stantiam
1216 2150 1476 2211 mittunt
1516 2166 1630 2230 per
1670 2148 1957 2209 civitates
2002 2148 2103 2209 his
2142 2147 2253 2227 qui
2301 2146 2366 2207 in

873 2247 1233 2309 carceribus
1263 2247 1630 2308 detinentur
1666 2245 2027 2326 squalentes
2062 2262 2076 2305 ε
2112 2245 2369 2305 creden—

872 2351 965 2405 tes
1010 2364 1077 2405 se
1126 2345 1253 2407 Deo
1302 2344 1535 2406 offerre
1584 2342 1974 2405 sacrificium
2022 2361 2245 2405 verum
2295 2360 2365 2402 ac

872 2442 1245 2504 rationabile
1290 2442 1399 2503 tali
1444 2441 1780 2509 oblatione.

1250 2696 1755 2760 CAPITULUM
1818 2696 1971 2758 XX.

868 2843 1039 2911 Quod
1076 2844 1193 2899 otii
1227 2859 1413 2899 causa
1440 2844 1596 2914 fiant
1625 2844 1693 2899 in
1715 2842 2007 2915 partibus
2034 2842 2364 2898 occidentis

1104 2938 1109 2941 '
1298 2933 1603 3004 pauciora
1631 2931 1924 2988 coenobae‘a.

1018 3128 1142 3191 INC
1183 3136 1277 3190 est
1317 3129 1484 3210 quod
1530 3128 1594 3189 in
1636 3126 2003 3209 regionibus
2044 3126 2186 3187 istis
2226 3126 2364 3187 uul-

1035 3226 1094 3288 la
1132 3226 1423 3288 videmus
1458 3226 1840 3288 monasteria
1871 3231 2043 3285 tanta
2072 3225 2360 3289 Fratrum

866 3324 1275 3386 multitudine
1325 3342 1397 3385 ac
1448 3322 1813 3384 celebritate
1876 3322 2156 3395 fundata,
2210 3322 2362 3404 quia

863 3439 981 3483 nec
1025 3438 1290 3503 operum
1338 3438 1599 3482 suorum
1644 3419 1961 3481 fructibus
2004 3418 2361 3481 fulciuntur

859 3536 934 3579 ac
980 3525 1434 3591 sustentantur,
1478 3523 1547 3577 ut
1592 3516 1838 3597 possint
1880 3516 1946 3577 in
1989 3516 2082 3578 eis
2123 3515 2361 3596 jugiter

864 3617 1223 3698 perdurare.
1270 3616 1347 3677 Et
1389 3615 1681 3697 quamvis
1724 3614 1805 3676 ab
1848 3614 1990 3675 aliis
2033 3614 2360 3696 providea-

868 3720 967 3775 tur
995 3734 1069 3775 ac
1100 3715 1283 3775 detur
1316 3714 1409 3775 eis
1449 3711 1870 3785 sufficienter,
1905 3712 2239 3774 delectatio
2270 3719 2359 3773 ta-

866 3830 1012 3873 men
1052 3812 1388 3874 otiositatis
1422 3819 1486 3872 et
1516 3810 1799 3891 evagatio
1840 3810 2048 3872 cordis
2088 3828 2214 3872 non
2256 3829 2360 3891 pa-

864 3910 1018 3971 titur
1057 3928 1164 3972 eos
1208 3910 1273 3970 in
1317 3910 1454 3971 loco
1492 3926 1606 3971 suo
1646 3908 1886 3970 diutius
1931 3927 2352 3990 perseverare.

863 4009 1037 4071 Unde
1081 4008 1215 4071 haec
1264 4014 1360 4070 est
1403 4008 1717 4070 sententia
1762 4007 1842 4069 ab
1890 4007 2358 4088 antiquissimis

863 4106 1149 4170 Patribus
1193 4107 1259 4169 in
1300 4108 1565 4189 AEgypto
1610 4105 1851 4187 prolata
1885 4122 1898 4166 τ
1935 4105 2103 4187 quod
2148 4123 2361 4166 mona-

2480 1949 2744 2010 tcndens
2797 1949 3178 2011 monachum
3229 1967 3354 2011 non
3403 1966 3587 2030 posse
3633 1948 3978 2029 perdurare

2479 2048 2544 2109 in
2607 2047 2744 2109 loco
2794 2066 2910 2109 nec
2959 2049 3038 2110 ad
3097 2047 3553 2130 perfectionem
3614 2047 3978 2128 pertingere

2478 2146 2614 2208 sine
2651 2165 2953 2208 manuum
2986 2164 3195 2228 opere.
3231 2146 3387 2219 Quia
3416 2164 3617 2226 quum
3648 2162 3796 2207 cum
3825 2163 3978 2226 ope-

2478 2245 2601 2305 rari
2645 2243 2820 2305 nulla
2863 2244 3208 2306 necessitas
3252 2243 3460 2304 victus
3507 2242 3808 2324 exigeret,
3841 2250 3974 2303 tam

2478 2341 2909 2403 indesinenter
2939 2350 3150 2403 tamen
3193 2341 3499 2403 laboravit
3531 2358 3647 2422 pro
3677 2340 3808 2404 sola
3839 2359 3976 2404 cor-

2476 2441 2573 2501 dis
2632 2440 3025 2520 purgatione,
3077 2446 3140 2501 et
3199 2439 3650 2519 cogitationum
3710 2458 3972 2501 suarum

2475 2537 2849 2600 solidatione
2878 2555 2950 2598 ac
2981 2536 3452 2617 perseverantia
3481 2536 3679 2610 cellae,
3713 2546 3821 2598 aut
3853 2554 3974 2619 pro

2475 2635 2742 2698 victoria
2783 2642 2892 2697 aut
2933 2635 3400 2717 expugnatione
3442 2635 3696 2697 acediae.

2826 2889 3330 2953 CAPITULUM
3394 2888 3613 2952 XXII.

2644 3036 2834 3092 Verba
2872 3035 3116 3092 abbatis
3155 3037 3382 3107 Moysis
3421 3036 3496 3092 de
3534 3034 3793 3091 remedio

3094 3125 3340 3181 acedioe.

2615 3320 2775 3385 UUM
2815 3322 2880 3383 in
2923 3340 3138 3384 eremo
3182 3322 3466 3384 habitare
3509 3322 3867 3404 coepissem‚
3898 3334 3968 3387 et

2476 3318 2606 3519 Q
2631 3419 2936 3480 dixissem
2966 3419 3177 3480 abbati
3211 3420 3404 3501 Moysi
3436 3427 3798 3481 sanctorum
3828 3436 3965 3482 om-

2469 3516 2650 3579 nium
2689 3536 2962 3591 summo,
2997 3518 3158 3579 Ecce
3196 3517 3494 3580 hesterno
3532 3518 3636 3579 die
3672 3517 3968 3598 gravissi-

2471 3634 2571 3677 me
2612 3615 2700 3677 t'ui
2743 3615 3027 3677 afflictus
3070 3614 3291 3679 morbo
3333 3616 3588 3689 acediae,
3621 3634 3738 3678 nec
3783 3616 3964 3698 potui

2471 3713 2724 3775 liberari
2782 3712 2862 3774 ab
2911 3732 2984 3775 ea
3038 3714 3162 3775 nisi
3220 3714 3298 3775 ad
3345 3714 3640 3776 abbatem
3698 3714 3964 3775 Paulum

2469 3811 2758 3891 protinus
2791 3811 3248 3889 cucurrissem3
3273 3812 3410 3893 ipse
3441 3812 3799 3894 respondit:
3823 3811 3963 3874 Non

2469 3916 2529 3970 te
2581 3909 2863 3971 liberasti
2923 3908 3003 3970 ab
3059 3928 3154 3983 ea,
3207 3910 3318 3972 sed
3373 3911 3584 3992 potius
3633 3910 3963 3991 praebuisti

2470 4014 2529 4067 te
2570 4007 2630 4069 ei
2674 4007 2960 4069 deditum
3004 4026 3077 4068 ac
3123 4006 3506 4087 subjectum.
3547 4006 3964 4071 Adversarius

2469 4124 2742 4186 namque
2811 4105 3114 4186 deinceps
3183 4113 3241 4166 te
3301 4106 3556 4186 gravius
3624 4106 3963 4186 impugna-

863 4206 1021 4268 chus
1059 4223 1327 4287 operans
1358 4212 1637 4267 tentatur
1666 4223 1703 4266 a
1732 4205 2016 4267 daemone
2058 4222 2207 4275 un0,
2241 4204 2357 4265 oti·
2387 4214 2436 4275 D
2469 4202 2563 4264 bit
2602 4210 2900 4284 tauquam
2942 4204 3327 4265 desertorem
3367 4212 3556 4284 atque
3592 4202 3958 4284 fugitivum,

863 4322 1011 4367 osus
1054 4322 1205 4367 vero
1247 4304 1327 4366 ab
1373 4301 1950 4365 innumerabilibus
1996 4303 2359 4364 devastatur

863 4402 1279 4466 daemonibus.

1232 4652 1734 4716 CAPITULUM
1796 4653 1983 4715 XXI.

931 4801 1016 4856 De
1054 4799 1271 4855 abbate
1306 4798 1523 4861 Paulo,
1554 4799 1663 4871 qui
1699 4798 1863 4853 omni
1900 4814 2059 4854 anno
2098 4814 2285 4870 opera

1146 4904 1431 4944 manuum
1457 4902 1707 4943 suarum
1733 4887 2073 4943 combussit.
2106 4872 2110 4875 ⁴

1002 5084 1283 5159 ENIQUE
1340 5083 1535 5145 abbas
1583 5084 1809 5146 Paulus
1869 5082 2356 5165 probatissimus

1019 5185 1293 5258 Patrum,
1319 5182 1428 5267 qui
1463 5182 1529 5243 in
1560 5199 1775 5244 eremo
1806 5181 2063 5244 vastiori
2096 5182 2355 5245 nomine

860 5282 1285 5366 porphyrione
1316 5281 1646 5355 habitavit,
1680 5288 1742 5342 et
1772 5280 1862 5342 ibi
1896 5279 2353 5343 sufficientiam

2467 4319 2661 4382 quem
2700 4301 2776 4363 de
2817 4300 3122 4363 conflictu
3168 4320 3280 4363 seu
3319 4301 3665 4364 tentatione
3709 4320 3966 4383 supera-

2469 4407 2604 4460 tum
2665 4400 2826 4461 vidit
2884 4399 3174 4480 protinus
3233 4398 3556 4479 aufugisse
3619 4418 3634 4462 ε
3697 4399 3821 4461 nisi
3879 4399 3960 4461 de

2468 4504 2676 4559 cetero
2724 4497 3046 4571 didiceris,
3090 4497 3250 4559 inito
3293 4498 3534 4579 praeli0‚
3578 4506 3796 4561 contra
3841 4498 3960 4558 hu-

2464 4596 2742 4676 jusmodi
2774 4596 3188 4658 tentationem
3219 4596 3650 4677 triumphare3
3683 4615 3810 4659 uon
3841 4596 3962 4657 cel—

2469 4694 2543 4757 1ae
2586 4694 2967 4775 egressione,
3008 4702 3118 4755 aut
3161 4695 3367 4757 somni
3411 4701 3663 4776 torpore
3709 4695 3964 4756 studue-

2467 4792 2554 4853 ris
2593 4792 2669 4853 ad
2712 4792 2931 4855 horam
2971 4810 3333 4874 evaporare,
3377 4792 3488 4855 sed
3529 4792 3859 4855 tolerantia
3895 4802 3962 4855 et

2467 4889 2772 4953 conflictu
2799 4890 3069 4965 vincere,
3091 4891 3456 4972 ingruentes
3485 4892 3721 4955 acediae
3750 4900 3954 4955 aestuS.

2466 4990 2640 5051 Unde
2700 4989 3136 5071 experimento
3196 4990 3534 5071 probatum
3591 4998 3707 5066 est,
3754 4991 3962 5072 impu-

2465 5088 2829 5168 gnationem
2870 5089 3103 5151 acediae
3135 5106 3261 5151 non
3298 5088 3604 5171 fugiendo
3637 5090 3960 5152 declinan-

2466 5186 2633 5260 dam,
2694 5186 2801 5247 sed
2863 5184 3235 5259 resistendo,
3287 5187 3545 5260 orand0,
3607 5187 3956 5269 psallendO,

2467 5283 2832 5346 meditando
2877 5282 3346 5365 laborandoque
3391 5286 3830 5366 superandam.
