4359 6267
851 471 972 536 288

850 663 1203 724 secundum
1234 670 1351 737 est,
1386 663 1688 745 quoniam
1729 664 1881 726 dum
1928 665 2110 727 urina
2148 666 2349 748 reple-
2375 665 2427 727 A

847 759 1011 824 verit
1053 759 1332 823 vesicam
1374 762 1629 825 assiduo
1675 761 1980 825 confluxu
2024 763 2347 827 interioris

846 858 1134 921 humoris
1174 859 1638 922 dormientibus
1682 861 1890 934 nobis,
1924 880 2070 925 mox
2115 863 2345 925 excitat

847 957 1135 1019 membra
1174 959 1540 1032 marcentia,
1574 959 1745 1040 quod
1783 959 1975 1021 etiam
2009 979 2085 1022 ex
2122 960 2343 1022 eadem

846 1074 1035 1118 causa
1066 1055 1375 1136 contingit
1406 1057 1688 1137 parvulis
1717 1066 1908 1139 atque
1937 1058 2339 1140 spadonibus.

1264 1282 1771 1347 CAPITULUM
1828 1285 1914 1347 X.

847 1404 1202 1475 Responsio,
1233 1404 1397 1476 quod
1423 1405 1607 1460 motio
1636 1407 1846 1460 carnis
1882 1407 2235 1478 continyens
2273 1407 2341 1462 in

1035 1519 1037 1523 ¹
1111 1509 1336 1557 somno,
1367 1510 1488 1550 non
1515 1494 1758 1566 deroqet
1786 1495 2080 1551 castitati.

971 1645 1361 1709 HAEREMON
1396 1665 1410 1709 ε
1448 1645 1725 1728 Apparet
1763 1663 1874 1708 vos
1914 1649 2197 1709 nondum
2239 1666 2339 1710 co-

996 1744 1292 1824 gnovisse
1336 1763 1500 1807 verae
1549 1744 1855 1807 castitatis
1899 1745 2223 1819 virtutem,
2264 1765 2340 1810 eo

1541 493 1956 541 COLLA'rloNtJM
1997 497 2082 542 SS.
2118 497 2361 542 PATRUM
2402 497 2575 544 LIBER
2618 499 2680 544 11.
2725 517 2807 527 —
2846 499 3132 545 COLLA'rlo
3172 500 3262 546 xu

2860 698 3365 764 CAPITULUM
3418 701 3543 765 XI.

2612 818 2775 886 Quid
2804 819 3051 875 intersit
3081 821 3246 876 inter
3272 822 3711 879 continentiam
3738 829 3793 880 ct

3022 910 3380 966 castitatem.

2610 1057 2753 1120 INC
2812 1058 3117 1122 castitatis
3176 1058 3484 1142 perfectio
3541 1061 3967 1144 distinguitur

2628 1174 2666 1217 a
2713 1155 3044 1220 laboriosis
3093 1159 3501 1222 continentiae
3549 1159 3959 1222 rudimentis,

2454 1253 2598 1316 Haec
2656 1262 2753 1317 est
2808 1275 2973 1319 verae
3033 1256 3337 1320 castitatis
3396 1259 3757 1341 completi0,
3806 1279 3963 1340 quae

2454 1370 2582 1414 non
2613 1353 3009 1435 impugnans,
3042 1355 3153 1418 sed
3184 1363 3316 1418 tot-o
3345 1357 3605 1420 horrore
3632 1353 3960 1420 detestans

2455 1452 2807 1514 carnalium
2857 1454 3521 1534 concupiscentiarum
3574 1463 3802 1529 motus,
3851 1476 3959 1519 re-

2454 1551 2612 1613 tinet
2637 1549 2857 1632 jugem
2890 1570 2963 1613 ac
2999 1551 3395 1615 immobilem
3432 1555 3799 1634 puritatem,
3830 1573 3955 1618 nec

2455 1656 2661 1730 potest
2699 1649 2871 1713 aliud
2912 1669 3049 1712 esse
3092 1670 3283 1732 quam
3324 1652 3644 1715 sanctitas.
3678 1653 3807 1716 Hoc
3845 1673 3958 1716 au-

2456 1755 2581 1808 tem
2632 1746 2768 1821 fiet,
2816 1749 2971 1809 dum
3016 1767 3162 1811 caro
3210 1748 3509 1812 desinens
3558 1759 3779 1813 contra
3826 1752 3957 1834 spi-

843 1843 1012 1923 quod
1043 1842 1372 1905 aestimetis
1401 1861 1541 1904 eam
1583 1843 1840 1904 retineri
1883 1843 2088 1906 solum
2119 1863 2156 1906 a
2187 1843 2341 1925 vigi·
2376 1844 2422 1904 B
2452 1845 2647 1906 ritum
2688 1845 3162 1927 concupiscere,
3196 1849 3587 1910 consenserit
3614 1849 3838 1912 virtuti
3875 1861 3953 1912 ac

841 1939 1121 2002 lantibus
1161 1929 1399 2002 auxilio
1437 1941 1871 2002 districtionis,
1917 1942 2189 2024 ideoque
2228 1961 2341 2024 pu-

839 2038 986 2100 tatis
1044 2058 1081 2100 a
1138 2038 1604 2101 dormientibus
1664 2057 1792 2102 non
1857 2051 2041 2121 posse
2101 2041 2336 2102 servari

842 2136 1292 2218 integritatem,
1326 2137 1507 2219 quasi
1548 2137 1824 2201 resoluto
1868 2138 2130 2200 rat-ionis
2169 2139 2341 2219 vigo-

841 2253 926 2297 re.
965 2234 1152 2297 Porro
1182 2235 1437 2297 castitas
1469 2234 1759 2298 subsistit
1788 2253 1914 2298 non
1947 2237 2046 2316 (ut
2075 2236 2338 2299 arbitra-

841 2332 1029 2413 mini)
1067 2332 1306 2394 auxilio
1349 2332 1786 2408 districtioniS,
1829 2335 1937 2396 sed
1981 2352 2195 2396 amore
2239 2335 2338 2397 sui

838 2437 901 2493 et
925 2429 1341 2492 delectatione
1372 2430 1644 2512 propriae
1676 2431 1984 2513 puritatis
2000 2431 2138 2493 Non
2167 2431 2341 2493 enim

842 2528 1120 2602 castitaS,
1165 2529 1274 2591 sed
1325 2529 1717 2592 continentia
1763 2530 2020 2606 dicitur,
2064 2530 2176 2592 ubi
2224 2550 2340 2612 pu-

841 2627 1012 2690 ritati
1061 2626 1299 2690 resistit
1341 2626 1555 2709 aliqua
1604 2628 1853 2690 occasio
1901 2637 2010 2690 aut
2053 2628 2340 2690 incitatio

843 2725 1207 2807 voluptatis.
1251 2724 1491 2787 Videtis
1543 2725 1736 2807 igitur
1785 2727 2203 2789 cessationem
2252 2727 2344 2788 di-

843 2823 1192 2887 strictionis
1234 2842 1362 2887 non
1401 2823 1646 2897 obesse,
1680 2824 1872 2886 etiam
1912 2825 2166 2907 quando
2206 2826 2344 2888 dor·

841 2924 1060 2997 iniunt,
1081 2923 1180 2986 his
1211 2924 1323 3006 qui
1352 2923 1726 2986 medullitus
1757 2932 2135 3005 receperunt
2165 2925 2347 2987 casti-

2452 1943 2783 2006 desideriis
2844 1944 3130 2026 spirit-us,
3194 1947 3633 2028 coeperintque
3690 1966 3837 2011 caro
3885 1956 3955 2010 et

2452 2042 2714 2123 spiritus
2746 2042 2868 2104 sibi
2903 2043 3181 2106 invicem
3213 2063 3368 2125 pace
3397 2043 3774 2108 firmissima
3802 2064 3951 2109 con-

2451 2138 2771 2214 foederari,
2821 2159 2893 2202 ac
2938 2140 3119 2221 juxta
3166 2142 3584 2216 Psalmistam‚
3629 2142 3953 2207 habitave-

2452 2238 2579 2300 rint
2618 2246 2919 2320 tanquam
2971 2239 3197 2302 fratres
3237 2240 3304 2301 in
3354 2259 3577 2315 unum,
3626 2241 3953 2322 possiden·
4018 2266 4031 2276 ·

2449 2344 2545 2398 tes
2573 2337 2839 2418 gratiam
2873 2336 3049 2399 illam
3079 2356 3117 2398 a
3148 2337 3396 2400 Christo
3436 2338 3837 2420 promissam,
3871 2339 3953 2400 de

2450 2455 2577 2517 qua
2605 2435 2693 2497 ait
2727 2455 2741 2498 :
2778 2435 2842 2498 Si
2874 2437 3001 2498 duo
3033 2455 3121 2507 „ex
3152 2435 3335 2498 vobis
3375 2437 3813 2499 consenserint
3850 2457 3957 2499 su-

4034 1771 4199 1814 Galat.
4218 1786 4257 1822 v,

3988 1838 4062 1878 17.

4006 2173 4096 2216 Ps.
4110 2185 4263 2222 cam,

4046 2467 4229 2508 Mami.

2450 2552 2564 2616 per
2604 2542 2858 2607 terram,
2892 2534 2970 2596 de
3010 2533 3186 2597 omni
3228 2553 3295 2596 re
3335 2553 3806 2616 quamcumque
3846 2553 3957 2616 pe-
3986 2543 4111 2578 ΠΜ·
4146 2531 4209 2570 ¹⁹-

2451 2631 2687 2704 tierint,
2731 2631 2844 2693 fiet
2892 2631 3019 2693 illis
3064 2651 3101 2694 a
3139 2631 3315 2694 Patre
3358 2651 3520 2694 meo.
3556 2633 3956 2715 Quicumque

2450 2748 2599 2810 ergo
2657 2730 3113 2792 transcenderit
3172 2731 3439 2811 gradum
3507 2731 3957 2794 intellectualis

2453 2827 2625 2890 illius
2663 2827 2877 2902 Jacob,
2922 2829 2982 2889 id
3024 2836 3121 2890 est
3163 2829 3683 2909 supplantatoris»,
3724 2829 3804 2892 ab
3845 2829 3959 2891 illa

2453 2925 2861 2989 continentiae
2891 2925 3341 2989 colluctatione
3370 2935 3434 2989 et
3464 2928 3765 2990 vitiorum
3802 2947 3959 3009 sup—

4012 2850 4259 2894 Gen-xxva.

3988 2916 4065 2956 3⁶.

842 3023 990 3085 tatis
1027 3021 1354 3084 affectum.
1389 3021 1709 3104 Quidquid
1740 3022 1912 3084 enim
1945 3041 2092 3084 cum
2131 3022 2343 3086 labore
2379 3023 2422 3086 C
2455 3024 2863 3106 plantatione,
2888 3022 3165 3086 arefacto
3196 3024 3455 3088 femoris
3486 3043 3703 3099 nerv0,
3736 3044 3959 3088 ascen·
4008 3045 4257 3092 anama.

844 3121 1239 3203 reprimitur,
1301 3127 1556 3201 praestat
1613 3121 1996 3202 temporales
2052 3121 2343 3184 inducias

844 3219 1198 3294 dimicant-i,
1222 3238 1349 3283 non
1379 3226 1592 3281 tamen
1622 3219 1848 3281 tribuit
1877 3219 2343 3282 indesinentem

847 3317 1206 3382 securitatis
1265 3319 1545 3400 quietem
1604 3325 1747 3398 post
1802 3318 2104 3380 laborem.
2157 3318 2345 3382 Porro

849 3417 1160 3500 quidquid
1192 3415 1387 3478 fuerit
1417 3417 1659 3479 vietum
1692 3415 1971 3498 perfecta
2000 3417 2258 3492 virtute,
2282 3426 2345 3479 et

847 3515 1088 3597 absque
1120 3514 1295 3577 omni
1327 3515 1770 3596 inquietudine
1799 3515 2348 3590 ordinatum,con·

848 3615 973 3678 fert
997 3614 1221 3676 victori
1256 3613 1698 3676 incessabilem
1728 3612 2114 3677 firmitatem.
2132 3615 2349 3688 Quam-

848 3713 1413 3796 obrem,quamdiu
1444 3713 1754 3776 sentimus
1784 3732 1900 3777 nos
1932 3721 2109 3775 motu
2138 3714 2347 3776 carnis

852 3813 1115 3896 pulsari,
1160 3812 1438 3875 sciamus
1483 3830 1597 3875 nos
1646 3813 1932 3875 nondum
1980 3813 2348 3894 pervenisse

850 3912 928 3974 ad
974 3910 1280 3973 castitatis
1322 3908 1595 3990 fastigia,
1631 3911 1740 3972 sed
1784 3911 2158 3973 constitutos
2208 3929 2347 3972 esse

851 4009 1060 4073 adhuc
1091 4008 1210 4071 sub
1241 4008 1633 4071 continentia
1661 4009 1944 4071 nondum
1975 4008 2253 4082 firmata,
2287 4017 2350 4072 et

854 4108 1090 4191 praeliis
1129 4107 1402 4189 fatigari,
1436 4107 1502 4168 in
1543 4107 1779 4189 quibus
1819 4115 2066 4188 oportet
2098 4127 2351 4190 semper

2455 3125 2561 3186 det
2597 3125 2675 3185 ad
2709 3140 2940 3185 nomen
2979 3141 3053 3185 ac
3094 3123 3395 3186 merit-um
3424 3123 3671 3186 Israelis
3709 3124 3963 3187 directi-

2454 3241 2575 3285 one
2607 3229 2915 3304 perpetua
2944 3222 3171 3284 cordis.
3209 3222 3406 3295 Quem
3438 3223 3631 3285 etiam
3662 3222 3959 3285 ordinem

2456 3321 2679 3384 beatus
2726 3321 3037 3402 propheta
3081 3321 3278 3383 David
3319 3321 3767 3383 vaticinatione
3818 3321 3963 3404 Spi-

2456 3418 2618 3482 ritus
2650 3418 2862 3480 Sancti
2894 3417 3188 3480 distinxit
3218 3417 3279 3480 in
3313 3419 3598 3493 PsalmiS,
3632 3419 3907 3482 dicendo
3940 3438 3957 3481 ε

3989 3111 4065 3157 25,
4086 3111 4156 3150 28.

2454 3517 2653 3580 Notus
2704 3517 2769 3578 in
2815 3516 3028 3578 Judaea
3074 3517 3293 3594 Deus3
3344 3517 3409 3578 id
3456 3525 3575 3590 est,
3628 3517 3693 3578 in
3739 3517 3961 3580 anima
3988 3543 4251 3594 mun-,2

2457 3634 2599 3697 quae
2640 3615 2848 3677 adhuc
2896 3620 3149 3676 tenetur
3194 3615 3316 3677 sub
3365 3613 3761 3678 confessione
3808 3634 3963 3697 pec-

2459 3721 2743 3776 catorum
2793 3730 3054 3776 suorum
3099 3732 3113 3777 ε
3155 3714 3370 3777 Judaea
3416 3714 3591 3776 enim
3639 3713 3967 3778 confessio

2460 3812 2950 3893 interpretatur3
2990 3810 3055 3872 in
3102 3811 3291 3873 Israel
3338 3819 3573 3886 autem,
3616 3812 3679 3874 id
3723 3818 3839 3885 est,
3892 3812 3966 3874 in

2459 3928 2535 3972 eo
2581 3910 2693 3992 qui
2744 3909 2917 3972 videt
2967 3910 3189 3984 Deum,
3246 3911 3344 3972 vel
3396 3910 3497 3989 (ut
3552 3910 3808 3991 quidam
3862 3909 3969 3972 in-

2460 4008 2868 4089 terpretatur)
2898 4008 2964 4070 in
2992 4024 3069 4070 eo
3110 4007 3218 4089 qui
3260 4007 3655 4070 rectissimus
3695 4007 3803 4070 Dei
3832 4017 3965 4083 est,

2461 4126 2589 4172 non
2632 4107 2840 4169 solum
2880 4113 3069 4169 notus
3110 4113 3227 4178 est,
3271 4106 3380 4168 sed
3421 4105 3613 4168 etiam
3651 4124 3965 4187 magnum

853 4206 1082 4272 dubios
1122 4225 1260 4270 esse
1298 4214 1585 4269 eventus.
1622 4207 1887 4287 Insuper
1921 4207 2091 4287 quod
2133 4207 2352 4288 praefa-
2384 4214 2431 4275 D
2462 4223 2696 4268 nomen
2752 4204 2913 4284 ejus.
2976 4204 3215 4266 Deinde
3271 4204 3349 4266 ad
3408 4203 3781 4266 sublimiora
3837 4223 3967 4268 nos

854 4314 984 4370 tam
1023 4305 1232 4368 carnis
1275 4304 1774 4368 stimulationem
1818 4304 2112 4367 voluistis
2153 4305 2352 4367 inevi-

855 4404 1116 4466 tabilem
1147 4403 1580 4465 demonstrare
1612 4402 1734 4464 isto
1760 4401 2026 4482 judicio,
2060 4402 2212 4484 quia
2242 4422 2350 4464 eu—

858 4502 1054 4565 nuchi
1102 4507 1430 4583 nequeunt
1477 4519 1553 4562 ea
1598 4519 1832 4574 carere,
1876 4501 2209 4562 sciendum
2258 4509 2354 4564 est

857 4599 1172 4664 eunuchis
1216 4601 1434 4662 deesse
1484 4617 1610 4660 non
1655 4605 1844 4661 aestus
1888 4599 2194 4672 carnales,
2235 4618 2353 4662 nec

857 4698 1165 4761 affectum
1208 4696 1515 4770 lihidinis,
1550 4697 1658 4758 sed
1692 4697 1890 4759 solam
1927 4696 2353 4778 generationis

856 4796 1180 4860 virtutem.
1216 4796 1392 4859 Unde
1434 4793 1846 4857 manifestum
1889 4802 1984 4857 est
2026 4795 2355 4858 eunuchos

859 4912 986 4960 non
1034 4894 1267 4958 debere
1315 4892 1545 4957 resolvi
1593 4893 1674 4955 ab
1718 4893 2080 4955 humilitate
2128 4894 2358 4956 contri-

860 4995 1159 5076 tioneque
1189 4993 1421 5068 cordis,
1455 5011 1574 5054 nec
1603 5011 1640 5054 a
1669 4991 2065 5055 districtione
2097 4991 2353 5073 jejunii,

859 5093 914 5156 si
957 5094 1035 5156 ad
1081 5093 1244 5154 hanc
1293 5091 1647 5155 castitatem
1692 5089 1955 5173 cupiant
1997 5089 2356 5172 pertingere

858 5192 938 5254 ad
987 5209 1180 5273 quam
1237 5190 1507 5252 nitimur
1551 5206 1688 5264 nos,
1741 5189 2034 5271 quamvis
2082 5187 2357 5251 obtineri

860 5288 1061 5373 possit
1100 5288 1181 5350 ab
1219 5288 1314 5351 eis
1355 5287 1586 5351 minori
1629 5287 1839 5351 studio
1879 5305 1954 5351 ac
1998 5286 2231 5360 labore.

2462 4321 2833 4386 provocanS,
2866 4311 2929 4364 et
2958 4302 3177 4365 volens
3216 4302 3547 4366 ostendere
3580 4300 3786 4364 locum
3825 4321 3969 4383 quo

2464 4402 2769 4465 Dominus
2820 4400 3195 4475 delectatur,
3239 4400 3531 4481 adjunxit
3568 4419 3583 4464 :
3628 4400 3706 4462 Et
3746 4400 3967 4463 factus

2463 4508 2559 4562 est
2584 4501 2649 4562 in
2682 4517 2836 4582 pace
2866 4499 3043 4562 locus
3073 4499 3239 4579 ejus3
3276 4499 3339 4560 id
3366 4504 3474 4571 est,
3500 4515 3627 4560 non
3654 4498 3719 4559 in
3744 4497 3971 4560 confli-

2466 4607 2571 4661 ctu
2612 4597 2979 4660 certaminis
3020 4597 3595 4677 colluctationeque
3631 4597 3964 4668 vitiorum,

2464 4698 2575 4760 sed
2629 4697 2694 4758 in
2748 4695 3139 4759 castimoniae
3192 4714 3347 4776 pace
3404 4703 3596 4777 atque
3654 4700 3971 4776 perpetua

2466 4796 2673 4859 cordis
2704 4793 3179 4875 tranquillitate.
3201 4793 3318 4867 Qui
3346 4812 3499 4874 ergo
3528 4792 3825 4856 meruerit
3850 4792 3972 4855 ob—

2465 4894 2667 4956 tinere
2698 4894 2869 4956 hunc
2900 4892 3075 4974 pacis
3107 4891 3319 4954 locum
3360 4910 3508 4954 cum
3538 4890 3967 4954 exstinctione

2466 4993 2818 5055 carnalium
2869 4991 3261 5074 passionum,
3311 4990 3657 5072 proficiens
3705 5007 3968 5071 quoque

2465 5110 2543 5154 ex
2598 5092 2798 5172 gradu
2858 5090 2999 5164 isto,
3054 5097 3118 5153 et
3173 5096 3634 5172 consequenter
3686 5086 3968 5152 effect-us

2464 5189 2815 5272 spiritualis
2864 5188 3037 5264 Sion,
3087 5189 3153 5250 id
3202 5195 3297 5251 est
3343 5187 3605 5270 specula
3654 5185 3784 5261 Dei,
3834 5187 3968 5249 erit

2462 5287 2655 5351 etiam
2704 5287 3009 5350 habitatio
3047 5285 3179 5349 Dei.
3222 5286 3358 5350 Non
3404 5285 3577 5348 enim
3622 5285 3687 5346 in
3742 5283 3975 5348 confli—

4042 3832 4219 3876 niden.

4044 4419 4158 4462 leia.
4186 4423 4223 4461 3.
