4359 6267
935 475 1055 538 264
1667 493 2084 541 conminuunt
2127 493 2211 538 55.
2248 494 2491 539 runnu
2532 494 2707 540 murm
2748 496 2787 541 ι.
2834 514 2915 530 ·—
2954 495 3242 544 commo
3282 500 3323 544 x
3372 557 3383 562 ,

933 661 1420 745 Omnipotentis,
1466 663 1736 728 dicendo
1771 682 1784 726 ε
1829 664 2017 738 1)6υ5,
2067 662 2132 724 in
2181 662 2428 744 adjuto·
2466 662 2516 725 A
2548 663 2729 727 istius
2771 666 3098 742 versiculi,
3133 667 3437 731 facilitate
3478 687 3678 750 prona
3718 668 4019 750 perveniet

933 760 1124 835 rium,
1171 770 1291 824 etc.
2543 762 2623 824 ad
2671 765 3105 846 evangelicam
3166 767 3340 828 illam
3390 766 3847 829 beatitudinem
3894 787 4021 848 quae

1011 861 1226 941 ltaque
1264 861 1465 923 oratio
1505 860 1699 940 hujus
1738 860 2040 923 versiculi
2088 858 2432 934 incessabi-
2545 861 2709 923 inter
2740 871 2979 925 ceteras
3011 863 3436 928 beatitudines
3468 872 3641 926 tenet
3670 865 4017 946 primatum,

931 955 1074 1018 liter
1104 965 1199 1020 est
1228 956 1554 1020 fundenda
1591 956 1657 1019 in
1689 957 1970 1021 adversis
2003 965 2073 1019 ut
2103 976 2427 1031 eruamur,
2542 979 2669 1040 qua
2711 958 2948 1022 dicitur
2981 979 2994 1022 :
3029 961 3201 1024 Beati
3246 981 3558 1045 pauperes
3601 963 3851 1044 spiritu,
3881 982 4019 1044 quo-
4044 985 4248 1031 muna.

931 1053 995 1115 in
1042 1056 1362 1138 prosperis
1412 1062 1482 1117 ut
1528 1075 1859 1118 servemur
1901 1074 1980 1116 ne
2031 1055 2428 1123 extollamur.
2544 1057 2715 1120 niam
2776 1059 3061 1140 ipsorum
3112 1068 3206 1123 est
3255 1080 3523 1142 regnum
3584 1061 3919 1141 coelorum;
3963 1071 4021 1124 et

929 1153 1247 1216 Meditatio
1290 1153 1482 1234 igitur
1521 1153 1713 1234 hujus
1745 1154 2046 1216 versiculi
2087 1154 2153 1214 in
2186 1162 2297 1216 tuo
2328 1171 2434 1235 pe·
2545 1155 2630 1217 ita
2660 1174 2773 1237 per
2802 1157 3249 1238 hujuscemodi
3281 1167 3720 1241 paupertatem
3750 1161 4017 1240 egregius

929 1259 1102 1313 ctore
1128 1252 1366 1332 jugiter
1397 1252 1788 1331 revolvatur;
1815 1252 2207 1314 versiculum
2240 1252 2430 1313 istum
2543 1273 2785 1336 pauper
2842 1256 3176 1331 exsistenS,
3240 1257 3533 1339 implebit
3594 1258 4017 1340 propheticum

929 1349 1262 1413 decantare
1305 1368 1428 1413 non
1470 1351 1640 1412 sinas
1684 1351 1748 1412 in
1792 1351 1963 1413 omni
2004 1369 2210 1432 opere,
2255 1350 2436 1412 mini·
2543 1351 2700 1413 illud
2730 1353 3448 1436 eloquium:Paupe1-et
3475 1357 3659 1438 inops
3693 1356 4017 1418 laudabunt
4062 1373 4243 1418 mmm.

929 1449 1122 1510 sterio
1170 1458 1359 1531 atque
1411 1451 1659 1524 itinere,
1699 1451 2020 1514 dormiens
2061 1458 2123 1512 et
2167 1451 2433 1513 mandu-
2542 1468 2774 1512 nomen
2821 1460 3023 1514 tuum.
3070 1453 3144 1514 Et
3188 1473 3427 1527 revera,
3470 1473 3613 1535 quae
3654 1461 3856 1536 potest
3890 1437 4098 1516 csse²¹·

931 1565 1102 1621 cans,
1135 1555 1198 1609 et
1229 1549 1294 1610 in
1325 1547 1624 1611 omnibus
1657 1548 2144 1612 necessitatibus
2179 1549 2435 1612 medita·
2544 1548 2745 1630 major
2797 1552 3150 1614 sanctiorve
3202 1560 3563 1634 paupertaS,
3613 1572 3803 1634 quam
3858 1553 4017 1615 illius

928 1665 996 1708 re
1027 1647 1500 1710 eumdem.Haec
1533 1647 1859 1710 meditatio
1890 1647 2097 1710 cordis
2129 1655 2429 1729 tanquam
2542 1647 2651 1728 qui
2704 1666 3090 1730 cognoscens
3132 1669 3199 1712 se
3244 1651 3404 1712 nihil
3455 1651 3733 1732 praesidii
3772 1651 4017 1713 virium-

928 1743 1204 1807 formula
1243 1745 1536 1807 salutaris
1576 1746 1692 1808 tibi
1733 1735 1986 1819 effecta,
2025 1745 2339 1809 custodiet
2370 1754 2429 1808 te
2542 1765 2665 1827 que
2714 1747 2971 1820 habere,
3025 1749 3183 1831 petit
3229 1749 3676 1830 quotidianum
3726 1750 4017 1812 auxilium

929 1861 1056 1906 non
1096 1843 1304 1906 solum
1343 1843 1423 1906 ab
1454 1845 1628 1907 omni
1660 1844 2021 1908 daemonum
2063 1843 2427 1906 incursione
2466 1845 2512 1908 B
2542 1845 2619 1906 de
2670 1845 2953 1928 largitate
3011 1847 3309 1926 alterius3
3361 1848 3473 1929 qui
3534 1848 3883 1929 intelligens
3930 1868 4017 1910 es·

929 1942 1221 2016 illaesum,
1265 1943 1374 2004 sed
1417 1963 1455 2006 a
1500 1944 1748 2006 cunctis
1792 1962 2048 2027 quoque
2092 1943 2268 2005 vitiis
2311 1951 2429 2005 ter·
2542 1944 2810 2006 sentiam
2868 1964 3049 2007 suam
3102 1965 3175 2007 ac
3224 1946 3421 2009 vitam
3480 1947 3655 2009 omni
3714 1955 4018 2009 momento

927 2060 1095 2104 renae
1139 2042 1532 2122 contagionis
1576 2051 1636 2104 te
1681 2062 1981 2125 purgem,
2016 2042 2322 2124 perducet
2368 2050 2427 2104 te
2539 2043 2881 2105 sustentari
2928 2062 3001 2105 ac
3050 2044 3411 2107 conservari
3457 2063 3581 2126 ope
3624 2045 3851 2119 divina,
3884 2064 4019 2126 pro·

925 2140 1002 2202 ad
1043 2140 1317 2202 theorias
1356 2148 1419 2203 et
1459 2140 2024 2223 contemplationes
2071 2140 2425 2202 invisibiles
2538 2139 2758 2203 fitetur
2807 2161 2873 2204 56
2920 2161 3046 2204 non
3098 2143 3417 2205 immerito
3466 2161 3608 2205 6556
3651 2162 3861 2206 verum
3906 2143 4017 2206 Dei

927 2245 990 2300 et
1020 2237 1330 2312 coelesteS,
1367 2239 1496 2301 imo
1533 2239 1836 2320 provehet
1867 2247 1928 2300 te
1957 2239 2037 2300 ad
2078 2239 2262 2301 illum
2296 2257 2427 2300 ora·
2540 2241 2928 2314 mendicum,
2964 2241 3244 2303 clamans
3287 2241 3665 2323 suppliciter
3702 2243 3777 2304 ad
3814 2241 4015 2324 ipsum

925 2336 1119 2399 tionis
1164 2337 1452 2398 ardorem
1500 2336 1896 2400 ineffabilem
1943 2337 2279 2419 perpaucis
2319 2357 2425 2399 ex·
2538 2338 2821 2419 quotidie
2877 2356 2890 2399 :
2944 2339 3072 2420 Ego
3123 2347 3337 2401 autem
3396 2340 3729 2402 mendicus
3775 2359 3911 2402 sum
3960 2349 4015 2402 et
4062 2361 4239 2403 rama.

927 2443 1200 2517 pertum.
1263 2437 1333 2498 In
1395 2435 1588 2516 hujus
1648 2437 1950 2499 versiculi
2015 2436 2423 2499 meditatione
2538 2456 2799 2519 pauper,
2834 2437 3021 2512 Deus,
3053 2438 3288 2518 adjuva
3327 2458 3429 2501 me
3461 2441 3485 2499 2
3526 2439 3630 2502 Sic
3659 2458 3905 2521 quoque
3930 2459 4015 2501 as·
4040 2427 4093 2467 ¹⁸·

926 2533 1309 2608 obdormiaS,
1345 2535 1544 2596 donec
1577 2534 1940 2597 incessabili
1971 2535 2422 2598 exercitatione
2538 2535 2835 2609 cendens,
2862 2535 2987 2598 Deo
3016 2535 3440 2611 illuminante,
3464 2536 3543 2599 ad
3577 2537 4013 2600 multiformem

926 2632 1067 2712 ejus
1125 2631 1456 2706 formatuS,
1507 2653 1832 2696 assuescas
1891 2652 2039 2696 eum
2089 2634 2423 2712 decantare
2538 2634 2867 2696 scientiam
2913 2633 3075 2715 ejuS,
3110 2635 3375 2716 incipiet
3416 2635 3719 2717 deinceps
3760 2636 4011 2716 saginari

925 2733 1118 2795 etiam
1160 2751 1274 2814 per
1313 2750 1624 2815 soporem.
1663 2733 1736 2794 Et
1770 2732 2017 2814 primus
2049 2731 2164 2794 tibi
2203 2751 2425 2815 exper-
2538 2732 3022 2795 sublimioribus
3070 2733 3648 2816 sacratioribusque
3692 2735 4010 2817 mysteriiS,

923 2830 1170 2912 gefacto
1199 2840 1504 2907 occurrat,
1519 2831 1801 2913 aliasque
1833 2832 2244 2912 cogitationes
2276 2851 2429 2913 prae-
2534 2830 2717 2910 juxta
2746 2831 2904 2893 illud
2934 2831 3282 2894 Psalmistae
3316 2849 3329 2893 ε
3364 2833 3607 2895 Montes
3638 2833 3864 2895 excelsi
3894 2853 4011 2894 cer·
4036 2851 4235 2898 ramas.

927 2930 1138 2994 veniat
1187 2940 1250 2993 et
1297 2931 1631 3010 excludat3
1683 2949 2014 3013 quumque
2064 2931 2141 2992 dc
2194 2931 2427 2995 lectulo
2538 2930 2657 3003 vis,
2691 2937 2871 3011 petra
2907 2930 3227 3012 refugium
3269 2930 3631 2993 herinaciis,
3666 2931 3835 3005 Quod
3873 2933 4012 2994 satis

927 3031 1156 3113 surgiS,
1199 3050 1346 3092 eum
1392 3029 1785 3092 decantando
1827 3048 2034 3110 genua
2077 3029 2322 3103 flectaS,
2366 3038 2428 3092 et
2465 3035 2508 3098 C
2540 3028 2796 3110 proprie
2826 3036 3155 3110 coaptatur
3184 3029 3399 3092 sensui
3432 3028 3566 3108 jam
3601 3029 3915 3110 praedicto,
3944 3049 4012 3092 eo

927 3130 1004 3191 ad
1035 3147 1290 3192 omnem
1331 3137 1545 3191 actum
1587 3135 1770 3190 tuum
1807 3135 1866 3190 te
1902 3128 2110 3191 ducat.
2147 3129 2260 3190 Hic
2290 3147 2427 3191 ver·
2539 3126 2708 3210 quod
2748 3128 3019 3209 quisque
3062 3145 3471 3208 perseverans
3518 3127 3584 3188 in
3624 3127 4011 3210 simplicitate

930 3247 1037 3289 sus
1068 3235 1128 3288 te
1160 3227 1334 3290 omni
1366 3235 1652 3309 tempore
1685 3235 2123 3308 prosequatur,
2157 3233 2222 3288 et
2246 3227 2429 3308 juxta
2537 3242 2610 3286 ac
2656 3225 3041 3300 innocentia,
3084 3225 3245 3287 nulli
3284 3234 3378 3287 est
3424 3225 3650 3289 noxius
3691 3233 3797 3287 aut
3840 3225 4014 3288 mole--

647 3346 902 3398 muana,
931 3333 1248 3407 praecepta
1288 3325 1444 3407 legis
1479 3324 1888 3388 meditaberis
1919 3343 2066 3386 eum
2102 3325 2327 3387 sedens
2360 3325 2427 3387 in
2539 3331 2710 3402 stus3
2754 3324 2863 3386 sed
2907 3343 3023 3386 sua
3072 3324 3481 3406 simplicitate
3526 3332 3877 3398 contentus,
3921 3325 4013 3384 de-

636 3412 676 3451 9·
930 3423 1140 3498 dom0‚
1173 3432 1235 3486 et
1265 3423 1599 3486 ambulans
1632 3423 1694 3485 in
1730 3424 1977 3496 itinere,
2011 3431 2074 3484 et
2103 3423 2426 3486 dormiens
2538 3421 2771 3484 sidcrat
2820 3442 2888 3485 se
2936 3424 3128 3484 tutari
3183 3422 3263 3484 ab
3314 3421 3751 3484 insidiantium
3796 3423 4013 3505 deprae-

927 3530 1116 3605 atque
1167 3541 1579 3602 consurgenS,
1625 3521 1993 3604 scribesque
2041 3540 2191 3584 eum
2242 3522 2307 3583 in
2358 3522 2428 3584 li·
2537 3520 2813 3595 datione,
2886 3529 2955 3582 ut
3025 3521 3223 3583 instar
3288 3519 3595 3582 herinacii
3669 3525 4013 3602 protegatur

929 3623 1100 3684 mine
1131 3629 1193 3684 et
1227 3622 1292 3683 in
1319 3621 1533 3701 januis
1565 3621 1691 3683 oris
1723 3621 1835 3682 tui.
1872 3621 2051 3682 Hune
2083 3621 2423 3684 collocabis
2535 3618 2851 3680 velamine
2903 3627 3118 3701 petrae,
3168 3618 3232 3680 id
3288 3625 3385 3680 est-
3438 3618 3746 3681 memoria
3794 3616 4011 3700 passio-

925 3721 990 3782 in
1041 3720 1392 3802 parietibus
1441 3719 1666 3781 domus
1716 3728 1838 3782 tuae
1886 3726 2075 3800 atque
2120 3720 2182 3781 in
2236 3739 2424 3801 pene·
2522 3717 2635 3798 ,nis
2665 3717 3023 3791 dominicae,
3056 3716 3341 3779 munitus
3381 3734 3637 3799 quoque
3670 3713 4010 3779 incessabili

925 3819 1193 3881 tralibus
1234 3818 1510 3901 pectoris
1551 3819 1666 3891 tui,
1701 3826 1771 3880 ut
1809 3818 1892 3880 sit
1925 3817 2039 3880 tibi
2080 3819 2157 3880 ad
2198 3818 2424 3881 oratio-
2538 3815 2945 3878 meditatione
2994 3815 3187 3895 hujus
3234 3815 3557 3888 versiculi,
3611 3816 3884 3878 declinet
3929 3813 4010 3873 in-

925 3937 1073 3981 nem
1115 3917 1560 4000 procumbenti
1592 3917 1948 3980 decantatio
1979 3917 2099 3979 ista
2136 3917 2421 3992 acclivis,
2534 3914 2725 3976 sidias
2792 3914 3135 3977 adversarii
3204 3914 3580 3977 infestantis
3642 3916 3733 3978 De
3796 3911 4009 3996 quibus

924 4018 1166 4100 fiatque
1225 4016 1342 4079 tibi
1401 4024 1612 4079 erecta
1667 4035 1740 4078 ac
1785 4016 1957 4096 jugis
2017 4016 2219 4079 oratio
2278 4016 2424 4079 inde
2533 4012 2976 4095 spiritualibus
3034 4012 3377 4076 herinaciis
3426 4013 3493 4074 in
3540 4011 3891 4076 Proverbiis
3938 4009 4011 4070 le-

926 4115 1234 4198 surgenti,
1278 4135 1352 4178 ac
1404 4115 1719 4176 incedenti
1772 4115 1850 4176 ad
1894 4134 2114 4177 omnes
2167 4135 2319 4177 usus
2361 4123 2425 4176 et
2534 4113 2749 4192 gitur:
2786 4113 2858 4174 Et
2901 4110 3209 4174 herinacii
3248 4129 3404 4193 gens
3451 4111 3748 4184 invalida,
3782 4109 3885 4191 qui
3927 4107 4011 4169 fe·-
4044 4129 4235 4172 emm.

923 4223 1102 4277 actus
1146 4215 1537 4277 necessarios
1582 4212 1746 4276 vitae.
2452 4215 2502 4277 D
2534 4217 2757 4271 cerunt
2798 4209 2863 4272 in
2906 4205 3365 4292 petris'domos
3407 4229 3573 4272 suas,
4034 4191 4209 4296 ffif³¹²¹

2628 4308 2703 4369 Et
2751 4327 2970 4371 revera
3017 4308 3173 4391 quid
3226 4307 3568 4371 invalidius
3619 4304 4009 4370 Christiano?

2532 4407 2691 4480 Quid
2743 4407 3066 4469 infirmius
3115 4406 3447 4478 monache,
3492 4405 3597 4466 cui
3644 4421 3772 4466 non
3818 4402 4009 4466 solum

1337 4465 1841 4532 CAPITULUM
1889 4467 2008 4529 XI·
2535 4505 2915 4585 injuriarum
2948 4505 3106 4567 ultio
3138 4503 3533 4586 prohibetur,
3564 4503 3692 4565 imo
3720 4520 3837 4564 nec
3867 4499 4009 4562 levis

959 4617 1046 4672 De
1066 4615 1441 4688 perfectione
1468 4614 1772 4670 orationis
1799 4613 1883 4669 ad
1909 4627 2090 4685 quam
2110 4611 2385 4684 proefata
2531 4623 2605 4665 ac
2646 4603 2834 4665 tacita
2872 4603 3078 4666 cordis
3118 4601 3463 4666 commotio
3498 4601 3556 4664 ei
3598 4599 4009 4683 permittitur?

1296 4704 1645 4761 eruditione
1673 4702 2043 4758 ascenditur·
2531 4701 2830 4783 Quisquis
2882 4709 3096 4764 autem
3144 4719 3222 4762 ex
3269 4701 3389 4764 hoc
3440 4708 3608 4763 statu
3658 4698 4007 4782 proficienS‚

2532 4818 2658 4862 non
2702 4801 2909 4863 solum
2961 4798 3312 4882 possederit
3356 4799 3736 4861 innocentiae
3783 4795 4009 4877 simpli-

1049 4902 1419 4967 ORMULAM
1481 4901 1666 4962 istam
1729 4917 1910 4961 mens
1961 4905 2170 4961 teneat
2221 4898 2422 4962 inces-
2531 4899 2809 4972 citatem,
2842 4900 2950 4962 sed
2993 4898 3397 4961 discretionis
3440 4897 3673 4961 virtute
3720 4894 4007 4961 munitus,

1074 5009 1305 5076 santer,
1339 5002 1540 5064 donec
1573 4998 1841 5062 formata
1872 5017 1991 5059 usu
2026 5016 2098 5059 ac
2126 4997 2264 5078 jugi
2298 5016 2425 5060 me·
2531 4997 2736 5060 factus
2777 4998 2899 5060 erit
2930 4998 3381 5060 exterminator
3410 5004 3864 5059 venenatorum
3898 5011 4011 5056 ser-

925 5102 1230 5164 ditatione
1283 5099 1507 5182 ipsiuS,
1548 5096 1808 5178 abjiciat
1858 5115 1930 5158 ac
1983 5095 2217 5158 refutet
2266 5095 2423 5158 divi·
2531 5096 2844 5178 pentium‚
2878 5113 2990 5157 seu
3023 5094 3451 5158 inficientium
3488 5113 3561 5156 ac
3600 5092 4008 5156 scandalizan-

925 5201 1044 5264 tias
1096 5198 1468 5281 amplasque
1521 5195 1908 5258 substantias
1963 5195 2420 5275 cogitationum
2492 5206 2497 5210 “
2532 5195 2693 5256 tium
2724 5195 3051 5267 vitiorum,
3086 5193 3327 5256 habens
3368 5193 3661 5256 Satauam
3690 5191 3812 5254 sub
3850 5188 4007 5272 pedi-

926 5307 1344 5376 cunctarum3
1389 5295 1608 5377 sicque
1659 5293 2000 5357 constricta
2048 5301 2419 5375 paupertate
2532 5293 2653 5355 bus
2700 5293 2835 5356 suis
2882 5292 3250 5366 contritum,
3291 5291 3741 5373 alacritateque
3790 5286 4005 5351 mentis
