4359 6267
143 3721 240 3765 Dent.
253 3738 302 3776 u,
319 3729 356 3770 ὁ.

173 3829 262 3873 lond.
283 3835 320 3874 ⁵.

1019 499 1024 510 '
1065 459 1482 542 coflLA'rloNtm
1525 493 1610 539 SS.
1645 491 1888 538 PATRUM
1929 489 2104 535 LIBER
2145 488 2186 533 1.
2232 505 2313 516 —·
2353 486 2638 535 COLLA'rlo
2681 487 2790 533 vm

3360 448 3483 530 2‘29

379 666 588 741 nibus,
624 667 689 728 id
719 673 818 729 est
846 672 976 728 tam
1005 664 1310 728 fidelibus
1341 681 1533 747 quam
1565 660 1871 745 profanis,
1907 661 1958 723 A
1988 660 2229 742 ligneas
2270 677 2514 732 cruces,
2549 675 2781 739 easque
2822 656 2955 718 suis
2991 655 3277 718 humeris
3313 654 3480 736 jugi-

377 772 437 826 et
495 784 609 847 per
666 765 788 827 hoc
848 764 1026 826 nulla
1086 763 1439 846 prudentiae
1497 781 1570 824 ac
1618 759 1873 824 virtutis

378 863 676 925 distantia
715 870 883 926 esset
924 863 1088 924 inter
1127 861 1442 925 studiosos
1481 867 1670 942 atque
1711 859 1876 920 iner-

378 969 470 1023 tes
513 981 628 1024 seu
675 962 968 1040 desides3
1011 960 1312 1032 secundo,
1347 966 1417 1021 ut
1458 959 1624 1020 inter
1664 957 1876 1018 dome—

377 1059 568 1122 sticos
601 1059 759 1121 fidei
791 1054 1164 1140 ar‘gueretur
1199 1057 1526 1120 tardorum
1559 1055 1874 1136 negligen-

377 1157 669 1240 tiumque
711 1157 982 1239 ignavia,
1016 1163 1080 1218 et
1117 1155 1544 1218 studiosorum
1585 1153 1873 1215 alacritas

375 1259 437 1313 et
467 1252 782 1316 industria
811 1253 1426 1317 commendarentur.
1447 1251 1688 1314 Idcirco
1718 1250 1877 1313 Scri-

378 1359 561 1432 ptura
590 1352 811 1415 divina
841 1352 992 1414 satis
1022 1351 1279 1433 proprie
1305 1356 1702 1432 comparatur
1724 1366 1874 1429 agro

377 1450 599 1530 pingui
638 1469 712 1512 ac
756 1450 976 1524 fertili,
1016 1450 1128 1532 qui
1172 1469 1372 1531 quum
1418 1448 1620 1511 multa
1658 1447 1875 1528 gignat

377 1567 516 1629 quae
563 1555 712 1630 apta
759 1555 909 1610 sunt
955 1547 1093 1610 esui
1143 1548 1476 1610 hominum
1525 1547 1662 1608 sine
1707 1545 1871 1654 ignis

376 1645 1072 1728 decoctione,quaedam
1101 1646 1294 1708 etiam
1322 1645 1527 1727 gignit
1555 1663 1697 1727 quae
1727 1642 1872 1706 usui

377 1745 656 1807 humano
707 1745 924 1855 inepta
971 1745 1287 1807 exsistunt
1334 1751 1442 1806 aut
1489 1744 1699 1817 noxia,
1746 1741 1872 1804 nisi

1989 766 2080 820 ter
2123 757 2669 830 circumferenteS,
2720 755 3071 817 intulerunt
3115 753 3480 816 videntibus

1985 875 2111 920 non
2170 856 2685 930 aedificationem,
2738 853 2849 916 sed
2907 853 3128 915 risum.
3183 852 3477 926 Quaedam

1983 964 2196 1018 autem
2257 956 2611 1018 secundum
2680 960 3015 1034 utramque
3074 949 3481 1031 intelligenti-

1981 1075 2108 1129 am,
2154 1055 2219 1116 id
2267 1063 2363 1117 est
2407 1062 2534 1116 tam
2581 1052 2918 1115 litteralem
2959 1068 3151 1132 quam
3194 1048 3480 1130 allegori-

1983 1173 2145 1227 cam,
2207 1153 2612 1235 accipiuntur
2679 1160 2805 1213 tam
2872 1147 3225 1212 necessarie
3288 1155 3477 1228 atque

1985 1253 2249 1326 utiliter,
2297 1259 2367 1313 ut
2405 1259 2671 1332 utraque
2710 1247 3022 1330 expositio
3064 1253 3344 1308 mentem
3386 1245 3477 1308 vi-

1982 1351 2193 1413 taliter
2230 1351 2375 1424 alat‚
2409 1348 2947 1431 quemadmodum
2987 1345 3145 1407 illud
3181 1362 3193 1406 :
3230 1344 3293 1406 Si
3332 1343 3477 1426 quis
3532 1357 3690 1401 Macen
3728 1371 3770 1409 v.

1985 1458 2045 1512 te
2071 1449 2456 1533 percusserit
2486 1449 2549 1511 in
2580 1449 2901 1510 dexteram
2936 1445 3257 1507 maxillam
3281 1452 3472 1515 tuam,
3507 1422 3572 1461 ³⁹·

1985 1548 2197 1630 praebe
2256 1547 2350 1608 illi
2411 1555 2473 1608 et
2528 1546 2832 1624 alteram3
2881 1550 2965 1618 et,
3016 1544 3221 1617 Quum
3269 1559 3478 1623 perse-
3518 1552 3769 1605 wid-ma

1983 1654 2261 1730 quentur
2318 1664 2429 1708 vos
2495 1645 2557 1707 in
2627 1644 2881 1707 civitate
2950 1641 3087 1714 ista,
3152 1640 3349 1721 fugite
3410 1639 3475 1701 in

1982 1746 2216 1824 aliam3
2247 1752 2332 1818 et,
2366 1742 2430 1806 Si
2462 1743 2559 1806 vis
2594 1741 2911 1824 perfectus
2942 1759 3103 1814 esse,
3126 1739 3306 1814 vade
3330 1756 3479 1801 ven·
3504 1750 3659 1858 (aaz.
3681 1767 3766 1805 nx,

379 1842 552 1924 prius
595 1861 712 1924 per
750 1843 964 1923 ignem
1005 1842 1248 1906 mollita
1286 1850 1349 1905 et
1390 1841 1732 1915 lenificata,
1766 1841 1870 1902 de-
1909 1835 1956 1896 Β
1985 1846 2062 1908 de
2093 1845 2309 1907 omnia
2338 1863 2479 1925 quae
2518 1841 2713 1904 habes
2752 1848 2812 1904 et
2852 1841 2931 1902 da
2970 1836 3382 1922 pauperibus,
3414 1817 3529 1898 et²

379 1941 708 2021 posuerint
740 1959 998 2004 omnem
1037 1961 1166 2004 suae
1207 1941 1535 2003 cruditatis
1571 1939 1872 2022 asperita-

378 2045 520 2101 tem.
543 2038 777 2121 Aliqua
806 2057 1060 2121 quoque
1093 2047 1360 2121 utroque
1390 2039 1578 2101 modo
1608 2038 1694 2099 ita
1725 2045 1873 2099 sunt

376 2145 520 2219 apta
549 2137 694 2200 usui
726 2137 1085 2211 hominum,
1121 2146 1189 2199 ut
1221 2138 1467 2200 incocta
1499 2156 1626 2201 non
1661 2136 1877 2219 displi-

378 2242 578 2310 ceant,
615 2255 736 2298 nec
779 2235 1109 2299 offendant
1147 2254 1262 2298 seu
1297 2244 1567 2298 noceant
1605 2235 1874 2298 crudita-

377 2341 455 2408 te,
487 2342 552 2396 et
584 2342 799 2397 tamen
838 2335 892 2396 si
933 2335 1080 2416 igne
1112 2343 1488 2417 coquantur,
1521 2334 1874 2397 salubriora

379 2433 736 2495 reddantur.
757 2433 952 2495 Multa
978 2433 1169 2496 etiam
1200 2442 1583 2515 generantur
1613 2434 1677 2495 in
1711 2452 1874 2495 cam-

379 2549 476 2612 po,
527 2539 780 2593 tantum
829 2532 909 2594 ad
957 2550 1169 2594 escam
1219 2531 1575 2607 brutorum,
1618 2551 1729 2594 seu
1776 2532 1875 2613 ju-

379 2637 736 2712 mentorum
789 2649 865 2692 ac
915 2630 1272 2704 volucrum,
1314 2630 1680 2692 nullatenus
1726 2637 1874 2711 apta

377 2728 588 2790 edulio
633 2729 994 2802 hominum,
1030 2748 1172 2810 quae
1210 2736 1274 2791 et
1314 2729 1380 2791 in
1419 2748 1534 2791 sua
1570 2729 1871 2811 asperita-

378 2833 434 2887 te
473 2827 798 2889 manentia
845 2827 1104 2889 vitalem
1141 2827 1518 2889 suavitatem
1558 2836 1621 2889 et
1657 2846 1868 2890 escam

379 2923 713 2986 conferunt
752 2924 958 2987 brutis
996 2924 1236 3007 absque
1277 2925 1441 3006 ignis
1481 2933 1754 2988 coctura.

1983 1943 2251 2006 habebis
2296 1942 2666 2004 thesaurum
2712 1939 2775 2000 in
2822 1939 3021 2016 coelo;
3067 1944 3131 1998 et
3174 1935 3343 2008 veni,
3387 1953 3479 1996 se-

1984 2060 2180 2124 quere
2233 2059 2353 2102 me.
2398 2041 2665 2121 Insuper
2711 2035 3038 2117 Scriptura
3086 2032 3328 2116 profert
3365 2032 3479 2095 foe-

1985 2160 2142 2202 num
2205 2139 2536 2222 jumentiS,
2597 2154 2869 2219 quorum
2940 2133 3191 2217 pabulis
3251 2131 3479 2214 repleti

1985 2247 2133 2300 sunt
2181 2257 2403 2301 omnes
2454 2236 2663 2319 campi
2714 2234 3208 2315 Scripturarum,
3261 2229 3483 2293 videli-

1986 2345 2086 2400 cet
2124 2357 2352 2419 puram
2394 2355 2468 2398 ac
2511 2334 2873 2417 simplicem
2913 2331 3341 2395 narrationem
3384 2328 3481 2390 hi-

1984 2437 2233 2500 storicae
2280 2435 2587 2509 veritatiS,
2622 2453 2749 2516 qua
2796 2431 3221 2514 simpliciores
3262 2436 3326 2490 et
3367 2427 3481 2490 mi-

1985 2556 2104 2598 nus
2145 2554 2408 2617 capaces
2449 2532 2746 2617 persectae
2778 2551 2853 2594 ac
2888 2531 3150 2611 integrae
3190 2527 3476 2601 rationiS,

1987 2634 2373 2697 robustiores
2440 2632 2791 2694 redduntur
2857 2630 2934 2691 ad
3001 2647 3161 2710 opus
3231 2634 3477 2688 tantum

1984 2739 2172 2815 atque
2208 2731 2487 2794 laborem
2517 2731 2663 2793 vitae
2696 2729 2917 2796 activae
2948 2727 3301 2789 secundum
3333 2743 3479 2788 con-

1984 2832 2292 2894 ditionem
2351 2838 2549 2892 status
2599 2828 2841 2911 proprii
2889 2846 2961 2889 ac
3012 2843 3345 2898 mensurae,
3396 2824 3474 2886 de

1983 2929 2219 3011 quibus
2259 2929 2569 3010 jumentis
2617 2927 2703 2989 ait
2749 2925 3075 3007 Scriptura
3118 2940 3131 2985 :
3173 2922 3472 2984 Homines
3503 2931 3766 2981 Ps-xxxvct.

449 3023 650 3096 Quam
699 3022 1175 3086 distinctionem
1230 3023 1660 3106 conspicimus
1716 3024 1868 3085 satis
1908 3022 1951 3087 C
1981 3037 2044 3090 et
2069 3028 2374 3108 'jumenta
2412 3026 2708 3100 salvabiS,
2752 3024 3033 3087 Domine.

376 3122 699 3184 evidenter
735 3120 1048 3184 contineri
1089 3121 1156 3183 in
1195 3121 1316 3184 hoc
1347 3121 1672 3185 uberrimo
1709 3121 1869 3184 Scri-

377 3226 705 3300 pturarum
762 3219 1208 3302 spiritualium·
1251 3219 1565 3302 paradiso,
1618 3220 1685 3283 in
1743 3238 1870 3302 quo

375 3318 585 3399 aliqua
621 3317 710 3379 ita
752 3317 1160 3400 resplendent
1197 3318 1666 3400 significatione
1705 3319 1868 3381 litte-

379 3433 456 3478 rae
486 3415 679 3498 plana
706 3435 780 3478 ac
811 3416 1155 3490 luculenta,
1190 3422 1261 3479 ut
1289 3416 1650 3479 sublimiori
1682 3435 1871 3498 expo-

379 3515 605 3577 sitione
645 3533 770 3577 non
816 3514 1186 3596 indigentia,
1221 3515 1504 3578 nutriant
1538 3515 1868 3579 audientes

381 3610 630 3674 abunde
685 3611 968 3694 simplici
1021 3629 1176 3675 sono
1231 3612 1477 3687 litterae,
1529 3619 1597 3674 ut
1646 3620 1742 3675 est
1795 3613 1868 3675 il-

385 3709 486 3772 lud
535 3728 550 3772 :
595 3711 784 3785 Audi,
835 3711 1047 3784 Israel,
1104 3711 1413 3774 Dominus
1473 3711 1637 3774 Deus
1697 3721 1865 3786 tuuS,

381 3808 542 3871 Deus
577 3829 740 3870 unus
771 3815 896 3888 est3
923 3815 1006 3882 et,
1033 3809 1266 3891 Diliges
1297 3809 1638 3872 Dominum
1667 3811 1868 3880 Deum

381 3915 558 3968 tuum
597 3925 677 3970 ex
717 3915 850 3970 toto
887 3907 1074 3970 corde
1115 3916 1246 3982 tue,
1279 3915 1344 3969 et
1379 3927 1457 3970 ex
1495 3916 1624 3971 tota
1657 3908 1871 3971 anima

378 4011 502 4078 tua,
545 4013 610 4066 et
647 4023 726 4066 ex
770 4011 902 4068 tota
940 4005 1173 4068 virtute
1219 4013 1342 4067 tua.
1388 4006 1682 4079 Quaedam
1722 4025 1872 4071 vero

382 4101 746 4165 interiorem
803 4103 1130 4166 hominem
1199 4122 1602 4186 nequaquam
1661 4105 1871 4167 refici-

2392 3279 2895 3345 CAPITULUM
2952 3277 3067 3342 IV.

2094 3426 2180 3481 De
2206 3427 2448 3497 yemina
2476 3426 2775 3482 sententia
2804 3427 2971 3481 circa
3001 3423 3368 3480 intellectum

2440 3531 2633 3572 sacroe
2656 3517 2798 3572 Scri
2796 3521 3017 3588 pturoe.

2121 3713 2169 3776 E
2212 3713 2311 3776 his
2355 3713 2547 3795 igitur
2584 3731 2726 3794 quae
2765 3712 2831 3774 in
2870 3711 3217 3793 Scripturis
3256 3718 3472 3794 aperte

2147 3819 2211 3874 et
2258 3811 2396 3873 sine
2444 3809 2827 3874 difficultate
2875 3810 3197 3884 dicuntur,
3250 3828 3469 3890 possu-

1981 3930 2125 3974 mus
2174 3917 2535 3974 constanter
2574 3909 2817 3992 aliquid
2863 3909 3189 3971 affirmare
3236 3915 3301 3969 et
3339 3925 3471 3969 cer-

1981 4018 2110 4072 tam
2172 4008 2455 4091 proferre
2517 4008 2915 4071 sententiam.
2980 4007 3067 4068 Ea
3121 4023 3273 4069 vero
3329 4025 3471 4087 quae

1981 4107 2256 4190 Spiritus
2287 4108 2552 4170 Sanctus
2584 4105 2927 4188 Scripturis
2962 4103 3231 4168 inseruit
3259 4112 3322 4166 et
3351 4103 3473 4165 dif-

381 4209 510 4274 unt,
553 4202 666 4263 sed
716 4201 926 4283 potius
974 4202 1217 4264 cladem
1266 4203 1496 4266 erroris
1543 4203 1868 4280 inducent,
1903 4206 1950 4267 D
1980 4205 2267 4269 ficultate
2296 4206 2568 4288 quadam
2600 4204 2855 4278 velavit,
2888 4221 3215 4265 reservans
3246 4221 3319 4264 ea
3350 4220 3475 4264 me-

381 4307 437 4360 et
472 4299 652 4362 laesio
696 4299 896 4380 magis
937 4319 1128 4382 quam
1167 4300 1507 4364 aedificatio
1543 4321 1620 4363 ex
1649 4319 1869 4364 eorum

383 4397 648 4461 lectione
677 4406 998 4480 sequetur,
1033 4399 1158 4461 nisi
1186 4400 1522 4480 allegorice
1555 4419 1872 4482 exponan-

383 4505 498 4574 tur,
515 4506 580 4562 et
610 4497 1079 4562 examinatione
1108 4498 1456 4581 spiritualis
1489 4499 1652 4580 ignis
1685 4499 1873 4561 emol-

151 4607 359 4661 [mutas.
387 4599 638 4672 liantur,
673 4597 841 4660 sicut
877 4605 974 4660 est
1014 4597 1170 4658 illud
1204 4615 1224 4684 :-
1253 4597 1392 4660 Sint
1429 4597 1632 4660 lumbi
1675 4598 1866 4661 vestri

386 4695 729 4776 praecincti,
755 4703 821 4757 et
852 4696 1126 4758 lucernae
1155 4696 1446 4757 ardentes
1477 4695 1543 4756 in
1575 4696 1868 4759 manibus

169 4804 256 4848 1⁵1³.
273 4821 362 4862 uu.
385 4796 604 4857 vestris
627 4812 645 4874 3
677 4802 762 4868 et,
789 4794 906 4867 Qui
937 4812 1065 4856 non
1096 4793 1285 4855 habet
1311 4793 1617 4874 gladium,
1643 4796 1870 4857 vendat

149 4867 198 4907 2⁶.

149 4991 199 5030 38.

167 4927 362 4985 yma,
385 4893 660 4956 tunicam
709 4911 892 4954 suam
939 4900 1001 4953 et
1050 4898 1216 4953 emat
1263 4891 1546 4972 gladium
1571 4911 1600 4972 3-
1627 4901 1710 4968 et,
1752 4893 1869 4967 Qui

386 5008 506 5053 non
533 4990 771 5073 accipit
799 5009 1058 5052 crucem
1095 5009 1276 5052 suam
1314 4999 1378 5053 et
1415 4991 1705 5073 sequitur
1744 5011 1866 5068 me,

387 5107 507 5152 non
545 5098 644 5152 est
687 5109 790 5152 me
831 5089 1080 5170 dignus.
1124 5090 1324 5163 Quare
1366 5091 1627 5171 quidam
1666 5092 1872 5155 distri-

161 5188 650 5250 120...1‚2.etissimi
683 5187 1000 5262 monachi,
1025 5187 1330 5250 habentes
1361 5188 1568 5250 zelum
1598 5190 1732 5264 Dei,
1761 5192 1869 5253 sed

391 5303 510 5349 non
567 5287 925 5349 secundum
982 5285 1340 5362 scientiam,
1401 5287 1693 5351 fecerunt
1747 5289 1872 5352 sibi

1980 4304 2272 4368 ditationi
2327 4302 2889 4384 exercitationique
2947 4309 3198 4375 nostrae,
3250 4300 3471 4363 volens

1980 4422 2055 4465 ea
2092 4403 2305 4484 colligi
2345 4410 2408 4464 et
2448 4401 2705 4483 agnosci
2744 4401 3067 4484 opinative
3106 4407 3170 4462 et
3206 4398 3470 4482 quibus·

1980 4502 2126 4564 dam
2184 4499 2461 4574 indiciis,
2512 4499 2746 4562 debent
2804 4500 2896 4562 sic
2957 4498 3347 4581 pedetentim
3404 4505 3468 4559 et

1981 4607 2162 4661 caute
2201 4597 2477 4672 tractari,
2511 4604 2581 4659 ut
2622 4598 2887 4660 assertio
2924 4615 3147 4659 eorum
3185 4602 3296 4658 aut
3328 4612 3473 4658 con-

1980 4697 2263 4758 firmatio
2311 4695 2706 4777 relinquatur
2752 4695 3014 4757 arbitrio
3063 4692 3471 4776 suscipientis

1978 4804 2086 4857 aut
2115 4794 2484 4857 dubitantis.
2520 4793 2843 4856 Interdum
2883 4793 3126 4875 quippe
3161 4810 3363 4874 quum
3393 4791 3471 4854 de

1981 4915 2106 4957 una
2144 4894 2408 4956 materia
2449 4893 2699 4955 diversa
2741 4891 2944 4955 fertur
2985 4891 3224 4974 opinio,
3267 4896 3474 4971 potest

1980 5001 2246 5075 utraque
2277 4992 2671 5055 rationabilis
2696 4991 2995 5074 judicari,
3028 4999 3090 5052 et
3119 4990 3257 5052 sine
3287 4987 3475 5050 detri-

1983 5101 2195 5155 mento
2242 5091 2398 5154 fidei
2448 5091 2687 5173 suscipi
2735 5090 2866 5153 fixe
2913 5099 3023 5153 aut
3073 5089 3300 5163 medie,
3350 5088 3471 5149 hoc

1979 5198 2096 5264 est,
2117 5197 2187 5252 ut
2216 5191 2309 5252 eis
2339 5209 2456 5252 nec
2488 5189 2676 5271 plene
2706 5190 3019 5264 credatur,
3038 5207 3155 5252 nec
3184 5185 3471 5250 absolute

1981 5289 2491 5368 contradicatur3
2530 5295 2594 5350 et
2631 5288 2829 5370 priori
2869 5287 3161 5370 opinioni
3198 5301 3470 5368 sequens
