4359 6267
184 1897 251 1939 Jer.
265 1911 288 1942 ι.
301 1901 354 1939 10.

1055 544 1470 591 COLLATloNUM
1514 546 1599 590 SS.
1642 547 1884 592 PATRUM
1925 547 2100 593 LIBER
2142 548 2205 592 11.
2251 567 2332 575 —
2373 548 2659 595 COLLATIO
2700 551 2805 594 xlv

3364 527 3483 592 303

401 710 768 792 exstirpare?
806 712 1210 795 Consequens
1253 734 1527 798 namque
1559 723 1654 776 est
1686 722 1754 776 ut
1785 715 1874 776 di·
1907 715 1960 775 A
1991 716 2229 777 scimus
2288 718 2653 798 apostolicis
2713 736 3076 779 coruscasse
3136 715 3480 778 miraculiS.

402 816 560 869 catur
595 827 720 871 non
763 829 949 893 posse
985 813 1062 874 ad
1102 813 1324 875 altiora
1364 814 1728 894 procedere,
1764 814 1872 894 qui

401 905 660 986 planiora
719 917 783 970 et
834 910 1120 972 faciliora
1178 913 1346 973 mala
1404 931 1529 974 non
1579 912 1804 974 vicerit
1858 930 1871 973 ε

401 1005 704 1088 multoque
756 1008 970 1070 minus
1021 1011 1455 1092 apprehendet
1497 1019 1559 1072 et
1603 1012 1762 1073 sciet
1803 1029 1875 1073 ea

397 1124 522 1184 quae
557 1105 951 1170 extrinsecus
995 1117 1163 1181 sunt,
1196 1110 1307 1191 qui
1353 1109 1707 1191 intelligere
1748 1128 1873 1172 non

397 1203 584 1282 potuit
630 1223 704 1265 ea
751 1224 894 1286 quae
947 1206 1070 1268 sibi
1132 1207 1370 1270 insunt.
1424 1209 1872 1270 Verumtamen

395 1318 792 1380 agnoscamus
835 1305 1004 1384 quod
1044 1305 1286 1387 duplici
1332 1305 1527 1368 labori
1577 1307 1872 1368 insudan-

395 1398 530 1460 dum
578 1401 658 1462 sit
707 1402 915 1474 nobiS‚
962 1411 1089 1466 'tam
1142 1404 1206 1466 in
1257 1404 1431 1466 vitiis
1481 1405 1872 1487 expellendis

395 1515 570 1576 quam
613 1498 677 1560 in
723 1499 1070 1564 virtutibus
1113 1503 1539 1583 acquirendis.
1582 1504 1708 1565 Nec
1755 1504 1872 1565 hoc

398 1596 663 1676 capimus
703 1616 779 1660 ex
826 1601 1085 1682 propria
1122 1602 1510 1682 conjectura,
1545 1603 1654 1664 sed
1699 1603 1872 1664 illius

397 1696 688 1757 sententia
730 1699 841 1777 qui
888 1699 1060 1760 solus
1104 1701 1427 1781 cognoscit
1466 1702 1633 1762 vires
1679 1709 1742 1762 et
1780 1720 1871 1763 ra-

397 1791 617 1855 tionem
646 1796 890 1877 opificii
933 1798 1054 1872 sui,
1088 1799 1196 1880 qui
1233 1799 1316 1860 ait
1352 1819 1464 1880 per
1495 1801 1862 1881 prophetam

1989 815 2302 887 Quosdam
2336 816 2605 878 delectat
2639 816 2817 898 pium
2854 816 3232 897 obsequium
3272 815 3485 896 hospi-

1992 913 2247 974 talitatis
2310 923 2371 976 ct
2429 915 2852 995 susceptionis
2918 922 3026 976 aut
3082 913 3480 986 xenodochii,

1988 1031 2102 1092 per
2140 1013 2309 1092 quod
2359 1012 2673 1075 Abraham
2728 1013 3080 1095 patriarcha
3107 1021 3167 1073 et
3202 1012 3315 1074 Lot
3354 1013 3482 1074 Deo

1987 1110 2139 1172 olim
2175 1111 2573 1191 placuerunt,
2607 1120 2669 1172 et
2700 1130 2904 1193 nuper
2933 1111 2998 1173 B.
3034 1111 3361 1182 MacariuS,
3384 1109 3483 1171 vir

1987 1208 2329 1288 singularis
2364 1210 2868 1272 mansuetudinis
2899 1228 2971 1272 ac
3003 1209 3343 1291 patientiae,
3369 1208 3480 1290 qui

1985 1308 2155 1389 apud
2187 1307 2630 1369 Alexandriam
2672 1308 2757 1370 ita
2798 1307 3053 1389 praefuit
3090 1307 3481 1389 hospitalita-

1987 1406 2032 1466 ti
2075 1413 2185 1467 aut
2228 1405 2642 1479 xenodochio,
2689 1414 2756 1467 ut
2801 1406 3150 1467 credendus
3195 1405 3277 1466 sit
3318 1404 3480 1466 nulli

1984 1493 2206 1566 eorum
2249 1523 2387 1566 esse
2432 1504 2696 1566 inferior
2738 1505 2848 1586 qui
2895 1503 3239 1566 solitariam
3284 1504 3479 1566 vitam

1985 1610 2268 1684 egerunt.
2305 1603 2493 1665 Porro
2532 1603 2791 1685 quidam
2830 1603 3135 1684 eligentes
3179 1610 3481 1684 aegrotan-

1982 1700 2152 1762 tibus
2203 1701 2463 1775 servire,
2506 1701 2613 1763 alii
2667 1720 2781 1783 pro
2830 1701 3081 1764 miseris
3124 1709 3188 1762 et
3229 1719 3484 1783 oppres-

1981 1799 2067 1860 sis
2101 1800 2507 1874 intervenire,
2541 1809 2650 1862 aut
2680 1801 2981 1863 doctrinae
3013 1801 3340 1874 instanteS‚
3374 1807 3483 1861 aut

391 1889 708 1954 Ieremiam
745 1911 759 1955 :
796 1895 956 1958 Ecce
1002 1899 1300 1959 constitui
1347 1905 1404 1959 te
1446 1899 1632 1961 hodie
1676 1919 1868 1981 super
1904 1896 1952 1959 B
1981 1898 2449 1980 eleemosynam
2478 1898 2866 1980 pauperibus
2898 1898 3485 1979 largienteS‚vig11e-

388 1997 593 2069 gentes
638 1999 701 2053 et
749 2013 944 2075 super
991 2015 1204 2077 regna,
1252 2007 1320 2060 ut
1363 1999 1619 2071 evellaS,
1661 2005 1724 2061 et
1767 2000 1868 2060 de·

389 2093 600 2164 struas,
620 2098 681 2151 et
711 2091 1060 2173 disperdas,
1087 2103 1150 2156 et
1178 2097 1470 2179 dissipeS,
1496 2105 1558 2160 et
1587 2097 1867 2159 aedifices

389 2194 444 2247 et
488 2187 746 2269 plantes.
802 2192 870 2252 In
930 2195 1303 2276 expulsione
1360 2197 1600 2278 quippe
1654 2215 1866 2258 rerum

389 2285 702 2349 noxiarum
773 2289 1122 2355 insinuavit
1184 2303 1454 2376 quatuor
1515 2296 1870 2358 necessaria

388 2400 514 2444 esse
547 2401 560 2445 :
593 2384 656 2447 id
685 2395 805 2461 est,
837 2389 1133 2464 evellere,
1166 2392 1511 2467 destruere,
1547 2394 1867 2475 disperde-

389 2499 468 2554 re,
501 2483 825 2566 dissipare.
861 2488 930 2548 In
976 2489 1386 2569 perficiendis
1431 2511 1580 2554 vero
1620 2493 1868 2554 virtuti-

388 2578 498 2641 bus
525 2589 586 2642 et
615 2582 680 2644 in
709 2585 1117 2666 acquirendis
1147 2587 1248 2650 his
1279 2609 1420 2670 quae
1449 2591 1524 2652 ad
1553 2590 1868 2670 justitiam

390 2679 715 2758 pertinent,
749 2683 876 2746 duo
923 2691 1168 2748 tantum
1214 2689 1569 2750 necessaria
1611 2709 1750 2751 esse
1791 2690 1870 2752 si-

385 2779 587 2856 gnavit
619 2797 632 2840 :
670 2779 733 2842 id
763 2789 881 2855 est,
914 2783 1232 2847 aedificare
1263 2794 1325 2848 et
1356 2786 1658 2868 plantare.
1696 2788 1870 2850 Unde

391 2875 614 2958 liquido
662 2888 856 2962 patet,
900 2884 1068 2964 quod
1112 2885 1449 2949 difficilius
1493 2888 1575 2948 sit
1620 2887 1868 2949 inolitas

389 2979 653 3058 corporis
705 2987 768 3041 et
816 2983 1044 3045 animae
1103 2985 1427 3065 passiones
1487 2986 1760 3048 evellere
1807 2993 1869 3047 et.

1981 2008 2150 2072 runt,
2184 2008 2247 2062 et
2278 2001 2626 2082 computati
2671 2009 2821 2064 sunt
2850 2019 2967 2083 pro
3001 2019 3115 2063 suo
3150 2000 3387 2063 affectu
3418 2007 3482 2063 et

1979 2098 2213 2179 pietate
2257 2099 2422 2160 inter
2466 2118 2727 2182 magnos
2772 2108 2835 2162 et
2878 2117 3163 2162 summos
3206 2099 3395 2161 viroS.

2415 2389 2918 2453 CAPITULUM
2964 2389 3047 2453 V.

2296 2565 2382 2620 De
2432 2570 2699 2636 arreptoe
2744 2565 3159 2636 professionis

2479 2655 2963 2726 perseverantia.

1988 2873 2569 3074 QUAPROPTER
2618 2878 2737 2940 hoc
2788 2877 3134 2960 unicuique
3184 2878 3339 2940 utile
3391 2886 3479 2941 at-

2144 2995 2269 3057 que
2302 2977 2687 3038 conveniens
2717 2985 2832 3050 est,
2859 2984 2928 3037 ut
2958 2977 3310 3038 secundum
3346 2995 3480 3059 pro-

387 3077 712 3152 eradicare,
767 3099 958 3161 quam
1018 3083 1380 3164 spirituales
1442 3085 1709 3147 virtutes
1768 3104 1869 3146 ex-
1906 3083 1950 3146 C
1980 3075 2259 3156 positum
2315 3075 2485 3155 q1¹0d
2540 3075 2750 3154 elegit,
2802 3094 2913 3136 seu
2970 3074 3236 3154 gratiam
3294 3093 3477 3138 VOCa-

387 3179 612 3238 struere
655 3195 730 3238 ac
777 3178 1079 3259 plantare.

782 3467 1288 3533 CAPITULUM
1346 3471 1462 3534 IV.

421 3651 579 3717 Quod
605 3652 874 3707 actualis
911 3653 1042 3707 vita
1079 3654 1390 3710 derivetur
1417 3655 1584 3711 circa
1611 3657 1831 3712 multas

737 3741 1152 3813 professiones
1179 3750 1236 3798 et
1263 3745 1491 3801 studia.

522 3955 638 4018 :Ec
703 3954 899 4036 igitur
958 3957 1255 4038 practica,
1308 3977 1450 4040 quae
1503 3957 1569 4019 in
1618 3957 1868 4020 duobus

547 4055 753 4118 modis
800 4055 1108 4128 consistit,
1154 4063 1224 4118 ut
1267 4057 1504 4117 dictum
1553 4064 1669 4130 est,
1714 4056 1866 4118 divi-

385 4157 541 4220 ditur
577 4158 752 4219 circa
796 4155 1026 4216 multas
1073 4155 1496 4236 professiones
1536 4163 1599 4218 et
1638 4156 1862 4218 studia.

1982 3172 2170 3234 tionis
2235 3191 2427 3254 quam
2492 3173 2759 3254 accepit,
2822 3190 3073 3235 summo
3136 3173 3346 3237 studio
3404 3195 3477 3238 ac

1978 3271 2309 3352 diligentia
2350 3271 2606 3334 festinet
2646 3272 2977 3354 pervenire
3016 3272 3093 3333 ad
3133 3273 3343 3354 operis
3386 3294 3480 3336 ar-

1979 3371 2142 3451 repti
2194 3377 2255 3431 et
2300 3377 2498 3432 status
2546 3371 2856 3453 assumpti
2902 3369 3383 3453 perfectionem,
3415 3381 3480 3436 et

1977 3469 2249 3532 aliorum
2282 3469 2549 3531 virtutes
2589 3470 2911 3531 admirans
2950 3489 3023 3532 ac
3057 3471 3341 3544 laudans,
3373 3491 3480 3535 ne-

1979 3587 2297 3650 quaquam
2330 3567 2611 3629 discedat
2640 3587 2677 3629 a
2707 3587 2821 3629 sua
2862 3568 3255 3649 professione
3284 3589 3475 3652 quam

1979 3666 2176 3728 semel
2228 3666 2419 3746 elegit
2472 3684 2485 3727 :
2540 3667 2748 3728 sciens
2809 3686 3007 3728 unum
3058 3686 3197 3729 esse
3248 3686 3477 3750 corpus
3522 3691 3770 3746 Romana,

1979 3764 2278 3826 Ecclesiae
2312 3762 2638 3844 multaque
2671 3762 2978 3837 membra,
3012 3772 3075 3826 et
3106 3764 3338 3827 habere
3368 3765 3479 3828 Ec·
3506 3757 3591 3798 ⁶⁶⁸·

1979 3863 2239 3925 clesiam
2271 3862 2634 3925 donationes
2666 3863 3014 3924 secundum
3040 3864 3305 3944 gratiam
3338 3883 3478 3946 quae

1979 3962 2121 4023 data
2179 3968 2275 4022 est
2324 3959 2509 4022 nobis
2568 3959 2962 4033 differente&
3015 3961 3148 4022 sive
3209 3963 3477 4043 prophe-

1981 4061 2132 4122 tiam
2175 4060 2527 4121 secundum
2569 4059 2879 4120 rationem
2918 4058 3095 4132 fidei,
3130 4059 3264 4121 sive
3298 4061 3480 4122 mini-

1979 4159 2245 4221 sterium
2288 4157 2352 4218 in
2396 4157 2835 4231 ministrandO,
2869 4155 3002 4218 sive
3042 4157 3153 4237 qui
3194 4157 3376 4220 docet
3411 4158 3476 4220 in

385 4256 632 4329 Quidam
677 4254 853 4317 enim
903 4252 1438 4336 principalitatem
1491 4275 1620 4318 sua>
1670 4255 1870 4316 inten-
1900 4267 1948 4327 D
1979 4255 2413 4338 doctrina‚qui
2446 4256 2812 4317 exhortatur
2845 4254 2907 4315 in
2940 4254 3475 4337 exhortando,qui

387 4355 560 4418 tionis
599 4354 1003 4418 constituunt
1043 4353 1211 4414 cirea
1251 4354 1479 4414 deserti
1529 4362 1768 4416 secreta
1807 4363 1870 4416 et

383 4454 564 4516 animi
600 4453 969 4535 puritatem,
1005 4459 1074 4512 ut
1101 4451 1256 4514 olim
1297 4451 1463 4514 Elias
1503 4460 1566 4513 et
1597 4452 1864 4526 EliseuS,

385 4560 440 4613 et
475 4553 704 4614 nostris
746 4549 1144 4632 temporibus
1182 4550 1246 4611 Β.
1283 4551 1614 4624 AntoniuS,
1658 4558 1721 4611 et
1758 4551 1866 4612 alii

385 4658 709 4712 sectatores
758 4648 1048 4728 ejusdem
1094 4647 1425 4730 propositi,
1459 4649 1569 4730 qui
1615 4668 1728 4731 per
1771 4667 1867 4711 so-

387 4747 658 4811 litudinis
710 4746 1044 4810 silentium
1090 4754 1152 4808 et
1200 4747 1481 4828 quietem
1531 4749 1731 4810 Deum
1780 4747 1868 4810 fa-

387 4846 804 4909 miliarissime
845 4844 1251 4926 quaesierunt.
1287 4845 1552 4919 Quidam
1595 4865 1865 4927 apposu-

384 4954 554 5008 erunt
614 4963 876 5008 omnem
945 4943 1442 5006 sollicitudinem
1510 4945 1704 5006 studii
1767 4945 1864 5008 sui

385 5043 538 5106 circa
579 5046 872 5107 Fratrum
917 5043 1333 5106 directionem
1379 5051 1440 5105 et
1485 5063 1700 5106 curam
1747 5064 1868 5107 coe-

387 5143 706 5206 nobiorum
739 5141 1142 5224 pervigilem,
1166 5148 1236 5202 ut
1265 5160 1470 5224 nuper
1499 5143 1564 5204 B.
1599 5144 1866 5205 Joannes

387 5242 484 5322 qui
526 5242 591 5304 in
631 5241 847 5304 vicina
889 5239 1145 5302 civitate
1187 5239 1440 5321 praefuit
1482 5241 1702 5322 grandi
1743 5261 1865 5305 coe-

389 5339 585 5415 nobio,
644 5347 710 5403 et
771 5339 882 5402 alii
941 5337 1202 5421 quidam
1264 5338 1324 5401 ei
1383 5338 1646 5414 simileS,
1706 5358 1865 5422 quos

1979 4355 2203 4418 tribuit
2245 4355 2309 4415 in
2352 4354 2783 4435 simplicitate,
2819 4352 2927 4434 qui
2976 4362 3201 4434 praeest
3246 4353 3311 4415 in
3354 4355 3475 4417 sol-

1978 4454 2333 4527 licitudine,
2368 4453 2478 4534 qui
2513 4452 2851 4514 miseretur
2884 4451 2947 4512 in
2980 4451 3312 4515 hilaritate.
3347 4453 3476 4516 Nec

1978 4553 2150 4615 enim
2192 4551 2322 4612 ulla
2360 4549 2672 4612 naturalia
2718 4549 3003 4612 membra
3047 4559 3313 4631 possunt
3350 4552 3472 4615 sibi

1977 4651 2301 4714 vindicare
2335 4649 2688 4711 ministeria
2716 4649 2986 4710 aliorum
3019 4649 3470 4726 membrorum,

1977 4749 2127 4832 quia
2175 4767 2290 4810 nec
2340 4748 2508 4809 oculi
2560 4753 2827 4808 utuntur
2872 4746 3091 4811 officio
3140 4767 3467 4825 manuum,

1976 4868 2094 4910 nec
2138 4867 2322 4910 nares
2371 4857 2669 4908 exercent
2713 4845 3007 4907 officium
3054 4846 3325 4909 aurium.
3373 4849 3468 4910 Id-

1976 4947 2147 5008 circo
2177 4964 2305 5007 non
2337 4963 2558 5006 omnes
2590 4943 2896 5025 Apostoli,
2921 4961 3045 5005 non
3078 4961 3297 5006 omnes
3328 4947 3469 5008 Pro·
3494 4966 3551 5069 29¹
3567 4966 3760 5019 comm,

3550 5058 3562 5079 ,
3585 5032 3651 5072 3⁰.

1974 5046 2203 5127 phetae,
2248 5062 2372 5106 non
2422 5061 2643 5105 omnes
2692 5043 3020 5120 doctores3
3070 5060 3195 5104 non
3245 5061 3466 5106 omnes

1974 5143 2211 5206 habent
2266 5143 2532 5224 gratiam
2593 5141 3014 5214 curationum,
3068 5158 3192 5202 non
3245 5159 3466 5204 omnes

1976 5244 2326 5324 loquuntur
2383 5240 2637 5322 linguis,
2698 5258 2825 5303 non
2882 5256 3104 5300 omnes
3162 5239 3467 5323 interpre-

1973 5349 2207 5404 tantur.
