4359 6267
599 1498 792 1542 Ionan-x

598 1565 667 1605 26.

628 1695 745 1740 ibid.
775 1701 841 1741 21.

601 1993 661 2038 ΙΙ
658 2008 864 2044 ηηηηηηηη

604 2059 667 2099 10.

598 3775 865 3828 locun-xvii,

599 3842 665 3888 21,
691 3843 756 3882 23.

626 4072 742 4116 Ibtd.
766 4076 832 4117 24.

894 506 1014 572 260

1285 778 1788 843 CAPITULUM
1850 777 2000 841 VII.

941 961 1016 1018 In
1045 978 1162 1035 quo
1190 963 1482 1020 consistat
1510 963 1657 1034 finis
1686 969 1889 1020 noster·
1916 979 2020 1020 seu
2049 963 2359 1022 beatitudo

1492 1055 1790 1127 perfecta.

1027 1287 1176 1350 UNC
1219 1288 1391 1351 enim
1443 1287 1508 1351 in
1553 1288 1738 1353 nobis
1787 1291 2068 1372 perfecte
2118 1293 2395 1374 comple-

1043 1386 1218 1448 bitur
1269 1388 1470 1450 oratio
1523 1388 1862 1452 Salvatoris
1918 1408 2043 1472 qua
2093 1409 2210 1472 pro
2263 1392 2395 1455 suis

797 1513 867 1551 vn,
896 1484 1102 1547 oravit-
1144 1485 1501 1568 discipuliS,
1547 1487 1813 1569 loquens
1855 1490 1933 1551 ad
1978 1489 2223 1551 Patrem
2264 1509 2278 1554 :
2320 1490 2395 1552 Ut

897 1583 1154 1646 dilectio
1198 1604 1324 1667 qua
1367 1585 1645 1649 dilexisti
1692 1606 1815 1663 me,
1864 1587 1930 1649 in
1975 1586 2132 1670 ipsis
2179 1588 2285 1664 sit,
2332 1596 2395 1652 et

898 1682 1020 1765 ipsi
1055 1684 1115 1746 in
1153 1684 1380 1764 nobis3
1423 1692 1486 1747 et
1525 1685 1780 1760 iterum,
1815 1687 1891 1748 Ut
1927 1704 2148 1750 omnes
2192 1707 2391 1750 unum

897 1782 1045 1856 sint,
1089 1783 1252 1844 sicut
1293 1791 1384 1856 tu,
1427 1784 1626 1858 Pater,
1671 1784 1734 1846 in
1778 1804 1900 1859 me,
1941 1793 2002 1848 et
2041 1803 2158 1866 ego
2200 1787 2265 1848 in
2305 1793 2388 1862 te,

2424 733 2474 797 A

1631 532 2046 580 COLLATIONUM
2087 534 2173 578 SS.
2208 534 2451 580 Panum
2491 533 2667 580 LIBER
2708 535 2747 579 Ι.
2793 553 2874 561 -
2913 533 3201 582 commo
3240 535 3283 580 X

2878 780 3383 845 CAPITULUM
3442 781 3627 845 VIII.

2506 963 2917 1037 Interroqatio
2955 967 3029 1022 de
3070 967 3418 1024 eruditione
3455 966 3863 1040 perfectionis
3892 981 4009 1039 per

2575 1070 2755 1127 quam
2794 1057 3098 1128 possimus
3140 1057 3225 1113 ad
3268 1057 3705 1113 indesinentem
3747 1057 3863 1112 Dei
3899 1072 4010 1112 me-

2575 1145 2833 1201 moriam
2863 1146 3207 1216 pervenire.

2649 1386 3009 1451 ERMANUS
3057 1406 3072 1451 :
3119 1389 3410 1471 Amplior
3455 1389 3827 1470 magnitudo
3876 1398 4007 1452 stu·

2674 1487 2847 1568 poris
2891 1487 3117 1550 crescit
3156 1488 3342 1551 nobis
3385 1508 3462 1552 ex
3502 1489 3624 1563 his,
3662 1507 3857 1572 supra
3896 1491 4003 1552 ad-

2507 1584 2906 1648 mirationem
2938 1587 3301 1668 praehabitae
3332 1587 3709 1662 collationis,
3744 1597 4005 1671 propter

2503 1701 2692 1764 quam
2726 1684 3117 1746 recurrimus
3148 1685 3332 1748 istuc.
3359 1685 3675 1759 Quantum
3704 1686 3881 1748 enim
3914 1687 4007 1748 in·

2505 1780 2913 1844 flammemur
2956 1782 3272 1845 desiderio
3324 1783 3623 1866 perfectae
3664 1784 4005 1847 beatitudi—

896 1887 966 1942 ut
998 1889 1062 1942 et
1096 1881 1215 1963 ipsi
1259 1883 1324 1943 in
1365 1882 1550 1945 nobis
1592 1903 1792 1945 unum
1831 1884 1996 1963 sint3
2036 1886 2293 1967 quando
2329 1894 2391 1947 et
2428 1883 2476 1946 B
2505 1880 2605 1943 nis
2637 1899 2713 1942 ex
2740 1881 3153 1944 incitamento
3184 1882 3376 1962 hujus
3407 1883 4004 1956 doctrinamentum

896 1978 1178 2061 perfecta
1232 1980 1339 2043 illa
1396 1980 1653 2044 dilectio
1706 2001 1831 2064 qua
1881 1983 2168 2045 Christus
2219 1983 2393 2064 prior

895 2078 1117 2140 dilexit
1158 2097 1296 2152 neS,
1333 2079 1653 2142 ‘transierit
1699 2078 1762 2141 in
1809 2080 2016 2142 cordis
2060 2082 2257 2144 nostri
2304 2081 2394 2144 af-

896 2176 1159 2250 fectum,
1222 2184 1520 2258 praetacta
1577 2177 1808 2240 Christi
1872 2177 2153 2241 oratione
2218 2196 2389 2241 com·

895 2275 1084 2357 pleta,
1133 2294 1325 2357 quam
1374 2276 1693 2338 credimus
1741 2275 1919 2338 nullo
1968 2277 2156 2340 modo
2207 2296 2391 2359 posse

892 2374 1146 2435 cassari.

971 2472 1146 2545 Quod
1190 2471 1304 2534 fiet
1340 2491 1540 2555 quum
1583 2473 1792 2536 omnis
1829 2492 2027 2548 amor,
2062 2492 2251 2536 omne
2289 2475 2393 2537 de-

889 2571 1198 2633 siderium
1251 2590 1324 2633 ac
1377 2571 1687 2647 studium,
1738 2573 1948 2635 omnis
2006 2581 2269 2636 conatus
2328 2581 2391 2635 et

890 2670 1100 2732 omnis
1145 2669 1442 2750 cogitatio
1485 2678 1720 2745 nostra,
1767 2689 1956 2734 omne
1999 2672 2167 2754 quod
2214 2671 2387 2734 vide-

891 2789 1034 2832 mus
1065 2777 1125 2831 et.
1159 2769 1504 2849 loquimur,
1530 2770 1696 2833 Deus
1725 2770 1878 2848 erit3
1912 2777 1975 2831 et
2005 2771 2215 2832 unitas
2247 2790 2388 2851 quae

889 2889 1062 2931 nunc
1091 2876 1184 2931 cst
1217 2868 1377 2932 Patri
1413 2887 1560 2931 cum
1601 2869 1760 2932 Filio
1799 2877 1861 2932 et
1900 2870 2058 2932 Filio
2099 2888 2248 2931 cum
2281 2871 2387 2933 Pa·
2418 2865 2423 2872 ’

885 2978 1001 3042 tre,
1036 2966 1351 3030 transfusa
1381 2967 1572 3029 fuerit
1607 2967 1672 3029 in
1703 2986 1959 3029 sensum
1992 2975 2281 3030 nostrum
2313 2987 2387 3030 ac

2505 1979 2731 2061 majori
2763 1980 3203 2062 desperatione
3245 1981 3607 2062 dejicimur,
3642 1982 4005 2064 ignorantes

2503 2079 2778 2160 qualiter
2828 2087 3122 2161 expetere
3175 2087 3283 2141 aut
3336 2080 3625 2144 obtinere
3682 2082 4005 2162 possimus

2503 2176 2912 2260 disciplinam
2946 2196 3020 2240 ac
3061 2186 3296 2240 statum
3335 2187 3526 2242 tantae
3560 2179 3999 2243 sublimitat-is

2504 2277 2839 2358 Propterea
2876 2296 3242 2358 quaesumus
3280 2286 3351 2339 ut
3389 2278 3705 2360 patienter
3744 2279 4006 2361 permit-

2506 2383 2598 2437 tas
2641 2375 2945 2457 explicari
2990 2394 3027 2437 a
3068 2375 3255 2438 nobis
3297 2395 3367 2438 ea
3412 2396 3555 2459 quae
3598 2377 3663 2440 in
3707 2378 3869 2440 cella
3914 2399 4007 2442 se-

2504 2475 2726 2536 dentes
2776 2491 3174 2555 coeperamus
3220 2475 3546 2538 revolvere
3588 2476 4005 2541 meditatione

2504 2573 2771 2646 diutina,
2806 2571 2957 2654 quia
2995 2567 3255 2635 necesse
3284 2580 3381 2636 est
3409 2593 3483 2636 ea
3514 2574 3824 2656 proferre,
3858 2577 4007 2639 licet

2505 2671 2951 2755 prosecutione
2988 2670 3203 2734 forsan
3237 2670 3484 2754 loquaci
3513 2690 3529 2750 3
3560 2674 3857 2754 quamvis
3890 2676 4007 2736 sci·

2502 2789 2685 2833 amus
2740 2770 3200 2833 beatitudinem
3255 2779 3425 2832 tuam
3482 2789 3609 2834 non
3658 2771 3865 2836 solere
3918 2774 4007 2837 of-

2503 2869 2679 2932 fendi
2732 2868 2880 2930 ullis
2932 2869 3189 2950 ineptiis
3250 2868 3679 2944 infirmorum,
3729 2890 3877 2953 quae
3924 2871 4007 2934 ob

2504 2969 2623 3030 hoc
2666 2974 2815 3029 sunt
2859 2967 3253 3050 proferendae
3297 2967 3363 3029 in
3410 2969 3714 3044 medium,
3758 2979 3829 3032 ut
3876 2989 4006 3033 cor-

891 3073 1168 3128 mentem
1205 3083 1220 3128 z
1255 3066 1373 3128 hoc
1405 3073 1522 3140 est,
1548 3073 1616 3126 ut
1647 3065 2189 3147 quemadmodum
2219 3067 2385 3130 Deus
2428 3070 2472 3135 C
2503 3065 2789 3148 rigantur
2831 3085 2973 3148 quae
3016 3065 3081 3126 in
3127 3064 3219 3128 eis
3261 3065 3538 3129 absurda
3578 3075 3746 3130 sunt.

888 3164 1097 3245 diligit
1139 3182 1253 3226 nos
1304 3183 1464 3247 pura
1511 3172 1569 3226 ct
1623 3163 2050 3226 indissolubili
2101 3165 2384 3237 caritate,

890 3264 980 3325 ita
1018 3271 1078 3325 et
1117 3280 1231 3325 nos
1270 3263 1330 3325 ei
1370 3262 1716 3344 jungamur
1758 3262 2098 3325 dilectione
2144 3264 2389 3346 insepa-

891 3362 1078 3426 rabili
1122 3370 1311 3442 atque
1355 3369 1684 3443 perpetua,
1729 3361 1786 3423 ei
1831 3361 1924 3423 sic
1969 3362 2273 3443 copulati,
2320 3371 2390 3424 ut

895 3463 1060 3524 Deus
1101 3461 1182 3522 sit
1212 3460 1525 3542 quidquid
1557 3479 1911 3541 speramuS,
1947 3455 2386 3542 intelligimuS‚

894 3576 1233 3640 operamur
1261 3565 1366 3619 aut
1403 3558 1724 3640 loquimur
1749 3575 1765 3637 ;
1794 3557 1924 3640 jam
1956 3557 2218 3639 jamque
2251 3578 2389 3640 per-

893 3657 1222 3721 venientes
1261 3657 1338 3719 ad
1379 3656 1560 3719 illum
1603 3657 1802 3720 finem
1845 3677 2039 3740 quem
2083 3657 2391 3719 Dominus

893 3764 1070 3839 optat.
1101 3755 1164 3818 in
1196 3755 1382 3818 nobis
1424 3755 1701 3838 impleri,
1735 3756 1972 3819 orando
2007 3774 2020 3818 ε
2056 3757 2132 3818 Ut.
2169 3774 2392 3818 omnes

895 3856 1024 3919 sint
1054 3872 1276 3928 unum,
1311 3855 1477 3917 sicut
1514 3861 1578 3916 et
1610 3871 1724 3916 nos
1758 3873 1954 3916 unum
1998 3873 2242 3928 sumuS,
2278 3872 2393 3934 ego

896 3954 960 4016 in
1007 3953 1122 4027 eiS,
1167 3959 1227 4014 et
1275 3962 1342 4016 tu
1395 3954 1460 4015 in
1509 3973 1632 4028 me,
1673 3962 1742 4015 ut
1789 3953 1919 4015 sint
1966 3960 2026 4014 et
2081 3953 2200 4034 ipsi
2250 3971 2394 4015 con-

896 4052 1195 4116 summati
1242 4053 1305 4115 in
1348 4071 1589 4132 unum3
1622 4061 1684 4116 et
1716 4053 1969 4126 iterum,
2003 4053 2202 4126 Pater,
2236 4070 2393 4134 quos

895 4151 1124 4216 dedisti
1171 4151 1353 4226 mihi,
1387 4151 1530 4214 volo
1561 4160 1631 4213 ut
1661 4151 1771 4213 ubi
1813 4168 1930 4231 ego
1969 4170 2135 4222 sum,
2169 4158 2231 4212 et
2273 4149 2391 4232 ipsi

895 4253 1024 4315 sint
1068 4269 1342 4313 mecum.

985 4351 1100 4413 Hic
1149 4355 1245 4412 est
1295 4347 1447 4410 finis
1495 4346 1784 4421 solitarii,
1837 4347 1973 4410 haec
2020 4367 2158 4410 esse
2206 4346 2395 4410 debet

896 4450 1106 4513 omnis
1155 4447 1424 4510 intentio
1471 4446 1632 4528 ejuS,
1677 4454 1742 4508 ut
1795 4455 2110 4509 mereatur
2159 4445 2226 4508 in
2274 4445 2394 4508 boc

896 4565 1159 4629 corpore
1200 4545 1524 4626 possidere
1563 4543 1904 4624 imaginem
1937 4542 2261 4606 felicitatis
2300 4543 2397 4606 fu-

895 4654 1075 4720 turae,
1127 4643 1521 4725 incipiatque
1572 4642 1637 4704 in
1688 4643 1806 4704 hoc
1855 4642 2112 4704 vasculo
2157 4661 2394 4724 praegu-

896 4753 1061 4807 stare
1119 4742 1370 4804 arrham
1428 4741 1704 4804 coelestis
1765 4741 2264 4804 conversationis
2322 4760 2396 4804 ac

896 4841 1131 4924 gloriae.
1187 4840 1322 4914 Hic,
1374 4839 1659 4922 inquam,
1714 4847 1810 4901 est
1859 4839 2012 4902 finis
2060 4840 2397 4922 perfectio-

898 4941 998 5002 nis
1060 4939 1274 5013 totiuS,
1323 4945 1390 5000 ut
1455 4957 1635 5000 mens
1697 4945 2032 5000 extenuata
2085 4938 2166 5000 ab
2222 4939 2396 5002 omni

900 5038 1240 5102 affectione
1301 5036 1562 5110 carnali,
1623 5055 1700 5100 eo
1758 5056 1960 5118 usque
2017 5037 2401 5102 sublimetur

902 5137 1188 5220 quotidie
1227 5138 1304 5199 ad
1345 5135 1704 5218 spiritualia
1739 5142 2129 5216 etsuperna,
2164 5144 2233 5197 ut
2273 5144 2401 5199 tota

897 5254 1012 5298 sua
1063 5233 1479 5308 conversati0,
1526 5233 1734 5296 omnis
1782 5232 2005 5295 volitio
2053 5241 2116 5296 et
2157 5233 2401 5316 appeti-

902 5334 1009 5409 tio,
1055 5332 1172 5395 fiat
1215 5351 1341 5395 una
1379 5331 1551 5414 jugis
1601 5331 2126 5414 incessabilisque
2174 5331 2395 5397 oratic.

2599 3167 2816 3247 Itaque
2865 3165 3205 3246 opinamur
3253 3165 3685 3228 necessarium
3736 3186 3885 3230 esse
3940 3175 4005 3229 ut·

2502 3263 2810 3346 perfectio
2870 3261 3215 3343 cujuslibet
3272 3263 3426 3324 artis
3484 3282 3597 3325 seu
3644 3264 4007 3347 disciplinae

2500 3383 2537 3425 a
2580 3361 2963 3444 quibusdam
3016 3359 3319 3424 mollibus
3369 3361 3633 3444 incipiat
3679 3363 4008 3428 rudimen-

2502 3459 2605 3530 tis,
2652 3467 2716 3522 et
2758 3459 2966 3542 primo
3015 3458 3411 3522 facilioribus
3462 3460 3792 3523 imbuatur
3834 3471 4007 3526 tene·

2502 3558 2907 3640 rioribusque
2947 3557 3170 3632 initiis,
3206 3564 3277 3619 ut
3318 3559 3593 3640 quodam
3640 3560 4008 3623 rationabili

2504 3657 2664 3719 lacte
2702 3657 2963 3730 nutrita,
3006 3655 3313 3738 paulatim
3359 3665 3739 3730 succrescat,
3784 3659 4009 3742 sicque

2503 3755 2812 3838 gradatim
2860 3773 2933 3817 ac
2982 3754 3219 3817 sensim
3263 3756 3563 3818 ascendat
3603 3756 3683 3817 ab
3728 3757 3884 3821 imis
3932 3760 4010 3822 ad

2504 3873 2785 3934 summa3
2824 3873 3153 3936 quumque
3191 3853 3474 3934 ingressa
3512 3855 3605 3917 sic
3644 3854 3845 3918 fuerit
3884 3857 4011 3939 pla·

2506 3953 2685 4017 niora
2753 3952 3071 4034 principia
3132 3960 3195 4014 et
3252 3953 3723 4035 quodammodo
3778 3954 4009 4035 januas

2505 4059 2771 4133 arreptas
2831 4051 3267 4133 professioniS,
3329 4051 3659 4134 perveniet
3715 4053 4011 4116 ordinate

2505 4159 2565 4214 ct
2616 4151 2855 4232 absque
2908 4150 3120 4213 labore
3167 4151 3246 4213 ad
3294 4149 3596 4213 interiora
3642 4159 3703 4214 et
3752 4154 4012 4216 excelsa

2425 4255 2475 4316 D
2506 4247 2918 4330 perfectionis
2967 4247 3237 4329 fastigia.
3282 4248 3561 4322 Qualiter
3606 4249 3783 4312 enim
3834 4250 4011 4334 quis-

2506 4346 2676 4430 piam
2722 4364 3067 4430 puerorum
3110 4345 3344 4429 poterit
3388 4347 3807 4429 pronuntiare
3859 4349 4011 4412 sim-

2506 4445 2705 4528 plices
2754 4445 3013 4528 copulas
3058 4445 3468 4528 syllabarum,
3511 4445 3635 4508 nisi
3684 4447 3871 4528 prius
3921 4448 4011 4510 di-

2505 4545 2731 4608 dicerit
2782 4544 3135 4607 litterarum
3185 4543 3469 4625 figuras?
3514 4545 3634 4607 Aut
3685 4548 4014 4626 quomodo

2506 4651 2879 4726 assequetur
2934 4649 3041 4704 aut
3100 4642 3303 4705 discet
3366 4642 3617 4723 legendi
3682 4645 4011 4726 peritiam,

2507 4741 2614 4824 qui
2678 4742 2951 4804 necdum
3012 4741 3278 4804 idoneus
3335 4747 3434 4803 est
3493 4741 3845 4823 conjugare
3904 4764 4015 4806 an-

2506 4848 2721 4924 gustas
2780 4859 2892 4902 seu
2951 4839 3177 4902 breves
3236 4839 3573 4902 nominum
3635 4841 4015 4925 descriptio-

2509 4943 2667 5003 nes?
2712 4939 2991 5014 Qualiter
3032 4939 3225 5001 etiam
3269 4936 3585 5001 obtinebit
3626 4939 4017 5004 rhetoricam

2510 5038 2909 5113 facundiam,
2986 5036 3577 5120 philosophicamve
3643 5036 4017 5114 scientiam,

2510 5138 2619 5219 qui
2672 5138 2953 5200 nondum
3011 5134 3489 5217 grammaticam
3550 5143 3643 5197 est·
3705 5136 4020 5200 edoctus?

2510 5235 2904 5316 Quapropter
2933 5251 3061 5295 non
3101 5233 3323 5295 dubito
3360 5251 3501 5296 esse
3540 5233 3839 5316 quasdam
3880 5235 4023 5298 fun-

2511 5332 2807 5395 damenta
2874 5331 3069 5412 hujus
3136 5329 3613 5395 sublimissimae
3672 5331 3836 5395 artis
3898 5352 4025 5416 qua
