4359 6267
151 741 338 789 minu.
363 723 513 794 tem3
554 721 620 777 et
659 713 891 777 iterum
935 714 1247 796 scriptum
1287 722 1384 776 est
1421 731 1435 775 ε
1477 711 1847 775 Infirmatur
1873 711 1926 774 A
1956 712 2039 774 sit
2085 711 2467 793 simpliciter
2512 711 2723 773 dicere
2774 729 2788 774 ε

177 1230 267 1272 Prot.
282 1242 338 1277 xv.

148 1621 334 1672 ldahsdo.

153 2201 276 2245 Mutet.
287 2217 334 2252 w,

146 2267 187 2306 ll.

163 3188 218 3230 Ρε.
244 3203 334 3238 cvm,

147 3383 202 3426 Pi.
214 3399 254 3433 α,
268 3391 321 3428 to.

141 3872 212 3916 Luc.
224 3881 334 3928 uni,

149 4069 284 4115 lauh.
299 4088 338 4124 x,

147 4136 163 4158 ο

1033 543 1452 592 COLLATIONUM
1494 544 1579 588 SS.
1615 543 1858 588 mmm!
1899 542 2074 588 mmm
2115 543 2175 587 11.
2222 560 2303 568 —
2345 540 2630 587 coLLATto
2671 541 2755 586 XX

361 815 490 897 quis
517 833 598 876 ex
628 813 859 876 vobis?
895 813 1154 876 inducat
1190 812 1593 896 presbyteros
1631 811 1844 873 Eccle-

363 914 479 988 siae,
509 920 576 974 et-
615 920 798 975 orent
834 932 1027 994 super
1065 931 1238 986 eum,
1270 919 1388 973 etc.
1423 912 1728 974 Praeterea
1762 911 1846 973 la-

363 1011 461 1073 bes
489 1012 792 1074 vitiorum
823 1028 1284 1092 nonnunquam
1315 1008 1692 1092 excoquitur
1721 1028 1847 1072 me-

363 1112 470 1173 rito
499 1110 952 1172 misericordiae
979 1129 1054 1172 ac
1083 1109 1261 1182 fidei,
1290 1109 1642 1172 secundum
1673 1110 1842 1190 quod

363 1210 578 1291 legitur
610 1226 625 1271 ε
659 1209 775 1271 Per
813 1208 1314 1271 misericordiam
1353 1215 1417 1270 et
1456 1207 1652 1269 fidem
1693 1227 1842 1289 pur-

361 1317 576 1390 gantur
615 1315 890 1390 peccata.
925 1309 1080 1370 Item
1126 1308 1504 1389 plerumque
1545 1325 1659 1388 per
1696 1323 1840 1368 con-

363 1409 704 1471 versionem
746 1416 810 1470 et
847 1407 1116 1470 salutem
1163 1424 1384 1470 eorum
1431 1406 1542 1488 qui
1583 1423 1842 1468 conver-

364 1514 568 1568 tuntur
632 1515 696 1568 et
765 1507 1090 1569 salvantur
1156 1504 1702 1568 exhortationibus
1768 1523 1842 1567 ac

363 1603 904 1686 praedicationibus
935 1603 1166 1666 nostris
1191 1620 1206 1664 t
1231 1602 1539 1677 Quoniam
1565 1603 1676 1683 qui
1702 1621 1844 1664 con-

359 1703 505 1764 verti
569 1703 794 1766 fecerit
855 1709 1250 1784 peccatorem
1315 1700 1395 1763 ab
1451 1718 1663 1763 errore
1723 1701 1840 1764 viae

360 1821 494 1874 suae,
542 1802 814 1864 salvabit
869 1801 1146 1864 animam
1206 1800 1348 1881 ejus
1405 1820 1442 1862 a
1501 1807 1724 1872 morte,
1777 1807 1838 1860 et

3327 516 3449 580 369

2839 710 3175 771 Peccatum
3231 725 3447 770 meum
3474 725 3555 768 1²⁸.
3572 727 3739 776 ψῃ.

1955 810 2281 892 cognitum
2330 809 2448 871 tibi
2498 808 2644 884 feci,
2691 816 2754 871 et
2802 805 3181 889 injustitiam
3240 824 3449 868 meam

1956 927 2082 972 non
2126 908 2466 986 abscondi3
2509 915 2579 970 ut
2620 926 2734 989 per
2776 905 3239 969 confessionem
3284 904 3448 965 hanc

1957 1017 2274 1072 mereatur
2321 1005 2709 1088 subjungere
2758 1004 3155 1068 confidenter
3195 1021 3211 1064 τ
3254 1002 3331 1064 Et
3378 1010 3445 1063 tu
3516 1019 3705 1064 Ibidem.

1954 1107 2259 1171 remisisti
2310 1106 2704 1188 impietatem
2753 1103 2996 1187 peccati
3048 1103 3223 1165 mei?
3272 1102 3447 1176 Quod

1955 1209 2009 1270 si
2039 1206 2423 1270 verecundia
2461 1205 2842 1277 retrahente,
2876 1201 3200 1265 erubescis
3239 1219 3313 1263 ea
3346 1217 3448 1262 co-

1955 1325 2090 1368 ram
2137 1304 2509 1367 hominibus
2560 1303 2861 1375 revelare,
2904 1318 3031 1363 non
3082 1300 3333 1362 desinas
3375 1318 3449 1361 ea

1953 1405 2249 1467 confiteri
2288 1422 2436 1465 cum
2471 1402 2608 1483 jugi
2651 1400 3116 1483 supplicatione
3156 1398 3215 1460 ei
3255 1415 3447 1479 quem

1953 1503 2146 1565 latere
2193 1519 2319 1564 non
2365 1508 2630 1583 queunt,
2663 1507 2726 1561 et
2768 1500 2941 1562 dicas
2985 1515 2999 1560 :
3040 1496 3447 1578 Iniquitatem
3502 1515 3645 1566 ΡΜ,
3674 1518 3713 1558 5.

1951 1622 2159 1666 meam
2211 1619 2329 1683 ego
2378 1618 2709 1681 cognosco,
2752 1607 2911 1677 etc.;
2964 1598 3266 1679 itemque,
3308 1595 3447 1658 Tibi
3516 1615 3632 1659 ιῡεᾱ.
3658 1618 3699 1658 ο.

1951 1704 2067 1766 soli
2113 1701 2394 1784 peccavi,
2428 1707 2547 1762 etc.
2587 1716 2601 1760 ε
2635 1698 2933 1780 quoniam
2982 1697 3146 1758 Deus
3190 1712 3452 1757 consue-

1949 1803 2043 1863 vit
2074 1808 2333 1883 peccata
2372 1817 2593 1861 curare
2634 1797 2875 1878 absque
2905 1793 3304 1858 verecundiae
3338 1813 3450 1874 pu-

359 1901 583 1980 operiet
616 1899 1098 1961 multitudinem
1139 1907 1563 1980 peccatorum.
1599 1899 1837 1961 Rursus
1875 1899 1922 1961 B
1950 1901 2292 1962 blicatione
2341 1905 2403 1960 et
2446 1896 2685 1977 absque
2735 1893 3140 1977 improperio,
3186 1893 3452 1973 Insuper

361 1997 424 2058 fit
455 1998 616 2059 istud
659 2017 774 2078 per
812 1997 1275 2078 indulgentiam
1305 2004 1368 2059 et
1397 1995 1836 2060 remissionem

360 2115 535 2176 quam
591 2096 736 2158 aliis
783 2095 1184 2168 exhibemuS‚
1234 2096 1416 2176 juxta
1462 2095 1630 2176 quod
1689 2096 1840 2156 scri-

361 2200 524 2274 ptum
567 2201 665 2256 est
704 2215 718 2257 :
764 2194 828 2256 Si
873 2194 1244 2255 dimiseritis
1287 2192 1654 2256 hominibus
1698 2212 1840 2274 pec-

361 2301 484 2352 cata
520 2310 765 2366 eorum,
799 2292 1074 2354 dimittet
1111 2298 1174 2352 et
1203 2290 1386 2353 vobis
1426 2291 1605 2352 Pater
1631 2298 1840 2353 vester

360 2391 618 2453 coelestis
664 2398 923 2472 peccata
965 2399 1192 2451 vestra.

417 2490 648 2552 Videtis
681 2507 832 2570 ergo
857 2495 1126 2570 quantas
1151 2489 1286 2550 vias
1317 2488 1392 2549 ad
1428 2487 1843 2550 misericordi-

357 2607 451 2671 am
484 2588 896 2651 >obtinendam
937 2587 1303 2669 patefecerit
1346 2586 1529 2649 nobis
1571 2587 1844 2648 clemen-

359 2686 438 2748 tia
482 2685 842 2759 SalvatoriS,
886 2693 956 2748 ut
998 2703 1188 2748 nemo
1231 2685 1500 2747 salutem
1551 2684 1838 2765 cupienS,

360 2785 783 2866 desperatione
842 2783 1188 2864 frangatur,
1246 2802 1446 2864 quum
1507 2783 1716 2845 videat
1775 2803 1841 2845 se

359 2883 536 2945 tantis
575 2881 874 2944 remediis
917 2881 1171 2943 invitari
1211 2883 1288 2943 ad
1319 2882 1537 2944 vitam.
1575 2881 1637 2944 Si
1669 2881 1840 2942 enim

361 2981 622 3042 causaris
663 2987 728 3042 te
770 2996 896 3041 non
942 2996 1128 3060 posse
1157 2988 1436 3072 *peccata
1481 2986 1588 3041 tua
1630 2979 1841 3041 delere

1952 2006 2094 2081 post
2136 1995 2491 2059 remedium
2536 1995 2703 2056 istud
2748 2001 2878 2054 tam
2923 1999 3165 2053 certum
3207 1997 3270 2053 et
3308 1997 3450 2071 post

1952 2105 2079 2159 tam
2123 2102 2494 2178 promptum
2535 2093 2916 2164 subsidium,
2951 2091 3152 2172 pietas
3183 2089 3294 2151 Dei
3333 2089 3450 2150 lar-

1949 2197 2079 2278 gita
2119 2201 2213 2256 est
2259 2193 2443 2256 nobis
2483 2192 2689 2254 adhuc
2729 2190 2980 2253 facilius
3019 2188 3227 2266 aliud3
3260 2205 3448 2268 opem

1951 2312 2205 2376 quoque
2238 2291 2431 2373 hujus
2462 2291 2724 2352 remedii
2758 2288 3076 2352 commisit
3110 2295 3323 2349 nostro
3352 2305 3448 2348 ar-

1952 2392 2159 2465 bitrio,
2176 2399 2247 2452 ut
2277 2390 2621 2452 secundum
2650 2387 2955 2450 affectum
2989 2393 3269 2448 nostrum
3301 2404 3452 2467 prae-

1952 2510 2279 2552 sumamus
2345 2487 2805 2568 indulgentiam
2868 2485 3276 2567 iniquitatum
3334 2501 3448 2546 no-

1952 2597 2249 2662 strarum,
2275 2589 2558 2651 dicentes
2589 2587 2666 2649 ad
2700 2587 2910 2668 ipsum
2936 2604 2948 2647 :
2975 2585 3232 2647 Dimitte
3264 2583 3449 2647 nobis
3496 2597 3739 2646 flauam.

1953 2689 2167 2751 debita
2210 2695 2424 2750 nostra
2466 2687 2633 2748 sicut
2670 2693 2729 2747 et
2770 2702 2884 2747 nos
2928 2683 3310 2746 dimittimus
3348 2684 3450 2745 de-
3479 2663 3543 2703 ¹²·

1953 2786 2269 2849 bitoribus
2312 2784 2564 2847 nostris.

2033 2885 2429 2965 Quicumque
2470 2899 2620 2963 ergo
2658 2881 2971 2943 desiderat
3004 2881 3081 2941 ad
3123 2879 3453 2960 indulgen-

1954 2982 2108 3045 tiam
2156 3001 2418 3045 suorum
2460 2981 2805 3043 criminum
2849 2979 3205 3061 pervenire,
3237 2986 3453 3060 aptare

360 3078 694 3142 afflictione
748 3077 1143 3159 jejuniorum
1202 3085 1461 3159 propter
1510 3077 1843 3139 infirmita·
1877 3083 1919 3146 C
1953 3101 2020 3144 se
2085 3083 2333 3144 studeat
2397 3080 2535 3142 istis
2597 3079 2919 3153 remediiS,
2982 3097 3099 3140 nec
3163 3076 3454 3139 obdurati

361 3185 482 3238 tem
511 3176 793 3258 corporis
830 3175 944 3248 tui,
981 3193 1099 3237 nec
1139 3175 1351 3237 dicere
1391 3183 1591 3257 poteS,
1627 3175 1844 3238 Genua

363 3293 494 3336 mea
529 3275 850 3337 infirmata
889 3281 1039 3335 sunt
1067 3293 1102 3335 a
1129 3273 1398 3354 jejunio,
1432 3281 1495 3336 et
1525 3291 1670 3336 caro
1704 3292 1843 3336 mea

363 3373 680 3436 immutata
727 3380 824 3434 est
867 3380 1127 3454 propter
1167 3371 1380 3435 oleum
1425 3389 1438 3432 :
1482 3371 1634 3453 quia
1676 3372 1844 3434 cine-

363 3489 488 3532 rem
529 3479 826 3553 tanquam
872 3489 1102 3552 panem
1149 3468 1632 3543 manducabam,
1674 3478 1840 3546 etc.;

363 3571 588 3632 redime
617 3589 691 3632 ea
716 3568 1004 3650 largitate
1034 3569 1594 3651 eleemosynarum.
1620 3568 1682 3630 Si
1716 3587 1841 3630 non

363 3669 544 3731 habes
574 3669 744 3750 quod
782 3666 1068 3749 largiaris
1097 3668 1303 3747 egenti
1336 3668 1658 3748 (quamvis
1691 3687 1840 3749 pau-

363 3775 558 3848 pertas
623 3767 874 3829 nullum
941 3765 1236 3828 excludat
1299 3765 1378 3827 ab
1440 3784 1633 3847 opere
1697 3767 1838 3838 hoc,

361 3885 548 3946 quum
581 3866 707 3928 duo
736 3885 859 3928 aera
900 3863 1305 3946 pauperculae
1337 3863 1544 3925 viduae
1585 3865 1842 3945 praelata

363 3964 481 4025 sint
527 3971 650 4026 tam
706 3963 950 4044 magnis
1010 3961 1383 4024 muneribus
1432 3962 1726 4035 divitum,
1780 3971 1842 4024 et

363 4062 654 4125 Dominus
703 4061 1098 4144 repromittat
1145 4079 1212 4122 se
1261 4060 1556 4121 daturum
1609 4079 1843 4122 merce-

365 4161 499 4222 dem
531 4179 642 4243 pro
672 4160 868 4222 calice
902 4159 1146 4240 frigidae
1176 4158 1404 4240 aquae),
1438 4158 1694 4240 purgari
1737 4177 1842 4240 po-

1953 3180 2162 3243 cordis
2196 3179 2545 3261 pertinacia
2576 3184 2815 3240 avertat
2847 3177 3081 3240 fontem
3112 3184 3300 3260 tantae
3333 3176 3458 3258 pie-

1953 3279 2098 3340 tatis
2137 3297 2174 3338 a
2214 3277 2473 3339 salutari
2520 3275 2843 3354 subsidi03
2886 3276 3037 3357 quia
3078 3275 3197 3338 etsi
3241 3275 3457 3336 omnia

1958 3377 2076 3438 ista
2106 3376 2473 3449 fecerimuS,
2508 3393 2633 3437 non
2667 3382 2853 3437 erunt
2885 3374 3109 3436 idonea
3138 3375 3216 3435 ad
3247 3373 3457 3454 expia—

1955 3475 2195 3537 tionem
2227 3481 2588 3536 nostrorum
2620 3491 3021 3544 excessuum,
3050 3472 3170 3534 nisi
3205 3471 3453 3534 bonitas

1954 3573 2064 3635 Dei
2115 3572 2421 3634 deleverit
2470 3589 2579 3634 eos
2630 3591 2744 3653 per
2792 3590 2973 3632 suam
3024 3571 3450 3646 clementiam,

1954 3671 2065 3752 qui
2116 3690 2315 3752 quum
2380 3669 2773 3751 perspexerit
2822 3669 3128 3750 obsequia
3175 3669 3451 3750 religiosi

1954 3769 2162 3832 cordis
2203 3767 2412 3830 oblata
2452 3768 2575 3829 sibi
2609 3787 2645 3828 a
2676 3767 2857 3830 nobis
2897 3768 3173 3849 supplici
3215 3775 3447 3842 mente,

1955 3866 2362 3949 prosequitur
2398 3884 2472 3926 ea
2511 3865 2887 3927 liberalitate
2928 3865 3239 3927 immensa
3272 3883 3285 3928 ε
3322 3865 3449 3946 Ego
3480 3882 3741 3934 [amitas.

1954 3985 2119 4037 sum,
2163 3964 2483 4045 inquiens,
2517 3964 2627 4046 qui
2674 3963 2853 4025 deleo
2899 3963 3262 4045 iniquitates
3313 3972 3449 4026 tuas

1955 4073 2214 4146 propter
2268 4083 2391 4137 me,
2444 4071 2507 4124 et
2554 4070 2957 4144 peccatorum
3009 4071 3258 4124 tuorum
3315 4062 3448 4142 jam

1953 4182 2079 4225 non
2139 4161 2536 4224 recordabor.
2592 4161 2987 4241 Quicumque
3037 4179 3185 4241 ergo
3237 4180 3451 4223 ascen-

363 4259 504 4320 teris
530 4259 768 4340 absque
799 4256 1214 4332 illiS,morum
1247 4257 1840 4330 correctione.ouod
1871 4265 1922 4328 D
1953 4262 2116 4323 derit
2158 4262 2235 4323 ad
2282 4268 2515 4322 statum
2562 4259 2959 4342 praedictum,
3002 4259 3449 4322 satisfactionis

361 4359 410 4419 si
443 4359 888 4440 perfectionem
919 4357 1227 4419 virtutum
1268 4356 1535 4438 adipisci
1567 4373 1694 4418 non
1737 4374 1843 4437 po-

364 4462 448 4517 tes
489 4456 908 4519 exstinctione
955 4454 1246 4518 omnium
1296 4454 1622 4528 vitiorum,
1674 4454 1844 4518 solli-

363 4553 692 4616 citudinem
738 4553 910 4636 piam
955 4553 1254 4634 impende
1293 4551 1461 4614 circa
1499 4553 1840 4616 utilitatem

362 4651 566 4714 alienae
613 4670 687 4713 ac
738 4651 1028 4712 fraternae
1077 4650 1319 4711 salutis,
1371 4650 1544 4722 Quod
1595 4651 1646 4712 si
1680 4668 1841 4730 ‚con-

362 4751 629 4830 quereris
690 4760 749 4812 te
807 4756 1028 4830 aptum
1096 4765 1223 4810 non
1282 4767 1419 4810 esse
1485 4749 1840 4812 ministerio

362 4847 518 4923 huic,
551 4848 800 4930 operire
846 4847 1080 4928 poteris
1130 4852 1382 4927 peccata
1427 4846 1705 4910 caritatis
1749 4849 1840 4910 af-

364 4945 535 5008 fectu.
569 4947 633 5010 Si
679 4953 892 5008 autem
933 4963 1354 5026 quaecumque
1395 4945 1624 5007 mentis
1669 4947 1840 5028 igna-

365 5045 456 5106 via
509 5045 730 5108 fecerit
787 5052 848 5105 te
902 5043 967 5105 in
1025 5043 1145 5106 hoc
1203 5043 1518 5115 inutilem,
1575 5044 1843 5126 implora

365 5141 521 5205 vitiis
571 5142 696 5205 tuis
747 5141 1026 5204 remedia
1085 5141 1536 5204 intercessione
1586 5141 1839 5206 Sancto-

365 5259 515 5316 rum,
549 5261 661 5324 per
693 5239 1072 5302 humilitatis
1109 5237 1416 5300 affectum
1457 5239 1840 5304 submittens

367 5345 420 5400 te
447 5339 672 5422 ipsum.
707 5339 1028 5402 Postremo
1067 5337 1211 5420 quis
1249 5344 1346 5398 est
1380 5337 1490 5418 qui
1531 5356 1658 5402 non
1698 5356 1840 5421 pos-

1949 4363 2217 4444 gratiam
2276 4369 2651 4442 assequetur
2704 4359 2970 4442 jejuniis
3021 4360 3339 4422 continuis
3386 4369 3447 4422 et

1954 4459 2445 4523 mortificatione
2477 4459 2684 4521 cordis
2715 4478 2787 4521 ac
2820 4459 3125 4540 corporiS,
3146 4459 3446 4540 quoniam

1955 4558 2264 4639 scriptum
2290 4565 2415 4618 est:
2438 4557 2585 4618 Sine
2618 4555 2944 4637 sanguinis
2974 4555 3291 4619 effusione
3320 4575 3445 4619 non
3478 4578 3742 4628 Hebrum.

1954 4655 2032 4718 fit
2071 4655 2382 4717 remissio.
2428 4655 2555 4717 Nec
2603 4655 2922 4717 immerito
2956 4674 2969 4718 ε
3015 4673 3161 4717 caro
3204 4662 3266 4716 et
3309 4673 3741 4725 san-1c0r.xv.5o.

1950 4753 2093 4834 guis
2143 4773 2418 4834 namque
2470 4771 2734 4834 regnum
2786 4753 2897 4814 Dei
2952 4752 3273 4834 possidere
3321 4772 3445 4815 non

1956 4858 2236 4932 possunt.
2282 4851 2523 4912 Idcirco
2572 4851 2965 4932 quicumque
3005 4851 3277 4913 voluerit
3323 4851 3449 4931 gla-
3493 4871 3738 4927 epham„

1951 4949 2130 5012 dium
2162 4949 2447 5031 spiritus,
2482 4948 2651 5030 quod
2682 4956 2779 5010 est
2808 4948 3075 5011 verbum
3107 4949 3241 5021 Dei,
3276 4949 3447 5010 cohi·
3477 4939 3541 4978 ¹⁷·

1952 5040 2101 5110 bere
2131 5046 2213 5108 ab
2244 5046 2560 5109 effusione
2592 5046 2919 5127 sanguinis
2959 5045 3173 5127 hujus,
3206 5045 3447 5128 absque

1951 5143 2149 5206 dubio
2181 5142 2485 5224 punietur
2517 5142 2955 5204 maledictione
2988 5142 3105 5203 hac
3131 5142 3443 5205 Jeremiae:

1949 5241 2318 5303 Maledictus
2364 5240 2473 5321 qui
2519 5240 2816 5321 prohibet
2859 5240 3136 5321 gladium
3185 5259 3371 5301 suum
3411 5259 3447 5301 a
3498 5263 3739 5312 Jemtvm,

1950 5339 2277 5420 sanguine.
2314 5339 2427 5401 Hic
2468 5357 2745 5422 namque
2785 5345 2881 5401 est
2918 5339 3166 5420 gladius
3207 5339 3317 5420 qui
3357 5358 3451 5401 sa·
3479 5328 3543 5368 ¹⁰·
