4359 6267
1206 528 1624 576 commem
1666 528 1750 573 SS.
1786 526 2029 572 PA'rmm
2068 526 2245 573 LIBER
2286 526 2326 571 1.
2369 545 2449 555 --
2489 525 2775 572 COLLATIO
2814 526 2862 573 11

482 717 699 761 suram
742 704 974 775 tenete,
1020 698 1272 762 nullum
1320 705 1643 761 sumentes
1694 697 1983 779 pulmen-
2010 697 2063 757 A

478 805 623 858 tum
651 804 761 859 aut
790 797 980 860 aliam
1014 798 1366 860 coctionem
1397 796 1716 859 dominica
1744 796 1846 857 die
1875 801 1984 857 aut

480 895 769 969 sabbato,
804 914 1012 977 neque
1045 914 1157 978 per
1186 895 1465 977 aliquam
1504 893 1982 956 advenientium

478 994 775 1056 Fratrum
826 995 1223 1056 occasionem
1274 1011 1288 1055 ε
1336 993 1637 1075 quoniam
1688 1010 1832 1054 caro
1881 991 1982 1053 his

478 1092 723 1154 refecta
766 1109 893 1154 non
942 1092 1153 1155 solum
1198 1091 1431 1173 poterit
1473 1090 1823 1153 contentari
1869 1089 1985 1151 mi-

480 1190 633 1253 nori
687 1209 922 1271 panum
983 1190 1336 1272 quantitate
1384 1190 1609 1252 diebus
1667 1188 1984 1271 sequenti-

480 1286 636 1362 bus,
666 1306 889 1349 verum
919 1289 1110 1351 etiam
1148 1287 1561 1350 refectionem
1602 1287 1739 1348 sine
1770 1285 1982 1349 labore

478 1385 772 1459 differre,
822 1393 1041 1467 utpote
1090 1386 1442 1449 confortata
1496 1384 1852 1465 adjectione
1900 1384 1985 1445 ci-

478 1482 718 1545 borum
749 1483 1005 1545 illorum
1035 1484 1527 1546 extraordinarie
1556 1491 1978 1564 acceptorum.

477 1582 666 1654 Quod
714 1581 891 1643 nullo
938 1583 1127 1644 modo
1173 1582 1383 1643 facere
1431 1581 1821 1663 praevalebit,
1872 1580 1983 1662 qui

476 1679 643 1741 solis
692 1678 940 1741 duobus
994 1679 1367 1760 paximaciis
1426 1698 1680 1760 semper
1728 1686 1983 1741 conten-

476 1785 592 1838 tus
623 1784 735 1839 est.
770 1777 1000 1839 Recolo
1039 1796 1314 1858 namque
1355 1777 1635 1840 seniores
1675 1776 1981 1858 quosdam

3463 501 3575 567 161

2425 790 2929 857 CAPITULUM
2989 792 3244 855 XXIII.

2092 975 2374 1044 Qualiter
2403 974 2780 1031 abstinentia
2809 975 3249 1031 abundantiam
3275 975 3587 1030 humorum

2489 1065 2854 1135 qenitalinm
2879 1065 3194 1136 reprimat,

2231 1287 2341 1349 AM
2399 1289 2567 1369 quod
2627 1307 2741 1369 per
2792 1307 3081 1350 escarum
3135 1288 3587 1351 abundantiam
3650 1296 3658 1303 ‘

2260 1385 2453 1447 fuerit
2496 1386 2692 1449 semel
2737 1394 3128 1447 contractum
3175 1393 3237 1447 et
3280 1386 3474 1448 situm
3519 1386 3586 1449 in

2094 1484 2414 1555 medullis,
2467 1502 2725 1545 necesse
2782 1491 2877 1545 est
2925 1484 3095 1564 egeri
3145 1491 3207 1545 et
3255 1483 3457 1546 emitti
3509 1503 3586 1545 ex

2096 1580 2230 1661 lege
2276 1590 2535 1655 naturae,
2569 1601 2710 1663 quae
2753 1600 2880 1643 non
2927 1582 3166 1663 patitur
3207 1581 3482 1644 residere
3521 1582 3586 1644 in

2094 1696 2161 1739 se
2221 1677 2676 1741 abundantiam
2740 1679 3026 1741 humoris
3089 1678 3402 1760 superflui
3463 1679 3586 1740 sibi

2096 1777 2395 1838 contrarii
2438 1796 2512 1838 ac
2555 1776 2786 1839 nocivi.
2822 1777 2968 1838 ldeo
3011 1794 3242 1858 corpus
3287 1776 3590 1857 castigan-

474 1874 655 1936 hanc
698 1874 1153 1957 parsimoniam
1204 1875 1573 1937 observasse
1618 1894 1764 1936 cum
1810 1882 1983 1936 tanto
2019 1873 2067 1936 B
2095 1874 2248 1935 dum
2290 1882 2386 1936 est
2423 1893 2675 1955 semper
2715 1873 3101 1955 parsimonia
3137 1873 3496 1935 rationabili
3527 1882 3590 1936 et

478 1972 705 2035 labore
752 1992 825 2034 ac
874 1972 1277 2045 difficultate,
1326 1973 1455 2035 imo
1504 1991 1651 2034 cum
1699 1979 1872 2035 tanta
1918 1971 1983 2033 vi

472 2080 677 2152 atque
728 2071 939 2132 inedia
985 2070 1148 2132 hanc
1193 2071 1543 2133 custodisse
1595 2089 1980 2143 mensuram,

476 2177 555 2231 ut
597 2187 741 2231 eam
780 2168 908 2230 sibi
956 2170 1357 2250 imponerent
1396 2168 1577 2249 quasi
1624 2168 1822 2231 invite
1866 2187 1984 2230 nec

476 2268 629 2329 sine
657 2267 899 2347 gemitu
940 2285 1015 2328 ac
1046 2284 1316 2329 moerore
1350 2284 1363 2329 :
1398 2267 1566 2349 quod
1600 2273 1662 2328 et
1692 2284 1805 2329 vos
1844 2283 1986 2328 reor

480 2384 658 2447 saepe
702 2383 1059 2447 perpessoS.

844 2682 1348 2747 CAPITULUM
1403 2682 1624 2745 XXII.

579 2894 731 2961 Quis
758 2894 845 2948 sit
871 2891 1181 2964 qeneralis
1208 2892 1417 2948 modus
1444 2890 1795 2962 refectionis
1823 2908 1895 2948 ac

1028 2990 1437 3046 continentiae.

610 3241 828 3304 AMEN
856 3240 1169 3321 generalis
1212 3241 1435 3302 modus
1467 3239 1874 3302 continentiae
1905 3239 1983 3300 is-

632 3348 692 3401 te
722 3347 818 3401 est
848 3356 861 3400 :
892 3346 962 3400 ut
992 3338 1433 3420 unusquisque
1463 3336 1776 3399 abstineat
1802 3336 1983 3418 juxta

470 3439 902 3521 capacitatem
945 3437 1180 3500 virium
1225 3455 1507 3509 suarum,
1543 3455 1655 3497 seu
1698 3436 1980 3516 corporis

468 3545 595 3599 aut
642 3536 863 3608 aetatis,
914 3536 992 3597 de
1040 3534 1185 3596 cibo
1232 3533 1554 3615 accipiens
1607 3551 1735 3596 non
1784 3552 1982 3614 quan-

472 3644 629 3697 tum
674 3633 961 3715 exposcit
1010 3632 1397 3694 desiderium
1451 3630 1819 3705 saturitatiS,
1872 3631 1980 3692 sed

474 3740 799 3816 quantum
862 3731 1129 3813 requirit
1190 3731 1564 3793 sustentatio
1624 3731 1852 3792 carniS.
1912 3731 1981 3791 ln

472 3842 755 3912 utraque
802 3830 977 3891 enim
1022 3835 1199 3911 parte
1247 3827 1587 3889 sustinebit
1632 3828 1982 3889 maximum

470 3928 963 4001 detrimentum,
1027 3926 1421 4008 quicumque
1488 3926 1979 4007 inaequalitatem

470 4038 728 4101 tenens,
762 4033 1051 4088 ventrem
1100 4024 1477 4105 constringit
1521 4043 1691 4085 nunc
1734 4024 1985 4086 aridita-

471 4134 543 4189 te
568 4126 993 4207 jejuniorum,
1028 4142 1202 4185 nunc
1230 4141 1381 4185 vero
1420 4122 1716 4184 eumdem
1752 4122 1983 4183 disten-

473 4225 575 4287 dit.
606 4221 1053 4305 superfluitate
1090 4219 1402 4282 ciborum.
1441 4220 1982 4293 Quemadmodum
2016 4220 2063 4281 D

474 4322 657 4385 enim
718 4338 899 4381 mens
957 4338 1034 4381 ex
1094 4317 1383 4380 ciborum
1449 4316 1700 4380 defectu
1762 4318 1986 4380 lassata

478 4420 696 4503 perdit
734 4418 998 4481 rationis
1028 4417 1337 4497 vigorem,
1371 4424 1433 4477 et
1473 4423 1857 4497 praegravata
1895 4416 1987 4477 ni-

480 4519 619 4581 mia
663 4516 1037 4579 lassitudine
1080 4515 1288 4576 carnis
1332 4514 1673 4576 dormitare
1714 4515 1987 4595 compel-

480 4617 643 4678 litur
700 4634 715 4678 ε
778 4614 869 4676 ita
935 4611 1379 4693 superfluitate
1446 4611 1808 4673 voracitatis
1872 4628 1987 4693 op-

482 4732 725 4797 pressa,
777 4730 908 4774 non
965 4716 1173 4791 potest
1218 4710 1348 4772 Deo
1394 4709 1628 4772 offerre
1678 4728 1867 4791 puras
1915 4728 1987 4771 ac

480 4819 815 4896 promptas
864 4809 1221 4887 orationes3
1272 4809 1381 4870 sed
1433 4827 1549 4870 nec
1600 4808 1989 4871 castimoniae

484 4910 833 4993 puritatem
860 4906 1101 4968 valebit
1130 4906 1521 4967 incessanter
1549 4906 1987 4979 servare,dum

481 5010 545 5071 ei
614 5004 917 5089 praeteriti
981 5003 1112 5065 cibi
1178 5003 1486 5066 memoria
1550 5003 1991 5066 subministrat

484 5105 764 5169 carnalis
796 5101 1333 5183 concupiscentiae
1364 5101 1600 5181 ignem,
1634 5101 1825 5163 etiam
1864 5101 1990 5163 illis

482 5203 721 5268 diebus
761 5200 999 5283 quibus
1040 5216 1271 5281 corpus
1316 5218 1504 5262 suum
1550 5198 1812 5279 castigat
1855 5198 1992 5261 abs-

482 5301 765 5367 tinentia
804 5298 1053 5363 acriori.

2094 1972 2344 2053 aequali,
2407 1979 2719 2053 quatenus
2778 1972 2831 2033 si
2891 1972 3218 2033 constituti
3277 1972 3341 2033 in
3401 1990 3588 2033 carne

2096 2070 2370 2143 mortali,
2414 2088 2540 2149 non
2590 2087 2927 2150 possumus
2977 2069 3164 2150 plene
3213 2087 3425 2131 carere
3470 2069 3587 2131 hac

2094 2168 2367 2229 naturali
2399 2167 2758 2247 fragilitate,
2784 2167 3006 2228 saltem
3037 2167 3241 2228 rarius
3273 2166 3589 2248 patiamur

2093 2267 2406 2339 eamdem,
2449 2274 2512 2327 et
2550 2284 2677 2328 non
2727 2266 2850 2327 nisi
2895 2273 2992 2327 ter
3035 2266 3099 2328 in
3149 2284 3315 2328 anno
3358 2285 3431 2328 ea
3476 2266 3588 2329 foe-

2093 2366 2356 2443 demur3
2399 2371 2462 2426 et
2492 2364 2612 2425 hoc
2643 2364 2780 2426 sine
2814 2363 2943 2426 ullo
2976 2364 3224 2446 pruritu
3261 2364 3327 2426 in
3366 2381 3589 2427 somno

2094 2464 2334 2544 quieto,
2386 2481 2465 2524 ne
2513 2462 2847 2524 humorem
2907 2461 3089 2523 illum
3139 2461 3353 2524 eliciat
3397 2461 3588 2524 fallax

2095 2561 2325 2641 imago,
2358 2580 2500 2642 quae
2543 2559 2806 2623 occultae
2851 2560 3192 2640 voluptatis
3235 2559 3583 2621 est-index.

2094 2660 2514 2733 Quamobrem
2559 2658 2678 2720 ista
2711 2677 2901 2740 quam
2942 2658 3243 2731 diximuS,
3277 2665 3373 2719 est
3401 2658 3590 2720 absti-

2094 2756 2326 2819 nentiae
2360 2763 2706 2838 temperata
2741 2756 3087 2837 aequalitaS,
3123 2763 3194 2816 ut
3221 2755 3590 2837 quotidiana

2096 2854 2297 2917 fames
2329 2855 2762 2937 quotidianam
2794 2861 3095 2935 sequatur
3123 2853 3535 2915 refectionem
3571 2870 3584 2913 :

2095 2972 2238 3034 quae
2277 2971 2574 3013 mensura
2613 2952 3002 3033 approbatur
3031 2950 3283 3012 Patrum
3319 2950 3585 3030 judicic,

2023 3045 2066 3108 C
2095 3058 2158 3113 et
2189 3068 2419 3132 corpus
2458 3068 2530 3112 ac
2560 3050 2838 3111 animam
2883 3049 2946 3109 in
2977 3048 3199 3111 eodem
3240 3056 3406 3109 statu
3447 3064 3589 3109 con-

2095 3156 2324 3223 servat,
2357 3166 2483 3211 non
2525 3148 2898 3229 permittens
2930 3165 3224 3209 corruere
3263 3146 3588 3209 hominem

2092 3246 2461 3327 fatigatione
2494 3246 2749 3328 jejunii,
2783 3263 2901 3306 nec
2941 3246 3267 3307 saturitate
3304 3245 3587 3325 gravari3

2093 3344 2396 3427 quoniam
2423 3344 2541 3406 ista
2566 3362 2863 3405 mensura
2889 3343 2975 3404 ita
2997 3341 3258 3423 frugalis
3283 3362 3355 3404 ac
3381 3342 3592 3404 sobria

2092 3451 2211 3517 est,
2265 3452 2334 3505 ut
2382 3443 2572 3504 homo
2622 3459 2748 3503 non
2799 3440 3028 3502 sentiat
3078 3439 3398 3501 interdum
3448 3446 3591 3520 post

2093 3559 2425 3622 vesperam
2465 3548 2574 3602 aut
2613 3540 2722 3601 vix
2763 3538 2998 3601 recolat
3038 3557 3104 3599 se
3146 3537 3515 3600 comedisse.

2435 3811 2942 3876 CAPITULUM
3003 3812 3250 3877 XXIV.

2092 3997 2178 4051 De
2205 3995 2412 4051 labore
2442 3994 2699 4066 aequalis
2723 3993 3094 4064 refectioni-3,
3111 4002 3168 4051 et
3191 3995 3264 4051 de
3292 3996 3591 4052 edacitate

2544 4082 2771 4153 fratris
2798 4084 3144 4154 Benjamin.

2235 4316 2517 4389 ENIQUE
2548 4322 2676 4377 tam
2709 4316 3059 4379 difficulter
3083 4326 3367 4381 servatur
3391 4338 3592 4400 aequa·

2265 4415 2341 4476 lis
2385 4413 2772 4496 parsimonia
2811 4414 2951 4489 ista,
2985 4423 3053 4476 ut
3097 4416 3162 4477 hi
3204 4416 3314 4497 qui
3355 4415 3590 4478 discre-

2096 4514 2289 4576 tionis
2338 4512 2798 4593 perfectionem
2846 4529 2972 4574 non
3021 4512 3277 4585 habent,
3330 4514 3592 4577 mallent

2092 4610 2411 4691 jejunium
2455 4610 2826 4671 continuare
2859 4628 2972 4691 per
3007 4609 3299 4685 biduum,
3331 4620 3394 4673 et
3422 4613 3592 4694 quod

2097 4710 2285 4771 hodie
2316 4716 2640 4771 sumerent
2669 4727 2920 4770 servare
2951 4708 3016 4770 in
3047 4709 3594 4784 crastinum,dum·

2100 4808 2287 4870 modo
2316 4807 2394 4868 ad
2425 4806 2837 4868 refectionem
2870 4808 3313 4887 pervenientes
3342 4809 3592 4871 valeant

2097 4905 2332 4968 satiari.
2386 4905 2582 4978 Quod,
2636 4911 2704 4965 ut
2756 4904 2954 4978 scitiS,
3005 4904 3338 4984 Benjamin
3386 4914 3594 4968 vester

2100 5002 2258 5065 civis
2299 5021 2503 5083 nuper
2543 5001 2951 5082 pertinaciter
2991 5001 3163 5076 fecit,
3199 5004 3308 5084 qui
3354 5011 3592 5084 protra-

2100 5100 2194 5162 xit
2219 5100 2538 5181 jejunium
2581 5099 2797 5172 biduo,
2831 5107 2903 5160 ut
2939 5107 3210 5180 quatuor
3238 5101 3593 5181 paximacia

2101 5198 2292 5260 simul
2341 5197 2586 5259 edendo
2627 5196 2982 5270 satiaretur,
3015 5215 3096 5257 ne
3139 5197 3422 5279 quotidie
3466 5199 3592 5261 duo

2016 5380 2019 5383 ἦ
2103 5296 2348 5360 edendo
2386 5294 2613 5376 aequali
2656 5294 3041 5357 abstinentia
3076 5294 3316 5376 jugiter
3349 5294 3592 5378 afflige-
