4359 6267
91 994 220 1038 Joel
237 1009 287 1046 u,
307 998 380 1048 28,

73 1058 164 1100 29.

99 2170 232 2213 Luc.
254 2182 380 2219 xxm,

109 2561 306 2605 Colca.
333 2574 380 2611 u,

77 2628 152 2673 15.
187 2627 260 2667 u.

1285 508 1364 555 DE
1406 508 1734 555 le'rrrmls
1777 508 1861 555 SS.
1897 509 2158 555 PATRUM.
2204 527 2285 537 -
2326 508 2502 555 LIBER
2542 509 2609 555 111

3420 491 3499 555 33

402 689 468 743 et
494 680 758 743 auribus
788 679 1099 762 percipite
1124 678 1318 741 verba
1348 698 1504 740 mea.
1537 678 1675 741 Non
1705 678 1900 753 enim,
1932 677 1983 739 A
2012 676 2176 739 tollit
2219 678 2497 739 animam
2540 696 2745 739 meam
2789 697 2826 739 a
2866 696 2988 752 me,
3024 678 3134 739 sed
3178 695 3294 759 ego
3334 696 3502 760 pono

405 780 574 841 sicut
617 796 728 841 vos
775 778 1125 851 aestimatis,
1168 777 1235 839 hi
1285 776 1446 839 ebrii
1491 784 1659 851 sunt,
1703 795 1901 858 quum

408 878 493 940 sit
534 878 689 940 hora
727 876 858 939 diei
894 876 1120 953 tertia3
1166 876 1277 938 sed
1316 876 1436 938 hoc
1476 883 1573 937 est
1610 875 1780 958 quod
1819 876 1906 937 di-

411 984 586 1037 etum
629 982 726 1037 est
769 992 885 1056 per
923 975 1296 1057 prophetam
1337 973 1468 1037 Joel
1504 991 1518 1036 τ
1563 973 1640 1035 Εῐ-
1676 974 1798 1035 erit
1840 974 1902 1036 in

409 1073 780 1137 novissimis
823 1072 1070 1147 diebuS‚
1117 1072 1272 1135 dicit
1320 1072 1650 1145 Dominus,
1695 1071 1904 1134 effun-

413 1173 560 1234 dam
610 1172 688 1233 de
739 1171 976 1252 Spiritu
1028 1188 1169 1233 meo
1221 1188 1412 1251 super
1462 1188 1718 1234 omnem
1775 1189 1905 1233 car-

413 1289 584 1343 nem,
623 1276 686 1331 et
730 1268 1201 1351 prophetabunt
1239 1268 1362 1331 filii
1404 1269 1598 1331 vestri
1649 1276 1711 1331 et
1755 1268 1906 1331 filiae

409 1375 680 1445 vestrae;
717 1367 984 1448 juvenes
1020 1366 1214 1428 vestri
1254 1366 1532 1429 visiones
1572 1365 1902 1439 videbunt,

409 1473 475 1527 et
513 1466 796 1528 seniores
835 1464 1029 1527 vestri
1073 1465 1320 1527 somnia
1363 1465 1811 1542 somniabunt3
1843 1472 1906 1527 et

413 1564 676 1645 quidem
725 1582 920 1645 super
961 1580 1181 1625 servos
1227 1580 1402 1626 meos
1449 1570 1511 1625 et
1561 1582 1754 1644 super
1799 1581 1906 1625 an-

413 1661 594 1724 cillas
638 1680 810 1724 meas
851 1660 1178 1723 effundam
1226 1661 1304 1723 de
1347 1660 1587 1742 Spiritu
1637 1677 1800 1735 meo,
1842 1669 1904 1722 et

413 1758 906 1842 prophetabunt.
955 1758 1102 1832 Quae
1143 1758 1356 1821 omnia
1399 1758 1554 1820 hora
1592 1758 1776 1820 tertia
1815 1758 1904 1820 vi-

2013 792 2152 836 eam
2196 794 2233 837 a
2274 794 2373 837 me
2408 776 2585 858 ipso;
2628 782 3002 858 potestatem
3034 776 3235 838 habeo
3265 795 3500 859 ponere

2013 892 2175 947 eam,
2209 881 2273 935 et
2311 881 2690 957 potestatem
2730 874 2934 937 habeo
2978 874 3209 936 iterum
3249 894 3501 936 sumere

2015 989 2173 1033 eam.
2211 971 2281 1032 In
2313 972 2433 1034 hoc
2464 972 2677 1054 itaque
2706 971 3029 1052 Evangelii
3060 990 3209 1034 vase
3250 972 3501 1034 coelitus

2016 1070 2351 1145 destinato,
2387 1070 2449 1132 id
2490 1080 2587 1133 est
2629 1090 2667 1133 a
2696 1070 2938 1152 Spiritu
2969 1071 3197 1133 Sancto
3226 1071 3502 1133 conscri-

2017 1176 2147 1251 pto,
2196 1187 2418 1232 omnes
2467 1178 2685 1250 gentes
2733 1189 2875 1251 quae
2922 1170 3075 1232 olim
3124 1177 3301 1231 extra
3348 1169 3504 1251 legis

2015 1267 2483 1330 observantiam
2516 1268 2757 1349 positae,
2791 1275 2970 1331 erant
3000 1268 3367 1342 immundae,
3392 1286 3507 1349 per

2018 1366 2328 1427 unitatem
2382 1366 2539 1429 fidei
2584 1374 3047 1440 convertentes,
3100 1384 3255 1429 voce
3303 1366 3505 1433 domie

2016 1464 2161 1525 nica
2206 1463 2579 1526 deferuntur
2630 1484 2645 1528 :
2698 1472 3011 1545 quatenus
3059 1463 3140 1526 ab
3191 1464 3504 1526 idolorum

2017 1562 2268 1624 cultura
2298 1564 2426 1625 Deo
2457 1562 2799 1625 salubriter
2830 1563 3261 1637 immolentur,
3295 1581 3367 1625 ac
3397 1564 3505 1625 Pe-

2017 1666 2114 1722 tro
2145 1659 2550 1743 purificante,
2583 1661 2661 1722 ad
2693 1661 3091 1743 spiritualem
3122 1678 3331 1723 escam
3368 1678 3507 1741 pro-

2016 1756 2257 1819 ficiant.

410 1857 638 1918 demus
691 1856 973 1939 impleta,
1025 1863 1088 1919 et
1143 1857 1640 1938 praenuntiatum
1706 1856 1900 1938 Spiri-
1939 1856 1986 1919 B
2109 1856 2395 1939 Denique
2462 1857 2616 1919 hora
2682 1875 2847 1919 nona
2914 1856 3199 1919 Christus
3269 1855 3505 1918 inferos
3560 1870 3798 1921 Mas-mv,

411 1964 514 2017 tus
546 1955 760 2017 Sancti
791 1957 1134 2018 adventum
1166 1972 1358 2036 super
1387 1954 1718 2036 Apostolos
1749 1963 1902 2017 tunc

409 2061 942 2115 consummatum.

491 2152 682 2213 Porro
731 2152 884 2213 hora
928 2159 1103 2213 sexta
1150 2150 1456 2213 Dominus
1504 2159 1567 2212 et
1623 2150 1905 2213 Salvator

409 2258 626 2312 noster
661 2249 912 2313 oblatus
953 2256 1048 2313 est
1090 2249 1253 2311 Patri
1299 2249 1503 2311 hostia
1541 2249 1906 2311 immacula-

407 2356 493 2419 ta,
524 2354 588 2409 et
629 2365 886 2409 crucem
925 2364 1040 2428 pro
1083 2346 1277 2409 totius
1319 2346 1540 2409 mundi
1581 2346 1784 2409 salute
1813 2365 1906 2409 as—

408 2446 710 2519 cendenS,
745 2444 1004 2507 humani
1044 2445 1294 2525 generis
1336 2452 1594 2526 peccata
1633 2445 1902 2521 delevit3

407 2552 598 2626 atque
629 2544 993 2625 exspolians
1023 2543 1420 2625 principatus
1459 2562 1532 2605 ac
1563 2550 1905 2625 potestates

409 2641 692 2704 traduxit
723 2642 955 2723 palam,
993 2642 1450 2722 universosque
1482 2660 1596 2704 nos
1629 2641 1903 2722 peccatis

407 2740 719 2803 obnoxios
753 2738 1046 2801 liberavit
1073 2738 1154 2801 ab
1188 2738 1550 2801 insolubilis
1593 2738 1905 2819 chirogra-

408 2838 521 2921 phi
563 2837 800 2909 debito,
833 2838 1061 2899 tollens
1100 2836 1260 2899 illud
1300 2838 1377 2899 de
1421 2837 1630 2899 medio
1667 2844 1730 2898 et
1769 2855 1907 2898 cru-

409 2937 505 2999 cis
553 2956 684 2999 suae
731 2935 1002 3016 affigens
1050 2944 1304 3017 tropaeo.
1361 2935 1595 2997 Eadem
1651 2953 1904 3017 quoque

2017 1962 2377 2035 penetrans,
2434 1954 2773 2018 infernales
2844 1954 3133 2017 tenebras
3205 1955 3343 2017 luce
3412 1953 3505 2015 sui
3534 1935 3691 1983 ³⁴‘³⁷·

2013 2052 2369 2134 splendoris
2409 2054 2732 2128 exstinxit,
2768 2061 2829 2116 et
2873 2072 3064 2116 aereas
3108 2060 3316 2134 portas
3361 2070 3507 2114 con-

2013 2151 2298 2232 fringens
2328 2170 2625 2233 serasque
2658 2152 2892 2214 ferreas
2925 2159 3278 2225 cont-erem,
3312 2152 3507 2231 capti·
3550 2168 3799 2225 Ephemv,

2015 2250 2275 2312 vitatem
2308 2258 2670 2312 sanctorum
2703 2250 2981 2312 tenebris
3022 2248 3253 2311 inferni
3291 2248 3508 2310 deten-
3534 2235 3575 2275 ⁸·

2016 2356 2145 2411 tam
2175 2348 2523 2410 transvexit
2553 2349 2629 2410 ad
2662 2349 2855 2411 coelos
2896 2366 3135 2422 secum,
3170 2346 3510 2409 salubriter

2017 2453 2305 2527 captam3
2346 2452 2682 2527 amotoque
2728 2447 2912 2525 igneo
2955 2446 3184 2526 gladi0,
3232 2446 3510 2508 restituit

2016 2543 2307 2625 paradiso
2335 2544 2669 2626 antiquum
2703 2544 2998 2617 incolam,
3024 2544 3267 2605 scilicet
3297 2545 3506 2615 Adam,

2018 2661 2131 2723 per
2173 2641 2631 2704 confessionem
2679 2642 2820 2721 ejus
2871 2642 3224 2721 benignam.
3276 2642 3507 2704 Eadem

2016 2757 2271 2821 quoque
2311 2740 2464 2801 hora
2503 2739 2831 2802 Cornelius
2872 2740 3159 2801 centurio
3199 2739 3265 2800 in
3306 2739 3509 2822 preci-
3536 2752 3797 2803 Act.x‚a.4.

2017 2837 2135 2899 bus
2206 2838 2390 2900 solita
2451 2839 2784 2901 devotione
2846 2838 3213 2919 persistenS,
3277 2855 3508 2919 cogno-

2015 2936 2108 2997 vit
2163 2935 2244 2997 ab
2301 2936 2525 3017 angelo
2583 2936 2896 2998 orationes
2956 2943 3018 2998 et
3077 2936 3509 3019 eleemosynas

112 3054 230 3095 Aes.
255 3064 308 3099 x.
333 3052 382 3091 a·
409 3036 565 3097 hora
601 3034 880 3097 revelata
918 3042 1014 3095 est
1050 3034 1231 3096 Petro
1263 3033 1326 3095 in
1366 3032 1758 3096 orationibus
1799 3049 1906 3114 po-
1943 3034 1987 3098 C
2017 3053 2161 3096 suas
2200 3041 2344 3096 ante
2375 3034 2574 3095 Deum
2606 3052 2745 3095 esse
2784 3042 3307 3096 commemoratas
3343 3052 3356 3095 :
3390 3034 3510 3096 sic-

79 3118 148 3157 1³.

107 4526 236 4570 [bid.
267 4526 348 4569 11.

75 5124 161 5166 Pa.
191 5136 276 5172 xv,
303 5122 384 5165 10.

55 5250 234 5293 Ιοωυι.
263 5262 316 5295 ι,

23 5316 92 5357 13.

409 3132 556 3207 sito,
607 3132 859 3195 vocatio
903 3140 967 3194 et
1016 3130 1382 3214 purificatio
1429 3132 1740 3213 gentium,
1794 3149 1906 3213 per

409 3230 911 3293 submissionem
941 3228 1289 3310 evangelici
1321 3229 1488 3291 vasis
1520 3228 1770 3291 coelitus
1802 3228 1906 3289 de-

408 3328 796 3401 scendentis,
830 3336 894 3389 et
933 3328 1221 3390 omnium
1263 3345 1570 3408 generum
1608 3326 1909 3389 animalia

406 3426 820 3501 contineam,
862 3443 1017 3487 voce
1061 3426 1334 3507 desuper
1372 3424 1537 3487 facta
1573 3426 1653 3487 ad
1705 3444 1853 3487 eum
1889 3444 1902 3487 ε

407 3526 630 3606 Surge,
681 3526 882 3597 Petre,
942 3524 1159 3586 occide
1218 3532 1281 3585 et
1340 3524 1670 3585 manduca.
1732 3524 1907 3597 Quod

405 3642 522 3687 vas
553 3630 825 3705 quatuor
855 3622 1058 3684 initiis
1098 3623 1174 3684 de
1216 3622 1377 3685 coelo
1415 3622 1745 3696 emissum,
1780 3640 1906 3684 non

405 3721 588 3784 aliud
638 3721 1000 3801 designasse
1052 3718 1386 3781 manifeste
1441 3720 1904 3800 cognoscimuS,

409 3819 540 3882 nisi
574 3818 988 3899 Evangelium
1019 3816 1359 3879 Salvatoris
1395 3836 1408 3880 :
1444 3817 1612 3898 quod
1655 3816 1908 3899 quadri-

407 3916 646 4000 partita
695 3915 1239 3996 Evangelistarum
1284 3915 1642 3977 narratione
1690 3914 1912 3977 distin-

409 4022 614 4087 ctum,
665 4014 958 4095 quamvis
1017 4020 1289 4094 quatuor
1334 4013 1625 4075 videatur
1679 4013 1909 4075 habere

409 4111 754 4195 principia,
789 4130 916 4172 una
953 4118 1166 4172 tamen
1197 4110 1519 4191 Evangelii
1555 4119 1752 4173 exstat
1787 4132 1912 4174 ma-

2017 3150 2142 3214 que
2186 3132 2485 3214 mysteria
2527 3132 2877 3195 vocationis
2919 3132 3206 3213 gentium
3248 3132 3511 3195 manife-

2017 3239 2112 3293 ste
2143 3230 2297 3293 hora
2327 3249 2492 3293 nona
2522 3232 2909 3312 panduntur,
2942 3250 3085 3311 quae
3122 3237 3301 3293 erant
3329 3232 3509 3293 Petro

2017 3329 2171 3393 hora
2201 3337 2377 3391 sexta
2407 3330 2471 3390 in
2504 3329 2730 3391 mentis
2760 3348 3021 3391 excessu
3055 3329 3347 3391 revelata.
3370 3329 3509 3391 Alio

2018 3428 2210 3489 etiam
2254 3428 2393 3489 loco
2431 3428 2509 3489 de
2552 3427 2775 3490 eodem
2814 3434 3099 3509 tempore
3142 3426 3207 3489 in
3246 3427 3509 3489 Actibus

2018 3523 2464 3605 Apostolorum
2506 3530 2797 3585 narratur
2830 3542 2842 3584 :
2888 3523 3104 3585 Petrus
3144 3530 3203 3584 et
3242 3524 3510 3585 Joannes
3555 3537 3801 3588 mama.

2019 3621 2445 3683 ascendebant
2498 3622 2561 3683 in
2612 3621 2924 3703 templum
2977 3622 3055 3683 ad
3110 3621 3328 3684 horam
3377 3639 3510 3683 ora-

2021 3719 2213 3781 tionis
2259 3736 2510 3781 nonam.
2547 3718 2637 3779 Ex
2681 3719 2916 3799 quibus
2955 3727 3171 3800 aperte
3211 3718 3514 3800 probatur

2021 3835 2148 3879 non
2196 3817 2517 3879 immerito
2556 3836 2591 3878 a
2630 3817 2865 3878 sanctis
2908 3825 2971 3879 et
3014 3816 3379 3898 apostolicis
3420 3817 3512 3877 vi-

2021 3917 2110 3978 ris
2139 3916 2253 3977 has
2285 3917 2469 3976 horas
2502 3914 2811 3995 religiosis
2842 3934 2979 3976 esse
3010 3914 3337 3995 obsequiis
3366 3932 3513 3977 con-

2021 4021 2319 4087 secratas,
2372 4021 2434 4074 et
2479 4013 2646 4073 idem
2698 4021 2987 4093 oportere
3036 4012 3271 4074 servari
3322 4032 3357 4075 a
3402 4030 3513 4075 no-

2023 4112 2122 4174 bis
2172 4130 2186 4173 :
2239 4112 2350 4194 qui
2400 4110 2524 4173 nisi
2573 4111 2789 4172 divina
2833 4111 2955 4172 ista
2993 4109 3222 4174 Officia
3269 4110 3511 4173 solvere

3579 3243 3695 3287 Ibid.
3715 3244 3758 3284 9.

409 4210 595 4285 teria,
647 4210 798 4293 quia
852 4210 1140 4289 ejusdem
1200 4208 1432 4271 Christi
1491 4210 1907 4283 nativitatem,
1942 4216 1992 4277 D
2023 4210 2369 4291 satagimus
2410 4210 2660 4271 statutis
2702 4208 3097 4290 temporibus
3140 4227 3218 4270 ex
3262 4209 3512 4271 institu-

409 4306 1062 4381 deitatem‚miracula
1092 4326 1165 4369 ac
1197 4307 1554 4388 passionem
1585 4308 1906 4370 describit.

409 4406 682 4469 Pulchre
720 4413 935 4467 autem
967 4404 1125 4467 dixit
1155 4404 1377 4478 LucaS,
1411 4423 1558 4479 non,
1592 4406 1908 4481 Linteum,

413 4504 752 4578 sed‚Quasi
784 4504 1064 4566 linteum.
1087 4504 1244 4566 Nam
1278 4504 1542 4566 linteum
1577 4513 1672 4566 est
1702 4507 1915 4567 morti-

414 4602 739 4666 ficationis
771 4602 1100 4664 indicium.
1122 4602 1430 4675 Quoniam
1455 4619 1602 4682 ergo
1628 4601 1913 4665 Christus

417 4710 687 4765 mortem
739 4700 980 4763 subivit
1029 4718 1155 4762 non
1202 4700 1338 4781 lege
1385 4708 1494 4761 aut
1542 4702 1912 4764 necessitate

413 4810 656 4865 naturae
708 4802 1026 4873 humanae,
1077 4800 1188 4861 sed
1250 4798 1520 4881 propriae
1569 4799 1912 4862 voluntatis

411 4900 700 4971 arbitrio,
754 4898 941 4972 Quasi
1001 4898 1271 4959 linteum
1331 4898 1580 4959 dicitur.
1633 4898 1913 4959 Mortuus

413 4998 590 5060 enim
631 4997 988 5061 seeundum
1020 5014 1299 5068 carnem,
1333 5013 1460 5057 non
1500 5004 1596 5057 est
1626 5003 1913 5058 mortuus

413 5097 770 5159 secundum
803 5095 1101 5176 spiritum
1137 5113 1151 5157 ε
1186 5093 1337 5175 quia
1376 5112 1492 5154 nec
1523 5094 1732 5155 anima
1773 5095 1913 5175 ejus

413 5193 722 5257 derelicta
763 5200 858 5255 est
902 5192 968 5253 in
999 5190 1271 5265 inferno,
1307 5209 1426 5252 nec
1467 5209 1612 5254 caro
1651 5192 1790 5271 ejus
1820 5193 1912 5255 vi-

411 5292 510 5355 dit
566 5290 1063 5372 corruptionem.
1117 5289 1191 5351 Et
1242 5308 1461 5351 rursus
1509 5290 1600 5352 ait
1649 5308 1664 5351 :
1715 5289 1911 5352 Nemo

2022 4310 2195 4371 tione
2229 4309 2529 4390 legitima,
2562 4314 2765 4369 totum
2802 4307 2925 4369 diei
2958 4308 3236 4389 spatium
3274 4308 3512 4391 absque

2027 4407 2511 4489 interpolatione
2571 4424 2683 4467 seu
2745 4406 3226 4487 interpositione
3285 4408 3514 4470 oratio-

2025 4526 2184 4568 num
2233 4506 2693 4579 consumimuS,
2728 4504 3071 4579 oblivione,
3115 4506 3356 4568 desidia
3406 4514 3513 4568 aut

2025 4603 2550 4687 occupationibus
2594 4602 2885 4664 involuti.

2104 4703 2193 4765 De
2224 4702 2601 4783 vespertinis
2633 4710 2844 4763 autem
2874 4700 3210 4762 sacrificiis
3240 4720 3351 4763 seu
3385 4702 3515 4763 lau-

2025 4801 2213 4863 dibus
2243 4800 2351 4862 Dei
2386 4800 2540 4881 quid
2571 4799 2801 4871 dicam,
2826 4818 2966 4880 quae
2995 4798 3186 4860 etiam
3221 4798 3285 4859 in
3315 4798 3514 4860 veteri

2025 4902 2424 4963 Testamento
2464 4897 2684 4959 offerri
2726 4897 2963 4977 jugiter
3001 4897 3129 4959 Deo
3164 4896 3513 4979 jubentur?
3539 4918 3822 4969 mmmm,

2025 4998 2399 5059 Holocausta
2450 5004 2662 5057 autem
2724 4996 3033 5058 matutina
3090 5003 3150 5057 et
3200 4996 3515 5057 sacrificia
3540 4984 3643 5031 ³³⁴·

2027 5095 2389 5176 vespertina
2419 5095 2547 5157 Deo
2577 5094 3009 5157 indesinenter
3038 5113 3177 5156 esse
3207 5093 3417 5156 oblata
3446 5094 3511 5154 in

2027 5191 2289 5273 temp10,
2330 5192 2623 5272 quamvis
2665 5191 3045 5273 figuralibus
3085 5191 3329 5265 hostiiS,
3372 5209 3513 5273 pro-

2027 5290 2176 5353 bare
2230 5306 2569 5371 possumus
2617 5309 2693 5351 ex
2752 5308 2827 5352 eo
2883 5290 3053 5371 quod
3111 5289 3306 5350 David
3364 5288 3508 5352 ait:
