4359 6267
123 3270 132 3310 Ι
145 3273 216 3312 Cor.
237 3288 246 3314 ι

939 532 1354 580 COLLATIONUM
1397 533 1481 579 SS.
1517 533 1761 578 PATnmt
1801 531 1976 578 LIBER
2017 533 2078 578 11.
2126 550 2208 560 —
2249 532 2533 579 COLLATIO
2574 533 2702 579 xvu

3249 507 3369 575 337

307 703 626 788 purificari,
659 714 852 788 caput
881 707 1100 769 radere
1131 703 1652 785 sacrificiumque
1682 702 1772 766 of·
1799 702 1850 765 A
1881 704 2157 766 servavit
2205 704 2374 786 quod
2422 704 2499 765 ad
2548 703 2795 765 Galatas
2842 701 3097 783 scripsit
3143 720 3157 764 :
3210 700 3369 760 Ecce
3404 715 3666 767 Garama.

306 806 452 868 ferre
489 823 502 866 ε
542 803 902 884 judicantes
953 806 1279 869 uberiores
1330 804 1577 867 fructus
1627 821 1771 865 con-

305 904 566 967 ferendos
609 922 751 965 esse
789 904 904 966 toti
951 905 1250 968 Ecclesiae
1287 924 1364 966 ex
1409 905 1526 966 hac
1571 903 1770 966 solitae

303 1000 688 1064 districtionis
727 1002 1194 1076 immutatione,
1228 1022 1418 1084 quam
1460 1003 1514 1064 si
1543 1001 1771 1064 Paulus

307 1093 657 1182 perstitisset
686 1100 752 1161 in
794 1100 904 1162 illa
943 1121 1072 1164 suae
1102 1119 1270 1164 verae
1303 1100 1770 1182 pra-‚dicationis

305 1199 627 1260 constantia
677 1198 808 1261 fixa
848 1218 924 1260 ac
969 1199 1189 1280 rigida.
1232 1199 1368 1261 Non
1417 1199 1590 1259 enim
1640 1206 1772 1258 tan—

303 1307 422 1358 tum
475 1297 722 1358 lucrum
779 1296 988 1360 fuerat
1042 1298 1232 1360 Paulo
1287 1297 1572 1378 apostolo
1629 1314 1772 1358 oon-

305 1395 607 1457 ferendum
672 1415 749 1456 ex
818 1403 1115 1476 praetacta
1177 1415 1291 1457 sua
1352 1395 1768 1468 districtione,

303 1502 584 1575 quantum
623 1493 1078 1556 detrimentum
1123 1494 1436 1556 evenisset
1475 1493 1772 1574 gentibus

305 1593 590 1654 universis
633 1611 709 1654 ex
755 1593 947 1654 celeri
986 1593 1276 1673 ejusdem
1318 1593 1490 1655 Pauli
1529 1599 1774 1673 aposto-

309 1691 342 1752 li
370 1691 691 1754 occisione.
727 1691 901 1764 Quod
940 1692 1397 1754 detrimentum
1437 1690 1772 1752 accidisset

305 1797 438 1850 tunc
468 1790 678 1871 procul
716 1789 914 1852 dubio
950 1791 1262 1852 universa}
1293 1788 1612 1861 Ecclesiae,
1647 1789 1770 1850 nisi

1880 821 1996 884 ego
2042 803 2462 885 Paulus-dico
2506 802 2709 876 vobiS,
2751 802 2901 883 quia
2945 802 2997 864 si
3042 799 3372 862 circumci-

1879 903 2143 975 damini,
2188 901 2473 965 Christus
2519 902 2699 964 vobis
2748 900 2907 962 nihil
2960 899 3274 982 proderit3
3309 905 3372 960 et

1881 1001 1990 1063 ubi
2037 1001 2099 1062 in
2141 1001 2453 1063 Timothei
2500 1001 2985 1062 circumcisione
3028 997 3371 1079 assumpsit
3402 1011 3664 1058 Ace.xv1,3.

1880 1099 2219 1181 quamdam
2283 1100 2557 1162 Judaicae
2618 1099 3086 1182 superstitionis
3148 1096 3372 1178 imagi-

1879 1216 2048 1260 nem.
2085 1198 2161 1259 Et
2206 1217 2424 1259 rursus
2470 1206 2788 1278 quaeretur
2821 1215 2835 1258 ε
2872 1197 2986 1260 Ubi
3028 1195 3231 1258 factus
3278 1201 3375 1256 est

1878 1297 1972 1358 eis
2032 1297 2142 1377 qui
2204 1296 2323 1358 sub
2383 1297 2518 1377 lege
2576 1303 2776 1370 erant,
2829 1296 3011 1377 quasi
3069 1294 3189 1356 sub
3237 1293 3374 1375 lege

1879 1399 2090 1458 esset?
2141 1395 2343 1467 Certe,
2398 1395 2505 1457 ubi
2555 1395 2823 1458 Jacobus
2878 1412 3229 1475 omnesque
3285 1411 3378 1454 se-

1881 1495 2090 1557 niores
2151 1493 2578 1557 formidabant
2634 1512 2714 1555 ne
2775 1494 2840 1555 in
2900 1512 3048 1555 eum
3109 1492 3376 1553 irrueret

1884 1593 2225 1655 multitudo
2246 1594 2276 1654 J
2282 1593 2604 1655 udaeorum
2637 1590 3188 1664 credentium,imo
3210 1589 3381 1653 Chri-

1881 1692 2233 1754 stianorum
2289 1691 2774 1772 judaizantium,
2836 1711 2977 1773 quae
3036 1690 3123 1751 ita
3178 1688 3373 1751 sidem

1884 1791 2111 1854 Christi
2164 1791 2445 1872 suscepit
2489 1797 2559 1851 ut
2600 1789 2807 1852 adhuc
2855 1795 3133 1851 servaret
3181 1787 3374 1848 ritum

305 1887 422 1949 haec
469 1888 806 1950 moderatio
856 1896 919 1950 et
967 1889 1260 1951 salutaris
1309 1889 1608 1950 discretio
1655 1888 1772 1949 eri-
1807 1891 1854 1954 B
1884 1889 2392 1952 caerimoniarum
2453 1889 2791 1968 legalium3
2854 1888 2995 1949 ideo
3052 1905 3377 1948 succurre-

306 1987 520 2067 puisset
570 1994 720 2048 tunc
770 1987 1032 2049 Paulum
1085 2005 1211 2049 non
1262 1987 1468 2048 solum
1519 1988 1596 2049 de
1646 2005 1772 2047 ma-

305 2085 474 2146 nibus
511 2084 868 2147 infidelium
898 2085 1281 2158 Iudaeorum,
1314 2104 1536 2147 verum
1578 2086 1769 2146 etiam

305 2183 778 2246 Christianorum
818 2201 1018 2265 usque
1050 2191 1204 2245 tunc
1235 2182 1442 2245 zelum
1484 2184 1638 2265 legis
1669 2183 1774 2245 ha-

305 2281 590 2351 bentium,
635 2291 1146 2364 reservassetque
1195 2301 1342 2344 eum
1392 2283 1772 2363 evangelicae

308 2381 731 2459 pra-dicationi.
790 2381 966 2443 Tunc
1025 2399 1278 2463 nempe,
1341 2388 1410 2442 ut
1467 2380 1768 2454 diximus,

305 2478 632 2540 necessarie
661 2497 734 2541 ac
767 2477 1171 2541 veniabiliter
1208 2478 1636 2560 acquiescitur
1671 2479 1774 2540 de-

306 2575 578 2638 trimento
629 2578 856 2639 mutati
919 2577 1226 2658 propositi
1285 2585 1393 2638 aut
1450 2577 1770 2659 promissi,

305 2675 533 2753 quando
575 2676 650 2738 de
691 2683 996 2738 consueta
1042 2676 1438 2738 districtione
1483 2675 1772 2737 imminet

307 2772 494 2854 majus
528 2774 958 2857 dispendium,
993 2782 1056 2836 et
1085 2775 1326 2836 utilitas
1358 2795 1498 2856 quae
1533 2775 1776 2837 confer-

309 2875 396 2930 tur
448 2873 522 2934 de
577 2873 1018 2935 observatione
1081 2873 1296 2934 statuti
1363 2892 1774 2955 compensare

307 2987 417 3031 non
464 2971 756 3052 praevalet
799 2971 1032 3034 damna
1079 2971 1204 3034 illa.
1250 2973 1423 3045 Quod
1469 2980 1776 3053 tempera-

1883 1988 2032 2050 bant
2086 1987 2370 2069 periculo
2428 1988 2599 2049 Pauli
2658 1987 2776 2049 hoc
2834 1986 3098 2047 consilio
3146 1993 3207 2046 et
3257 1985 3374 2046 hac

1883 2087 2313 2169 persuasione,
2357 2086 2639 2147 dicentes
2674 2103 2687 2147 :
2720 2085 2930 2158 vides,
2973 2082 3187 2156 frater,
3222 2089 3377 2164 quot
3452 2095 3668 2144 temam,

1885 2185 2085 2247 millia
2133 2185 2261 2247 sint
2310 2185 2373 2246 in
2416 2183 2646 2246 Judaeis
2690 2183 2801 2264 qui
2846 2183 3271 2255 crediderunt,
3313 2189 3377 2243 et
3406 2162 3562 2210 ²⁰³³·

1882 2301 2102 2347 omnes
2153 2282 2551 2344 aemulatores
2602 2290 2749 2343 sunt
2799 2281 2989 2360 legis;
3040 2281 3377 2342 audierunt

1882 2389 2094 2444 autem
2141 2383 2218 2443 de
2264 2389 2323 2442 te
2366 2381 2532 2461 quod
2578 2381 3029 2443 discessionem
3074 2380 3299 2441 doceas
3342 2398 3379 2440 a

1883 2481 2112 2562 Moyse,
2146 2497 2366 2542 eorum
2400 2480 2509 2560 qui
2552 2498 2665 2560 per
2704 2488 2923 2560 gentes
2962 2486 3111 2540 sunt
3137 2477 3377 2540 Judaeo-

1885 2598 2050 2652 rum,
2083 2580 2301 2640 dicens
2344 2595 2468 2640 non
2510 2577 2740 2639 debere
2772 2595 2879 2639 eos
2920 2576 3376 2639 circumcidere

1885 2679 2054 2741 filios
2104 2695 2292 2754 suos;
2344 2685 2405 2738 et
2455 2676 2641 2747 infra,
2684 2677 2811 2738 Hoc
2861 2694 3009 2758 ergo
3057 2675 3157 2737 fac
3205 2675 3374 2756 quod
3404 2687 3667 2737 [mazaei.

1884 2777 2000 2839 tibi
2060 2777 2334 2838 dicimus
2392 2793 2405 2836 ε
2471 2775 2629 2837 Sunt
2687 2774 2871 2836 nobis
2929 2774 3049 2835 viri
3105 2781 3377 2854 quatuor

1884 2883 2103 2938 votum
2148 2873 2453 2936 habentes
2496 2892 2689 2954 super
2726 2890 2827 2940 se:
2871 2872 2967 2934 his
3006 2871 3373 2952 assumptiS,

1885 2972 2216 3035 sanctifica
2250 2979 2308 3033 te
2341 2991 2488 3044 cum
2529 2972 2678 3044 inis,
2712 2979 2771 3032 et
2806 2970 3101 3053 impende
3144 2971 3207 3030 in
3248 2969 3377 3030 illis

309 3077 571 3131 mentum
601 3090 710 3132 seu
745 3071 1152 3132 moderamen
1185 3071 1352 3132 idem
1379 3070 1606 3132 Paulus
1635 3089 1780 3152 apo-
1809 3081 1852 3144 C
1886 3080 1955 3134 ut
1984 3072 2206 3134 radant
2236 3071 2473 3152 capita3
2500 3079 2561 3131 et
2593 3071 2795 3132 scient
2823 3087 3043 3131 omnes
3074 3068 3374 3149 quoniam

306 3168 483 3230 stolus
515 3176 775 3231 testatur
803 3189 870 3231 se
902 3187 1155 3251 semper
1180 3169 1458 3231 tenuisse
1489 3169 1604 3232 sub
1634 3169 1776 3231 aliis

247 3267 518 3330 uerbis
560 3269 762 3342 Quum
811 3269 985 3330 enim
1034 3268 1122 3331 ait
1165 3286 1178 3330 ε
1223 3269 1445 3330 Factus
1495 3288 1634 3331 sum
1675 3270 1777 3331 Ju-

306 3365 440 3428 daeis
483 3375 778 3449 tanquam
818 3368 1092 3440 JudaeuS,
1129 3375 1198 3428 ut
1234 3366 1479 3429 Judaeos
1523 3366 1776 3428 lucrifa-

303 3481 526 3544 cerem3
557 3465 654 3528 his
685 3466 796 3549 qui
837 3466 976 3528 sine
1008 3465 1142 3547 lege
1180 3472 1380 3538 erant,
1414 3466 1594 3547 quasi
1637 3466 1773 3528 sine

304 3562 421 3644 lege
463 3583 664 3626 essem
701 3565 932 3647 (quum
983 3565 1120 3627 sine
1167 3566 1301 3645 lege
1351 3564 1462 3626 Dei
1511 3583 1636 3626 non
1682 3583 1775 3626 es-

299 3681 440 3733 sem,
471 3665 577 3726 sed
606 3664 674 3725 in
707 3664 842 3744 lege
876 3663 1105 3726 Christi
1136 3665 1392 3744 essem),
1427 3671 1496 3725 ut
1524 3682 1631 3726 eos
1664 3664 1771 3745 qui

301 3761 406 3822 sub
461 3763 592 3844 lege
650 3770 832 3824 erant
892 3762 1334 3824 lucrifacerem
1398 3781 1410 3824 :
1472 3763 1773 3825 omnibus

299 3861 492 3922 omnia
529 3861 732 3922 factus
771 3879 938 3932 sum,
973 3869 1040 3920 ut
1080 3879 1300 3922 omnes
1341 3859 1616 3922 facerem
1658 3859 1774 3922 sal-

300 3975 432 4036 vos3
463 3960 610 4040 quid
640 3958 814 4021 aliud
844 3959 1143 4031 ostendit,
1168 3977 1358 4039 quam
1393 3960 1773 4021 condescen-

300 4055 448 4118 disse
477 4077 541 4119 se
569 4076 824 4138 semper
864 4056 1167 4138 parvuliS,
1201 4058 1552 4119 secundum
1597 4056 1772 4118 infir-

303 4157 562 4218 mitatem
594 4164 657 4219 et
690 4175 1054 4218 mensuram
1089 4175 1308 4218 eorum
1341 4175 1499 4238 quos
1532 4157 1768 4229 docuit,

1883 3189 1958 3232 ea
2007 3189 2148 3251 quae
2196 3170 2273 3231 de
2325 3176 2385 3229 te
2433 3169 2793 3242 audierunt,
2844 3167 3003 3228 falsa
3050 3173 3219 3238 sunt,
3265 3165 3375 3227 sed

1883 3268 2172 3331 ambulas
2236 3269 2371 3350 ipse
2435 3268 2797 3330 custodiens
2862 3267 3083 3346 legem.
3148 3265 3377 3346 Sicque

1883 3369 2206 3450 apostolus
2262 3367 2490 3429 Paulus
2550 3385 2662 3448 pro
2710 3365 2911 3428 salute
2962 3364 3215 3427 illorum
3265 3365 3377 3445 qui

1883 3467 2004 3529 sub
2035 3466 2171 3547 lege
2202 3472 2402 3539 erant,
2434 3466 2681 3527 calcans
2714 3473 2773 3527 et
2808 3464 3021 3526 laxans
3056 3463 3379 3545 paulisper

1882 3565 2345 3628 districtionem
2387 3565 2715 3628 sententiae
2759 3584 2909 3636 suae,
2944 3583 3069 3644 qua
3109 3563 3376 3636 dixerat,

1885 3667 2013 3746 Ego
2043 3665 2215 3727 enim
2250 3684 2362 3746 per
2393 3666 2595 3744 legem
2631 3664 2752 3744 legi
2792 3670 3078 3725 mortuus
3110 3682 3274 3733 sum,
3310 3669 3379 3722 ut

1883 3765 2012 3826 Deo
2045 3763 2289 3840 vivam;
2323 3781 2662 3844 persuasus
2702 3769 2797 3822 est
2838 3768 3028 3842 caput
3069 3760 3285 3821 radere
3317 3768 3373 3820 et

1883 3863 2234 3924 secundum
2279 3861 2480 3942 legem
2517 3860 2868 3942 purificari,
2902 3877 2975 3920 ac
3007 3859 3131 3920 ritu
3164 3857 3380 3920 Mosai—

1883 3979 1956 4023 co
2000 3969 2144 4023 vota
2188 3960 2421 4022 offerre
2467 3959 2531 4021 in
2576 3958 2836 4040 templo.

1962 4060 2211 4133 Quaeres
2251 4059 2441 4120 etiam
2492 4057 2600 4118 ubi
2646 4056 2850 4119 sactus
2894 4055 2976 4117 sit
3015 4055 3195 4137 quasi
3240 4055 3377 4116 sine

1883 4159 2018 4240 lege
2063 4156 2312 4231 fuisset,
2346 4174 2461 4238 pro
2504 4156 2705 4218 salute
2750 4173 2969 4217 eorum
3014 4154 3122 4235 qui
3173 4153 3377 4233 legem

3450 3684 3602 3726 Galat.
3630 3696 3672 3732 u,

3412 3751 3476 3791 ¹9.

300 4261 354 4315 et
386 4255 618 4337 aliquid
661 4254 974 4316 relaxasse
1013 4275 1050 4316 a
1090 4254 1497 4336 perfectionis
1541 4255 1768 4336 rigore,
1801 4260 1850 4321 D
1881 4257 1989 4319 Dei
2046 4256 2300 4338 penitus
2350 4254 2739 4335 ignorabant.
2782 4253 2945 4333 Lege
2989 4270 3115 4334 quo
3158 4252 3381 4333 praedi-

299 4372 403 4415 nec
457 4355 734 4416 tenuisse
792 4371 860 4414 se
919 4371 1172 4435 semper
1229 4354 1398 4435 quod
1459 4354 1771 4416 districtio

299 4451 482 4532 rigida
517 4452 855 4516 videbatur
905 4453 1249 4533 requirere,
1293 4453 1403 4514 sed
1448 4453 1510 4515 id
1561 4453 1771 4534 potius

300 4552 630 4631 praetulisse
679 4552 849 4633 quod
900 4549 1306 4613 infirmorum
1362 4552 1599 4614 utilitas
1646 4553 1773 4614 exi-

298 4648 508 4728 gebat?

369 4749 642 4831 Denique
675 4756 743 4810 ut
773 4748 909 4811 haec
940 4749 1161 4810 eadem
1192 4749 1493 4810 attentius
1524 4749 1774 4830 indage-

301 4857 524 4922 muS,et
551 4847 878 4929 sigillatim
911 4847 1295 4929 replicemus
1327 4848 1601 4929 insignia
1629 4866 1774 4929 apo-

301 4946 645 5008 stolicarum
690 4946 1024 5018 virtutum,
1066 4954 1305 5027 quaeret
1348 4947 1579 5028 aliquis
1622 4965 1775 5028 quo-

305 5045 472 5107 modo
517 5053 772 5108 sanctus
819 5043 1145 5126 apostolus
1193 5044 1420 5106 Paulus
1471 5045 1774 5126 probetur

301 5160 464 5204 suam
514 5161 845 5225 personam
897 5162 1011 5224 per
1059 5143 1273 5205 omnia
1324 5143 1622 5204 omnibus
1677 5161 1775 5206 co-

303 5247 553 5321 aptasse,
602 5249 712 5304 aut
762 5241 872 5303 ubi
923 5241 1126 5303 factus
1175 5249 1270 5303 est
1314 5241 1544 5303 Judaeis
1592 5243 1772 5322 quasi

299 5336 574 5402 Judaeust
620 5337 907 5402 Profecto
965 5337 1077 5412 ibi,
1132 5337 1242 5402 ubi
1301 5339 1526 5401 intimo
1585 5339 1773 5403 corde

1881 4354 2148 4417 cationis
2194 4353 2452 4415 exordio
2502 4371 2652 4414 usus
2701 4351 2784 4413 sit
2828 4351 2891 4413 in
2936 4351 3222 4425 Athenis,
3267 4350 3377 4412 ubi

1882 4453 2238 4517 idololatria
2268 4451 2521 4532 vigebat
2546 4469 2560 4513 ε
2584 4451 2976 4525 PraeterienS,
2995 4449 3225 4530 inquit,
3245 4449 3375 4510 vidi

1883 4552 2224 4614 simulacra
2253 4559 2484 4623 vestra,
2518 4559 2577 4612 et
2609 4569 2781 4612 aram
2816 4549 2881 4612 in
2914 4569 3039 4631 qua
3069 4549 3376 4631 scriptum

1882 4658 2035 4725 erat,
2069 4651 2288 4731 Ignoto
2331 4650 2476 4710 Deo.
2514 4649 2847 4729 Quumque
2890 4649 2967 4711 de
3012 4667 3229 4711 eorum
3282 4667 3381 4708 su-

1883 4748 2255 4832 perstitione
2299 4747 2641 4828 incepisset
2684 4765 3066 4819 sermonem,
3115 4746 3234 4808 sub
3277 4763 3379 4808 oc-

1883 4847 2136 4909 casione
2181 4845 2354 4907 illius
2406 4845 2653 4926 profani
2706 4845 2874 4907 tituli
2925 4845 3139 4907 intulit
3181 4843 3377 4906 fidem

1883 4945 2138 5016 Christi,
2192 4943 2372 5025 quasi
2430 4950 2493 5004 et
2544 4943 2678 5023 ipse
2739 4943 2877 5005 sine
2935 4942 3071 5022 lege
3126 4941 3373 5013 fuisset,

1883 5043 2152 5106 dicendo
2177 5063 2191 5106 :
2218 5042 2392 5117 Quod
2423 5060 2573 5122 ergo
2606 5041 2964 5122 ignorantes
2996 5040 3222 5113 colitiS,
3256 5040 3375 5102 hoc

1883 5161 1999 5223 ego
2047 5141 2357 5203 annuntio
2407 5141 2607 5203 vobiS.
2657 5141 2799 5202 Post
2851 5157 3049 5220 pauca
3096 5156 3372 5220 quoque,

1884 5241 2178 5320 allegavit
2210 5238 2403 5301 verba
2431 5238 2687 5319 gentilis
2723 5244 2923 5318 poeta}
2956 5237 3153 5317 magis
3183 5255 3373 5318 quam

1889 5337 2120 5404 Christi
2163 5345 2273 5401 aut
2314 5336 2565 5422 MoysiS,
2608 5334 2789 5421 quasi
2841 5334 3103 5400 omnino
3152 5332 3377 5400 fuisset

3444 4469 3545 4513 Act.
3569 4482 3670 4520 xvu,

3408 4535 3474 4576 23.

3444 5066 3611 5111 Ibidem
3619 5096 3630 5107 .
