4359 6267
155 3843 186 3884 ΙΙ
203 3845 318 3888 Cor.
340 3857 410 3894 ιι,

127 3909 192 3955 ζῆ,
213 3909 286 3950 29.

123 5028 410 5076 nnuman,

123 5095 186 5135 43,
212 5097 280 5134 ut.

1110 511 1524 559 COLLATIONUM
1568 513 1652 558 SS.
1689 511 1930 558 PATRUM
1973 511 2148 558 LIBER
2190 514 2251 559 11.
2297 532 2377 542 ·—
2416 513 2705 560 COLLATIO
2743 515 2896 560 xxm

3432 490 3547 555 401

454 682 608 762 quid
657 681 881 744 beatus
921 683 1261 765 Apostolus
1305 683 1536 745 dixerit
1578 682 1842 757 bonum,
1885 691 1946 744 et
1976 680 2027 743 A
2058 683 2399 759 distractis,
2431 683 2747 766 possessio
2784 684 2972 745 unius
3012 682 3413 746 solummodo
3440 680 3548 742 bo-

453 780 614 862 quid
655 782 1129 863 comparatione
1173 781 1324 844 boni
1363 781 1782 843 insinuaverit
1821 801 1948 843 ma-

452 879 618 953 lum,
649 879 1072 942 discutiamus
1104 897 1230 942 non
1270 879 1441 941 nuda
1481 878 1948 961 significatione

450 977 824 1051 verborum,
867 979 977 1041 sed
1023 979 1246 1042 eodem
1298 978 1622 1041 intellectu
1670 997 1798 1060 quo
1842 979 1948 1040 ille

453 1075 708 1138 locutus
747 1083 865 1151 est,
898 1077 1119 1158 sicque
1160 1084 1521 1139 scrutemur
1554 1075 1948 1138 intellectum

448 1174 797 1237 verborum
842 1175 1044 1257 ipsius
1083 1175 1436 1238 secundum
1471 1175 1844 1256 dignitatem
1877 1193 1948 1236 ac

448 1273 758 1334 meritum
814 1273 1212 1355 proferentis
1266 1275 1440 1336 Tunc
1487 1273 1659 1335 enim
1723 1273 1952 1355 poteri-

447 1390 598 1434 mus
647 1371 1004 1452 intelligere
1046 1372 1392 1435 sententias
1431 1372 1558 1434 Deo
1601 1372 1950 1454 inspirante

449 1469 755 1552 prolatas»,
779 1471 1132 1532 secundum
1166 1471 1557 1534 voluntatem
1590 1478 1780 1552 atque
1811 1488 1950 1552 pro—

447 1569 736 1650 positum
806 1569 1200 1651 inspirantiS,
1264 1569 1416 1632 dum
1487 1569 1949 1651 perpendentes

445 1675 688 1729 statum
733 1667 1166 1749 meritumque
1200 1686 1420 1730 eorum
1461 1687 1498 1729 a
1537 1667 1772 1749 quibus
1813 1685 1950 1749 pro-

447 1766 592 1828 latae
649 1773 821 1840 sunt,
885 1765 1283 1828 induerimus
1344 1785 1556 1848 parem
1615 1765 1944 1838 affectum,

2059 783 2123 843 ni
2173 782 2332 845 ditet
2381 782 2948 846 innumerabilium
3000 780 3392 844 venditorem
3446 779 3551 842 bo-

2057 898 2307 942 norum.

2467 1124 2969 1190 CAPITULUM
3027 1128 3147 1190 III.

2059 1280 2222 1348 Quid
2248 1281 2330 1334 sit
2359 1280 2521 1337 illud
2548 1282 2764 1338 bonum
2784 1284 2945 1356 quod
2960 1285 3281 1356 Apostolus
3302 1289 3552 1341 testatus

2378 1377 2467 1426 est
2494 1388 2556 1426 se
2582 1388 2706 1428 non
2726 1389 2904 1444 posse
2922 1375 3236 1445 perficere.

2063 1565 2355 1768 QUOD
2386 1562 2534 1651 ergo
2563 1578 2658 1632 est
2687 1591 2883 1633 unum
2917 1571 3074 1633 illud
3106 1573 3274 1652 quod
3300 1579 3427 1633 tam
3463 1571 3552 1634 in-

2218 1669 2731 1750 comparabiliter
2762 1669 3152 1751 praeponitur
3183 1669 3372 1731 tantis
3402 1677 3553 1732 tam·

2058 1785 2182 1847 que
2226 1766 2581 1828 innumeris
2618 1767 2804 1830 bonis
2843 1768 2993 1843 illis,
3028 1768 3113 1829 ita
3152 1776 3220 1829 ut
3249 1767 3550 1830 omnibus

447 1883 580 1927 non
629 1864 868 1938 verbiS,
921 1865 1030 1926 sed
1081 1865 1558 1946 experimentiS,
1607 1865 1788 1946 juxta
1841 1884 1948 1926 cu-
1987 1865 2186 1932 Billis
2225 1864 2464 1927 relictis
2502 1884 2574 1927 ac
2615 1866 2867 1947 spretiS,
2898 1866 3104 1928 solum
3145 1866 3371 1928 debeat·
3409 1885 3551 1948 pos-

441 1963 552 2044 jus
599 1963 874 2025 affectus
924 1963 1293 2046 qualitatem
1346 1964 1656 2026 universae
1699 1969 1948 2026 senten-

443 2063 555 2125 tiae
604 2063 831 2145 procul
872 2061 1070 2124 dubio
1109 2061 1558 2143 concipiuntur
1595 2069 1704 2123 aut
1742 2061 1948 2143 profe-

443 2169 690 2224 runtur.

528 2259 958 2333 Quamobrem
991 2258 1361 2339 diligentius
1393 2258 1764 2339 indagemus
1794 2258 1946 2340 quid

443 2360 529 2421 sit
591 2358 1033 2441 principaliter
1090 2357 1328 2419 bonum
1390 2356 1558 2438 quod
1610 2356 1948 2437 Apostolus

443 2457 740 2541 nequivit
773 2456 1280 2539 implere‚quum
1315 2455 1532 2518 voluit.
1551 2455 1742 2517 Multa
1773 2475 1948 2516 nam-

441 2577 571 2639 que
628 2563 779 2618 sunt
835 2556 1000 2618 bona
1052 2573 1192 2636 quae
1248 2572 1478 2635 negare
1535 2571 1665 2614 non
1725 2571 1947 2634 possu-

445 2676 594 2718 mus
656 2661 950 2716 sanctum
1012 2651 1385 2734 Apostolum
1445 2658 1508 2712 et
1567 2651 1738 2714 viros
1795 2668 1948 2732 apo-

441 2754 654 2816 stolici
705 2752 922 2814 meriti
976 2751 1275 2814 habuisse
1324 2768 1438 2831 per
1486 2757 1800 2822 naturam,
1846 2750 1947 2812 vel

440 2851 866 2933 acquisivisse
906 2868 1020 2931 per
1057 2847 1346 2931 gratiam.
1383 2847 1553 2909 Bona
1585 2848 1825 2929 quippe
1854 2855 1950 2908 est

443 2949 724 3022 castitaS‚
782 2947 1120 3009 laudabilis
1176 2945 1582 3018 abstinentia,
1643 2945 1950 3008 imitanda

2058 1963 2299 2025 sideri?
2346 1963 2661 2026 Nimirum
2714 1963 2925 2046 ipsum
2977 1973 3073 2026 est
3116 1983 3259 2046 pars
3309 1965 3553 2046 optima

2059 2061 2244 2141 cujus
2316 2061 2859 2142 magnificentiam
2930 2070 2994 2124 et
3060 2063 3545 2144 perpetuitatem

2056 2178 2255 2241 quum
2292 2160 2585 2238 elegisset
2614 2161 2826 2234 Maria,
2851 2160 3073 2224 relicto
3103 2161 3550 2243 hospitalitatis

2056 2277 2128 2319 ac
2168 2259 2646 2320 sustentationis
2690 2258 2933 2330 offici0,
2966 2259 3060 2322 sic
3105 2259 3479 2322 laudabatur
3515 2279 3551 2322 a

2058 2356 2327 2418 Domino
2378 2374 2391 2417 ε
2444 2357 2701 2430 Martha,
2749 2359 3008 2432 Martha,
3056 2358 3326 2420 sollicita
3373 2377 3440 2420 es
3488 2366 3550 2420 et
3591 2385 3825 2437 Lucam,

2060 2454 2332 2516 turbaris
2382 2473 2530 2535 erga
2579 2455 2886 2537 plurima3
2930 2456 3148 2537 paucis
3192 2475 3341 2518 vero
3389 2475 3549 2538 opus
3579 2453 3646 2493 ⁴²·

2055 2561 2172 2626 est,
2206 2560 2315 2614 aut
2344 2553 2535 2614 etiam
2568 2571 2713 2615 un0.
2748 2555 2940 2616 Maria
2968 2555 3274 2636 optimam
3307 2563 3549 2637 partem

2056 2651 2268 2731 elegit,
2312 2671 2453 2734 quae
2503 2669 2629 2713 non
2680 2652 3003 2715 auferetur
3039 2652 3119 2714 ab
3161 2646 3251 2716 ea.
3288 2653 3554 2716 Theoria

2057 2767 2207 2830 ergo
2246 2768 2357 2810 seu
2400 2750 2851 2832 contemplatio
2882 2751 2990 2814 Dei
3024 2771 3150 2813 una
3179 2758 3238 2813 et
3272 2752 3403 2814 sola
3433 2761 3549 2826 est,

2059 2848 2158 2909 cui
2196 2847 2421 2910 merito
2454 2856 2921 2930 postponuntur
2950 2850 3165 2911 omnia
3208 2850 3431 2912 merita
3457 2851 3554 2931 ju-

2057 2944 2515 3008 stificationum
2566 2955 2628 3008 et
2676 2947 2884 3008 studia
2942 2956 3170 3009 cuncta
3218 2948 3547 3010 virtutum.

445 3045 810 3129 prudentia,
847 3046 1016 3126 larga
1062 3044 1449 3116 humanitaS,
1484 3044 1949 3126 circumspecta
1986 3050 2029 3114 C
2059 3046 2246 3124 Porro
2276 3045 2490 3107 omnia
2532 3045 2639 3107 illa
2670 3065 2811 3127 quae
2840 3045 3119 3108 diximus
3158 3046 3222 3108 in
3254 3047 3555 3128 Apostolo

443 3146 780 3216 sobrietaS,
815 3144 1100 3206 modesta
1139 3142 1580 3224 temperantia,
1617 3143 1720 3224 pia
1765 3143 1950 3205 mise-

445 3243 740 3314 ricordia,
786 3248 1004 3303 sancta
1042 3239 1290 3320 justitia
1327 3257 1340 3300 ε
1375 3258 1518 3321 quae
1560 3241 1775 3302 omnia
1817 3249 1943 3302 tam

445 3343 632 3424 plene
663 3348 854 3422 atque
885 3338 1166 3420 perfecte
1198 3337 1458 3399 fuerunt
1484 3338 1549 3399 in
1578 3337 1764 3401 beato
1788 3338 1947 3421 Apo-

443 3441 606 3502 stolo
646 3447 711 3501 et
751 3439 893 3518 ejus
938 3435 1361 3509 consortibus,
1403 3436 1738 3518 utreligio
1782 3437 1945 3498 chri-

444 3537 650 3599 stiana
715 3537 1050 3598 doceretur
1110 3535 1192 3597 ab
1247 3536 1338 3597 eis
1405 3534 1769 3616 magisterio
1826 3535 1988 3614 vir-‚

445 3643 655 3697 tutum
719 3635 930 3716 potius
990 3653 1180 3716 quam
1243 3633 1606 3697 verborum.
1661 3634 1946 3715 Denique

442 3734 680 3814 jugiter
711 3732 1060 3795 urebantur
1085 3731 1341 3793 assidua
1367 3751 1520 3793 cura
1547 3751 1619 3793 ac
1651 3732 1943 3814 pervigili

444 3831 879 3894 sollicitudine
919 3831 1210 3893 omnium
1260 3830 1711 3892 Ecclesiarum.
1746 3830 1946 3903 Quan-

445 3941 582 3993 tum
617 3932 738 3994 hoc
772 3930 1224 3992 misericordiae
1257 3929 1521 4005 bonum,
1546 3938 1780 4011 quanta
1811 3948 1947 4011 per-

445 4029 638 4092 fectio
689 4036 950 4110 propter
1009 4025 1505 4090 scandalizantes
1565 4027 1945 4090 scandaliza-

443 4137 670 4210 tosque
705 4127 830 4201 uri,
864 4147 1012 4189 cum
1057 4125 1540 4188 infirmantibus
1583 4126 1944 4189 infirmari?

2057 3143 2396 3216 exstitisse,
2432 3161 2557 3205 non
2591 3143 2796 3206 solum
2839 3152 2986 3205 sunt
3018 3142 3182 3206 bona
3218 3152 3407 3226 atque
3438 3146 3555 3207 uti-

2059 3242 2164 3315 lia,
2199 3242 2308 3303 sed
2341 3241 2533 3304 etiam
2567 3242 2867 3323 praeclara
2896 3249 2960 3304 et
2991 3261 3252 3324 magna3
3292 3244 3402 3305 sed
3434 3244 3553 3306 sic·

2059 3348 2129 3400 ut
2159 3347 2481 3414 stannum,
2514 3339 2691 3401 verbi
2733 3340 2954 3421 gratia,
2990 3341 3055 3403 in
3094 3359 3161 3402 se
3195 3341 3556 3423 aliqualiter

2060 3439 2215 3500 utile
2264 3447 2327 3500 et
2374 3447 2731 3520 acceptum,
2783 3439 3034 3501 vilescit
3086 3441 3553 3521 comparatione

2057 3537 2323 3618 argenti,
2344 3545 2675 3618 argentum
2707 3555 2962 3619 quoque
2992 3547 3285 3620 respectu
3314 3540 3473 3615 auri,
3492 3549 3555 3602 et

2056 3654 2284 3697 aurum
2325 3653 2440 3717 pro
2480 3636 2749 3715 gemmis
2792 3635 3174 3716 quibusdam
3210 3639 3557 3700 contemni-

2057 3741 2180 3808 tur,
2218 3733 2561 3797 multitudo
2595 3734 2745 3796 item
2776 3753 3171 3815 gemmarum
3205 3735 3553 3817 insignium

2056 3832 2336 3895 vincitur
2376 3833 2647 3894 candore
2682 3841 2745 3894 et.
2773 3833 2986 3895 valore
3027 3835 3377 3913 margaritae
3418 3836 3556 3896 uni-

2058 3948 2164 4008 us3
2206 3929 2299 3991 sic
2348 3931 2564 3993 omnia
2612 3930 2719 3991 illa
2769 3931 2990 3993 merita
3039 3932 3389 3994 sanctitatis
3439 3953 3552 3996 seu

2055 4036 2233 4089 actus
2272 4028 2606 4098 virtutum,
2640 4028 2931 4109 quamvis
2976 4047 3099 4090 non
3142 4029 3347 4091 solum
3386 4030 3554 4092 bona

2055 4133 2247 4208 atque
2303 4125 2483 4187 utilia
2540 4125 2668 4187 sint
2718 4126 2795 4186 ad
2850 4143 3147 4206 praesenS,
3204 4127 3313 4189 sed
3364 4127 3552 4208 glori-

441 4228 648 4301 Quum
678 4243 828 4305 ergo
853 4224 1186 4306 Apostolus
1214 4224 1626 4287 abundaverit
1650 4225 1945 4306 omnibus
1977 4230 2024 4290 D
2055 4244 2157 4287 am
2209 4223 2576 4286 aeternitatis
2626 4223 2977 4305 acquirant,
3026 4232 3235 4287 tamen
3284 4225 3335 4286 si
3388 4244 3555 4288 com-

440 4325 629 4388 bonis
662 4324 784 4396 his,
817 4341 943 4385 non
978 4341 1317 4405 possumus
1350 4340 1727 4403 cognoscere
1759 4325 1943 4404 cujus

439 4425 593 4487 boni
635 4421 1029 4504 perfectione
1061 4421 1354 4493 caruerit,
1391 4420 1515 4483 nisi
1548 4420 1944 4502 proficiendo

441 4522 811 4584 venerimus
871 4520 949 4582 ad
1011 4519 1194 4580 illum
1255 4519 1560 4581 affectum
1623 4538 1750 4601 quo
1808 4520 1943 4602 ipse

443 4621 694 4683 locutus
744 4626 859 4680 est.
916 4617 1216 4691 Quamvis
1276 4618 1488 4700 itaque
1534 4637 1757 4680 omnes
1811 4619 1944 4682 istae

441 4719 712 4780 virtutes
756 4735 914 4798 quas
965 4715 1208 4791 habuit,
1251 4716 1379 4778 sint
1420 4717 1600 4797 quasi
1652 4718 1943 4798 pretiosae

439 4837 516 4880 ac
547 4814 1082 4898 splendidissimae
1112 4833 1404 4895 gemmae,
1441 4821 1652 4877 tamen
1685 4816 1738 4877 si
1772 4834 1941 4878 com-

441 4922 749 4999 parentur
811 4913 908 4975 illi
971 4912 1288 4995 praeclarae
1355 4921 1544 4994 atque
1605 4915 1942 4996 praecipuae

439 5013 804 5095 margaritas
863 5031 1055 5094 quam
1119 5012 1524 5093 evangelicus
1593 5013 1942 5093 negotiator

439 5112 778 5195 inquirens
829 5109 1142 5172 desiderat
1193 5128 1428 5184 emere,
1473 5117 1732 5191 propter
1779 5110 1940 5173 hanc

437 5211 728 5274 vendens
777 5207 1074 5269 universa
1121 5227 1262 5290 quae
1313 5208 1614 5289 possidet,
1659 5207 1760 5270 ita‘
1788 5209 1940 5271 vile-

438 5316 628 5371 scunt
670 5314 733 5369 et
779 5312 1299 5378 contemnuntur,
1333 5313 1403 5366 ut
1445 5305 1538 5367 eis
1581 5305 1718 5367 sine
1765 5323 1940 5368 mora

2057 4331 2359 4404 parentur
2403 4322 2649 4383 meritis
2694 4322 3247 4403 contemplationis
3296 4323 3549 4398 divinae,

2054 4422 2521 4504 reputabuntur
2560 4421 2734 4495 vilia,
2777 4428 2840 4482 et
2884 4430 2952 4483 ut
2991 4421 3083 4483 sic
3124 4420 3366 4503 loquar,
3407 4443 3554 4486 ven-

2053 4521 2277 4583 denda.

2131 4619 2407 4701 Denique
2440 4627 2508 4681 ut
2539 4619 3005 4701 Scripturarum
3035 4620 3367 4683 auctoritas
3400 4639 3556 4684 com·

2054 4717 2448 4800 parationem
2496 4718 2681 4779 istam
2732 4717 3091 4792 confirmet,
3136 4737 3346 4782 nonne
3389 4721 3550 4782 Scri-

2054 4823 2241 4898 ptura
2277 4816 2655 4896 generaliter
2695 4824 3077 4898 protestatur
3116 4818 3193 4879 de
3238 4817 3551 4881 universis

2051 4933 2087 4976 a
2117 4915 2246 4977 Deo
2280 4914 2529 4988 creatiS,
2555 4915 2781 4977 Omnia
2814 4935 2955 4996 quae
2985 4915 3139 4977 fecit
3168 4916 3333 4978 Deus
3372 4925 3550 4979 erant
3598 4939 3707 4982 Gen.
3729 4952 3757 4988 ι,
3774 4941 3840 4990 31,

2052 5011 2234 5073 valde
2286 5010 2491 5090 bona3
2535 5019 2598 5073 et
2644 5012 2897 5085 iterum,
2942 5011 3165 5075 Omnia
3207 5033 3347 5094 quae
3396 4999 3827 5107 fecitlussoessfx·

2052 5112 2239 5182 DeuS,
2276 5110 2439 5171 bona
2472 5109 2532 5171 in
2569 5117 2852 5191 tempore
2889 5113 3049 5172 suot
3083 5110 3300 5191 Itaque
3334 5112 3549 5173 omnia
3576 5145 3721 5181 xxm,
3762 5095 3829 5175 ἐν.

2050 5227 2193 5290 quae
2219 5214 2367 5268 sunt
2393 5207 2458 5269 in
2486 5207 2940 5288 praesenti,non
2972 5207 3178 5269 solum
3207 5207 3372 5270 bona
3401 5210 3549 5272 sim-

2051 5306 2327 5389 pliciter,
2362 5305 2471 5368 sed
2511 5305 2705 5367 etiam
2742 5305 2925 5367 valde
2965 5305 3133 5367 bona
3168 5307 3543 5370 consistunt.
