<?xml version="1.0" encoding="UTF-8"?>
<!DOCTYPE html PUBLIC "-//W3C//DTD XHTML 1.0 Transitional//EN"
    "http://www.w3.org/TR/xhtml1/DTD/xhtml1-transitional.dtd">
<html xmlns="http://www.w3.org/1999/xhtml" xml:lang="en" lang="en">
 <head>
  <title>
</title>
<meta http-equiv="Content-Type" content="text/html;charset=utf-8" />
  <meta name='ocr-system' content='tesseract 3.04.00' />
  <meta name='ocr-capabilities' content='ocr_page ocr_carea ocr_par ocr_line ocrx_word'/>
</head>
<body>
  <div class='ocr_page' id='page_1' title='image "./doctorisecstati03denigoog_0207.png"; bbox 0 0 4359 6267; ppageno 0'>
   <div class='ocr_carea' id='block_1_1' title="bbox 136 1932 325 1981">
    <p class='ocr_par' dir='ltr' id='par_1_1' title="bbox 136 1932 325 1981">
     <span class='ocr_line' id='line_1_1' title="bbox 136 1932 325 1981; baseline 0.011 -10"><span class='ocrx_word' id='word_1_1' title='bbox 136 1932 325 1981; x_wconf 57' lang='lat' dir='ltr'><strong>Nathan,</strong></span> 
     </span>
    </p>
   </div>
   <div class='ocr_carea' id='block_1_2' title="bbox 128 3538 287 3671">
    <p class='ocr_par' dir='ltr' id='par_1_2' title="bbox 128 3538 287 3671">
     <span class='ocr_line' id='line_1_2' title="bbox 128 3538 287 3620; baseline 0.019 -10"><span class='ocrx_word' id='word_1_2' title='bbox 128 3565 173 3608; x_wconf 64' lang='lat'><strong>25,</strong></span> <span class='ocrx_word' id='word_1_3' title='bbox 192 3538 287 3620; x_wconf 56' lang='lat' dir='ltr'><strong>juxta</strong></span> 
     </span>
     <span class='ocr_line' id='line_1_3' title="bbox 130 3627 209 3671; baseline 0.051 -4"><span class='ocrx_word' id='word_1_4' title='bbox 130 3627 209 3671; x_wconf 76' lang='lat' dir='ltr'><strong>tu.</strong></span> 
     </span>
    </p>
   </div>
   <div class='ocr_carea' id='block_1_3' title="bbox 1060 469 2718 522">
    <p class='ocr_par' dir='ltr' id='par_1_3' title="bbox 1060 469 2718 522">
     <span class='ocr_line' id='line_1_4' title="bbox 1060 469 2718 522; baseline 0.002 -7"><span class='ocrx_word' id='word_1_5' title='bbox 1060 469 1478 516; x_wconf 74' lang='lat' dir='ltr'>COLLATIONUM</span> <span class='ocrx_word' id='word_1_6' title='bbox 1520 471 1607 515; x_wconf 87' lang='lat' dir='ltr'><strong>SS.</strong></span> <span class='ocrx_word' id='word_1_7' title='bbox 1641 470 1885 517; x_wconf 76' lang='lat' dir='ltr'><strong>PA&#39;rmm</strong></span> <span class='ocrx_word' id='word_1_8' title='bbox 1927 472 2103 518; x_wconf 70' lang='lat' dir='ltr'><strong>LIBER</strong></span> <span class='ocrx_word' id='word_1_9' title='bbox 2142 473 2182 518; x_wconf 89' lang='lat'><strong>1.</strong></span> <span class='ocrx_word' id='word_1_10' title='bbox 2229 490 2311 501; x_wconf 84' lang='lat'><strong>--·</strong></span> <span class='ocrx_word' id='word_1_11' title='bbox 2352 472 2636 522; x_wconf 64' lang='lat' dir='ltr'><strong>contulo</strong></span> <span class='ocrx_word' id='word_1_12' title='bbox 2677 476 2718 519; x_wconf 79' lang='lat' dir='ltr'>V</span> 
     </span>
    </p>
   </div>
   <div class='ocr_carea' id='block_1_4' title="bbox 352 638 1916 819">
    <p class='ocr_par' dir='ltr' id='par_1_4' title="bbox 352 638 1916 819">
     <span class='ocr_line' id='line_1_5' title="bbox 353 638 1916 721; baseline 0.003 -23"><span class='ocrx_word' id='word_1_13' title='bbox 353 644 477 699; x_wconf 88' lang='lat' dir='ltr'><strong>tum</strong></span> <span class='ocrx_word' id='word_1_14' title='bbox 524 638 807 721; x_wconf 83' lang='lat' dir='ltr'><strong>expulsae</strong></span> <span class='ocrx_word' id='word_1_15' title='bbox 858 647 1028 713; x_wconf 91' lang='lat' dir='ltr'><strong>sunt,</strong></span> <span class='ocrx_word' id='word_1_16' title='bbox 1082 639 1612 703; x_wconf 80' lang='lat' dir='ltr'><strong>insolescentibus</strong></span> <span class='ocrx_word' id='word_1_17' title='bbox 1660 640 1835 703; x_wconf 90' lang='lat' dir='ltr'><strong>vitiis</strong></span> <span class='ocrx_word' id='word_1_18' title='bbox 1865 639 1916 703; x_wconf 87' lang='lat' dir='ltr'><strong>A</strong></span> 
     </span>
     <span class='ocr_line' id='line_1_6' title="bbox 352 735 1836 819; baseline 0.001 -22"><span class='ocrx_word' id='word_1_19' title='bbox 352 735 518 816; x_wconf 85' lang='lat' dir='ltr'><strong>quasi</strong></span> <span class='ocrx_word' id='word_1_20' title='bbox 558 737 814 818; x_wconf 90' lang='lat' dir='ltr'><strong>populis</strong></span> <span class='ocrx_word' id='word_1_21' title='bbox 852 737 1238 801; x_wconf 82' lang='lat' dir='ltr'><strong>Chananaeis.</strong></span> <span class='ocrx_word' id='word_1_22' title='bbox 1274 738 1609 819; x_wconf 85' lang='lat' dir='ltr'><strong>Quumque</strong></span> <span class='ocrx_word' id='word_1_23' title='bbox 1640 738 1836 801; x_wconf 89' lang='lat' dir='ltr'><strong>virtu-</strong></span> 
     </span>
    </p>
   </div>
   <div class='ocr_carea' id='block_1_5' title="bbox 3319 456 3438 521">
    <p class='ocr_par' dir='ltr' id='par_1_5' title="bbox 3319 456 3438 521">
     <span class='ocr_line' id='line_1_7' title="bbox 3319 456 3438 521; baseline 0.017 -1"><span class='ocrx_word' id='word_1_24' title='bbox 3319 456 3438 521; x_wconf 83' lang='lat'><strong>199</strong></span> 
     </span>
    </p>
   </div>
   <div class='ocr_carea' id='block_1_6' title="bbox 2278 692 3090 757">
    <p class='ocr_par' dir='ltr' id='par_1_6' title="bbox 2278 692 3090 757">
     <span class='ocr_line' id='line_1_8' title="bbox 2278 692 3090 757; baseline 0.001 -1"><span class='ocrx_word' id='word_1_25' title='bbox 2278 692 2780 757; x_wconf 89' lang='lat' dir='ltr'>CAPITULUM</span> <span class='ocrx_word' id='word_1_26' title='bbox 2843 694 3090 757; x_wconf 86' lang='lat' dir='ltr'>XXVI.</span> 
     </span>
    </p>
   </div>
   <div class='ocr_carea' id='block_1_7' title="bbox 355 835 3440 919">
    <p class='ocr_par' dir='ltr' id='par_1_7' title="bbox 355 835 3440 919">
     <span class='ocr_line' id='line_1_9' title="bbox 355 835 3440 919; baseline 0.001 -24"><span class='ocrx_word' id='word_1_27' title='bbox 355 841 435 895; x_wconf 84' lang='lat' dir='ltr'><strong>tes</strong></span> <span class='ocrx_word' id='word_1_28' title='bbox 480 835 615 907; x_wconf 73' lang='lat' dir='ltr'><strong>haS,</strong></span> <span class='ocrx_word' id='word_1_29' title='bbox 641 838 1233 917; x_wconf 76' lang='lat' dir='ltr'><strong>recuperaverimus</strong></span> <span class='ocrx_word' id='word_1_30' title='bbox 1282 856 1396 919; x_wconf 89' lang='lat' dir='ltr'><strong>per</strong></span> <span class='ocrx_word' id='word_1_31' title='bbox 1438 837 1832 918; x_wconf 83' lang='lat' dir='ltr'><strong>diligentiam</strong></span> <span class='ocrx_word' id='word_1_32' title='bbox 1943 840 2115 907; x_wconf 80' lang='lat' dir='ltr'><strong>Quod</strong></span> <span class='ocrx_word' id='word_1_33' title='bbox 2140 841 2378 897; x_wconf 82' lang='lat' dir='ltr'><strong>devicta</strong></span> <span class='ocrx_word' id='word_1_34' title='bbox 2401 843 2691 912; x_wconf 78' lang='lat' dir='ltr'><strong>passione</strong></span> <span class='ocrx_word' id='word_1_35' title='bbox 2713 843 2896 914; x_wconf 74' lang='lat' dir='ltr'><strong>yuloe,</strong></span> <span class='ocrx_word' id='word_1_36' title='bbox 2923 842 3328 899; x_wconf 76' lang='lat' dir='ltr'><strong>laborandum</strong></span> <span class='ocrx_word' id='word_1_37' title='bbox 3355 845 3440 899; x_wconf 78' lang='lat' dir='ltr'><strong>sit</strong></span> 
     </span>
    </p>
   </div>
   <div class='ocr_carea' id='block_1_8' title="bbox 352 933 1835 1116">
    <p class='ocr_par' dir='ltr' id='par_1_8' title="bbox 352 933 1835 1116">
     <span class='ocr_line' id='line_1_10' title="bbox 352 933 1835 1016; baseline 0.003 -23"><span class='ocrx_word' id='word_1_38' title='bbox 352 940 617 995; x_wconf 85' lang='lat' dir='ltr'><strong>nostram</strong></span> <span class='ocrx_word' id='word_1_39' title='bbox 655 933 1001 996; x_wconf 86' lang='lat' dir='ltr'><strong>auxiliante</strong></span> <span class='ocrx_word' id='word_1_40' title='bbox 1040 936 1241 1016; x_wconf 88' lang='lat' dir='ltr'><strong>gratia</strong></span> <span class='ocrx_word' id='word_1_41' title='bbox 1274 935 1411 1009; x_wconf 90' lang='lat' dir='ltr'><strong>Dei,</strong></span> <span class='ocrx_word' id='word_1_42' title='bbox 1444 942 1553 996; x_wconf 89' lang='lat' dir='ltr'><strong>aut</strong></span> <span class='ocrx_word' id='word_1_43' title='bbox 1587 935 1713 997; x_wconf 91' lang='lat' dir='ltr'><strong>Deo</strong></span> <span class='ocrx_word' id='word_1_44' title='bbox 1748 944 1835 998; x_wconf 81' lang='lat' dir='ltr'><strong>to-</strong></span> 
     </span>
     <span class='ocr_line' id='line_1_11' title="bbox 352 1031 1834 1116; baseline 0.002 -25"><span class='ocrx_word' id='word_1_45' title='bbox 352 1031 545 1094; x_wconf 78' lang='lat' dir='ltr'><strong>taliter</strong></span> <span class='ocrx_word' id='word_1_46' title='bbox 586 1032 974 1108; x_wconf 62' lang='lat' dir='ltr'><strong>conferen&#39;te,</strong></span> <span class='ocrx_word' id='word_1_47' title='bbox 1016 1051 1144 1096; x_wconf 89' lang='lat' dir='ltr'><strong>non</strong></span> <span class='ocrx_word' id='word_1_48' title='bbox 1191 1034 1475 1097; x_wconf 90' lang='lat' dir='ltr'><strong>alienum</strong></span> <span class='ocrx_word' id='word_1_49' title='bbox 1516 1041 1834 1116; x_wconf 89' lang='lat' dir='ltr'><strong>occupant</strong></span> 
     </span>
    </p>
   </div>
   <div class='ocr_carea' id='block_1_9' title="bbox 352 1128 1475 1214">
    <p class='ocr_par' dir='ltr' id='par_1_9' title="bbox 352 1128 1475 1214">
     <span class='ocr_line' id='line_1_12' title="bbox 352 1128 1475 1214; baseline 0.003 -24"><span class='ocrx_word' id='word_1_50' title='bbox 352 1128 571 1205; x_wconf 88' lang='lat' dir='ltr'><strong>locum,</strong></span> <span class='ocrx_word' id='word_1_51' title='bbox 604 1130 715 1193; x_wconf 92' lang='lat' dir='ltr'><strong>sed</strong></span> <span class='ocrx_word' id='word_1_52' title='bbox 758 1131 1079 1213; x_wconf 90' lang='lat' dir='ltr'><strong>recipiunt</strong></span> <span class='ocrx_word' id='word_1_53' title='bbox 1122 1133 1475 1214; x_wconf 88' lang='lat' dir='ltr'><strong>proprium.</strong></span> 
     </span>
    </p>
   </div>
   <div class='ocr_carea' id='block_1_10' title="bbox 689 1385 1473 1450">
    <p class='ocr_par' dir='ltr' id='par_1_10' title="bbox 689 1385 1473 1450">
     <span class='ocr_line' id='line_1_13' title="bbox 689 1385 1473 1450; baseline -0.001 -1"><span class='ocrx_word' id='word_1_54' title='bbox 689 1385 1193 1450; x_wconf 88' lang='lat' dir='ltr'>CAPITULUM</span> <span class='ocrx_word' id='word_1_55' title='bbox 1257 1386 1473 1449; x_wconf 86' lang='lat' dir='ltr'>XXV.</span> 
     </span>
    </p>
   </div>
   <div class='ocr_carea' id='block_1_11' title="bbox 402 1533 1768 1681">
    <p class='ocr_par' dir='ltr' id='par_1_11' title="bbox 402 1533 1768 1681">
     <span class='ocr_line' id='line_1_14' title="bbox 402 1533 1768 1607; baseline 0.001 -20"><span class='ocrx_word' id='word_1_56' title='bbox 402 1533 648 1589; x_wconf 79' lang='lat' dir='ltr'><strong>Diversa</strong></span> <span class='ocrx_word' id='word_1_57' title='bbox 677 1534 1026 1590; x_wconf 79' lang='lat' dir='ltr'><strong>testimonia</strong></span> <span class='ocrx_word' id='word_1_58' title='bbox 1054 1535 1127 1591; x_wconf 85' lang='lat' dir='ltr'><strong>de</strong></span> <span class='ocrx_word' id='word_1_59' title='bbox 1154 1534 1611 1607; x_wconf 74' lang='lat' dir='ltr'><strong>siqnificatione</strong></span> <span class='ocrx_word' id='word_1_60' title='bbox 1640 1539 1768 1589; x_wconf 83' lang='lat' dir='ltr'><strong>octo</strong></span> 
     </span>
     <span class='ocr_line' id='line_1_15' title="bbox 928 1626 1239 1681; baseline 0 -2"><span class='ocrx_word' id='word_1_61' title='bbox 928 1626 1239 1681; x_wconf 77' lang='lat' dir='ltr'><strong>vitiorum.</strong></span> 
     </span>
    </p>
   </div>
   <div class='ocr_carea' id='block_1_12' title="bbox 2122 931 3248 1001">
    <p class='ocr_par' dir='ltr' id='par_1_12' title="bbox 2122 931 3248 1001">
     <span class='ocr_line' id='line_1_16' title="bbox 2122 931 3248 1001; baseline 0.004 -16"><span class='ocrx_word' id='word_1_62' title='bbox 2122 946 2242 1001; x_wconf 80' lang='lat' dir='ltr'><strong>pro</strong></span> <span class='ocrx_word' id='word_1_63' title='bbox 2271 931 2485 986; x_wconf 80' lang='lat' dir='ltr'><strong>ceteris</strong></span> <span class='ocrx_word' id='word_1_64' title='bbox 2514 932 2850 989; x_wconf 74' lang='lat' dir='ltr'><strong>virtutibus</strong></span> <span class='ocrx_word' id='word_1_65' title='bbox 2879 932 3248 989; x_wconf 77' lang='lat' dir='ltr'><strong>obtinendis,</strong></span> 
     </span>
    </p>
   </div>
   <div class='ocr_carea' id='block_1_13' title="bbox 1938 1126 3443 1804">
    <p class='ocr_par' dir='ltr' id='par_1_13' title="bbox 2067 1126 3442 1213">
     <span class='ocr_line' id='line_1_17' title="bbox 2067 1126 3442 1213; baseline 0.003 -23"><span class='ocrx_word' id='word_1_66' title='bbox 2067 1126 2554 1192; x_wconf 77' lang='lat' dir='ltr'><strong>ONTlNENTIAE</strong></span> <span class='ocrx_word' id='word_1_67' title='bbox 2595 1130 2789 1213; x_wconf 90' lang='lat' dir='ltr'><strong>igitur</strong></span> <span class='ocrx_word' id='word_1_68' title='bbox 2817 1138 3008 1213; x_wconf 88' lang='lat' dir='ltr'><strong>atque</strong></span> <span class='ocrx_word' id='word_1_69' title='bbox 3044 1131 3309 1213; x_wconf 86' lang='lat' dir='ltr'><strong>jejuniis</strong></span> <span class='ocrx_word' id='word_1_70' title='bbox 3350 1132 3442 1195; x_wconf 88' lang='lat' dir='ltr'><strong>in-</strong></span> 
     </span>
    </p>

    <p class='ocr_par' dir='ltr' id='par_1_14' title="bbox 1938 1226 3443 1804">
     <span class='ocr_line' id='line_1_18' title="bbox 2084 1226 3443 1313; baseline 0.004 -25"><span class='ocrx_word' id='word_1_71' title='bbox 2084 1226 2402 1302; x_wconf 86' lang='lat' dir='ltr'><strong>sistentes,</strong></span> <span class='ocrx_word' id='word_1_72' title='bbox 2453 1228 2754 1291; x_wconf 90' lang='lat' dir='ltr'><strong>festinare</strong></span> <span class='ocrx_word' id='word_1_73' title='bbox 2802 1228 3132 1304; x_wconf 80' lang='lat' dir='ltr'><strong>debemuS,</strong></span> <span class='ocrx_word' id='word_1_74' title='bbox 3186 1237 3257 1292; x_wconf 91' lang='lat' dir='ltr'><strong>ut</strong></span> <span class='ocrx_word' id='word_1_75' title='bbox 3305 1250 3443 1313; x_wconf 89' lang='lat' dir='ltr'><strong>pas-</strong></span> 
     </span>
     <span class='ocr_line' id='line_1_19' title="bbox 1940 1324 3440 1410; baseline 0.005 -25"><span class='ocrx_word' id='word_1_76' title='bbox 1940 1324 2118 1387; x_wconf 88' lang='lat' dir='ltr'><strong>sione</strong></span> <span class='ocrx_word' id='word_1_77' title='bbox 2166 1325 2331 1407; x_wconf 84' lang='lat' dir='ltr'><strong>gulae</strong></span> <span class='ocrx_word' id='word_1_78' title='bbox 2380 1327 2648 1403; x_wconf 91' lang='lat' dir='ltr'><strong>devicta,</strong></span> <span class='ocrx_word' id='word_1_79' title='bbox 2699 1347 3102 1410; x_wconf 77' lang='lat' dir='ltr'><strong>nequaquam</strong></span> <span class='ocrx_word' id='word_1_80' title='bbox 3155 1330 3440 1393; x_wconf 89' lang='lat' dir='ltr'><strong>sinamus</strong></span> 
     </span>
     <span class='ocr_line' id='line_1_20' title="bbox 1938 1424 3442 1491; baseline 0.004 -6"><span class='ocrx_word' id='word_1_81' title='bbox 1938 1424 2213 1485; x_wconf 90' lang='lat' dir='ltr'><strong>animam</strong></span> <span class='ocrx_word' id='word_1_82' title='bbox 2245 1433 2524 1488; x_wconf 88' lang='lat' dir='ltr'><strong>nostram</strong></span> <span class='ocrx_word' id='word_1_83' title='bbox 2549 1445 2586 1487; x_wconf 87' lang='lat' dir='ltr'><strong>a</strong></span> <span class='ocrx_word' id='word_1_84' title='bbox 2611 1427 2837 1488; x_wconf 90' lang='lat' dir='ltr'><strong>ceteris</strong></span> <span class='ocrx_word' id='word_1_85' title='bbox 2861 1427 3202 1491; x_wconf 90' lang='lat' dir='ltr'><strong>virtutibus</strong></span> <span class='ocrx_word' id='word_1_86' title='bbox 3232 1447 3442 1491; x_wconf 89' lang='lat' dir='ltr'><strong>neces·</strong></span> 
     </span>
     <span class='ocr_line' id='line_1_21' title="bbox 1938 1521 3439 1599; baseline 0.003 -16"><span class='ocrx_word' id='word_1_87' title='bbox 1938 1521 2121 1584; x_wconf 90' lang='lat' dir='ltr'><strong>sariis</strong></span> <span class='ocrx_word' id='word_1_88' title='bbox 2166 1542 2434 1586; x_wconf 91' lang='lat' dir='ltr'><strong>vacuam</strong></span> <span class='ocrx_word' id='word_1_89' title='bbox 2479 1543 2638 1599; x_wconf 90' lang='lat' dir='ltr'><strong>esse,</strong></span> <span class='ocrx_word' id='word_1_90' title='bbox 2675 1524 2785 1587; x_wconf 91' lang='lat' dir='ltr'><strong>sed</strong></span> <span class='ocrx_word' id='word_1_91' title='bbox 2828 1543 3051 1588; x_wconf 91' lang='lat' dir='ltr'><strong>omnes</strong></span> <span class='ocrx_word' id='word_1_92' title='bbox 3094 1526 3262 1588; x_wconf 90' lang='lat' dir='ltr'><strong>vires</strong></span> <span class='ocrx_word' id='word_1_93' title='bbox 3306 1545 3439 1590; x_wconf 88' lang='lat' dir='ltr'><strong>cor·</strong></span> 
     </span>
     <span class='ocr_line' id='line_1_22' title="bbox 1938 1620 3436 1705; baseline 0.004 -24"><span class='ocrx_word' id='word_1_94' title='bbox 1938 1620 2036 1681; x_wconf 89' lang='lat' dir='ltr'><strong>dis</strong></span> <span class='ocrx_word' id='word_1_95' title='bbox 2067 1621 2265 1683; x_wconf 89' lang='lat' dir='ltr'><strong>nostri</strong></span> <span class='ocrx_word' id='word_1_96' title='bbox 2296 1622 2641 1685; x_wconf 89' lang='lat' dir='ltr'><strong>studiosius</strong></span> <span class='ocrx_word' id='word_1_97' title='bbox 2671 1640 3060 1705; x_wconf 81' lang='lat' dir='ltr'><strong>occupemus</strong></span> <span class='ocrx_word' id='word_1_98' title='bbox 3092 1624 3158 1685; x_wconf 92' lang='lat' dir='ltr'><strong>in</strong></span> <span class='ocrx_word' id='word_1_99' title='bbox 3187 1624 3280 1687; x_wconf 91' lang='lat' dir='ltr'><strong>eis</strong></span> <span class='ocrx_word' id='word_1_100' title='bbox 3313 1644 3326 1689; x_wconf 92' lang='lat'>:</span> <span class='ocrx_word' id='word_1_101' title='bbox 3357 1644 3436 1687; x_wconf 92' lang='lat' dir='ltr'><strong>ne</strong></span> 
     </span>
     <span class='ocr_line' id='line_1_23' title="bbox 1943 1719 3438 1804; baseline 0.003 -24"><span class='ocrx_word' id='word_1_102' title='bbox 1943 1719 2193 1783; x_wconf 89' lang='lat' dir='ltr'><strong>rediens</strong></span> <span class='ocrx_word' id='word_1_103' title='bbox 2243 1722 2776 1803; x_wconf 69' lang='lat' dir='ltr'><strong>concupiscentiae</strong></span> <span class='ocrx_word' id='word_1_104' title='bbox 2825 1723 3110 1804; x_wconf 80' lang='lat' dir='ltr'><strong>spirituS,</strong></span> <span class='ocrx_word' id='word_1_105' title='bbox 3155 1724 3438 1786; x_wconf 89' lang='lat' dir='ltr'><strong>inveniat</strong></span> 
     </span>
    </p>
   </div>
   <div class='ocr_carea' id='block_1_14' title="bbox 480 1819 3434 1903">
    <p class='ocr_par' dir='ltr' id='par_1_15' title="bbox 480 1819 3434 1903">
     <span class='ocr_line' id='line_1_24' title="bbox 480 1819 3434 1903; baseline 0 -20"><span class='ocrx_word' id='word_1_106' title='bbox 480 1820 621 1883; x_wconf 87' lang='lat' dir='ltr'><strong>CTO</strong></span> <span class='ocrx_word' id='word_1_107' title='bbox 660 1819 816 1882; x_wconf 89' lang='lat' dir='ltr'><strong>vitia</strong></span> <span class='ocrx_word' id='word_1_108' title='bbox 852 1820 972 1882; x_wconf 87' lang='lat' dir='ltr'><strong>ista</strong></span> <span class='ocrx_word' id='word_1_109' title='bbox 1013 1821 1079 1882; x_wconf 93' lang='lat' dir='ltr'><strong>in</strong></span> <span class='ocrx_word' id='word_1_110' title='bbox 1120 1820 1461 1902; x_wconf 87' lang='lat' dir='ltr'><strong>Evangelio</strong></span> <span class='ocrx_word' id='word_1_111' title='bbox 1499 1820 1829 1902; x_wconf 90' lang='lat' dir='ltr'><strong>designan·</strong></span> <span class='ocrx_word' id='word_1_112' title='bbox 1865 1824 1911 1887; x_wconf 91' lang='lat' dir='ltr'>B</span> <span class='ocrx_word' id='word_1_113' title='bbox 1944 1836 2057 1880; x_wconf 90' lang='lat' dir='ltr'><strong>nos</strong></span> <span class='ocrx_word' id='word_1_114' title='bbox 2101 1820 2320 1882; x_wconf 89' lang='lat' dir='ltr'><strong>inanes</strong></span> <span class='ocrx_word' id='word_1_115' title='bbox 2360 1828 2424 1882; x_wconf 92' lang='lat' dir='ltr'><strong>et</strong></span> <span class='ocrx_word' id='word_1_116' title='bbox 2461 1840 2498 1883; x_wconf 90' lang='lat' dir='ltr'><strong>a</strong></span> <span class='ocrx_word' id='word_1_117' title='bbox 2535 1821 2881 1883; x_wconf 89' lang='lat' dir='ltr'><strong>virtutibus</strong></span> <span class='ocrx_word' id='word_1_118' title='bbox 2922 1822 3078 1903; x_wconf 90' lang='lat' dir='ltr'><strong>ipsis</strong></span> <span class='ocrx_word' id='word_1_119' title='bbox 3118 1830 3434 1897; x_wconf 84' lang='lat' dir='ltr'><strong>vacanteS,</strong></span> 
     </span>
    </p>
   </div>
   <div class='ocr_carea' id='block_1_15' title="bbox 343 1919 1831 2690">
    <p class='ocr_par' dir='ltr' id='par_1_16' title="bbox 343 1919 1831 2690">
     <span class='ocr_line' id='line_1_25' title="bbox 496 1919 1827 2001; baseline 0.002 -22"><span class='ocrx_word' id='word_1_120' title='bbox 496 1926 618 1993; x_wconf 89' lang='lat' dir='ltr'><strong>tur,</strong></span> <span class='ocrx_word' id='word_1_121' title='bbox 650 1938 854 2001; x_wconf 90' lang='lat' dir='ltr'><strong>quum</strong></span> <span class='ocrx_word' id='word_1_122' title='bbox 893 1919 1127 1981; x_wconf 90' lang='lat' dir='ltr'><strong>dicitur</strong></span> <span class='ocrx_word' id='word_1_123' title='bbox 1161 1937 1173 1981; x_wconf 94' lang='lat'>:</span> <span class='ocrx_word' id='word_1_124' title='bbox 1208 1920 1415 1994; x_wconf 87' lang='lat' dir='ltr'><strong>Quum</strong></span> <span class='ocrx_word' id='word_1_125' title='bbox 1456 1920 1827 1981; x_wconf 89' lang='lat' dir='ltr'><strong>immundus</strong></span> 
     </span>
     <span class='ocr_line' id='line_1_26' title="bbox 350 2016 1829 2100; baseline 0.001 -22"><span class='ocrx_word' id='word_1_126' title='bbox 350 2016 594 2098; x_wconf 86' lang='lat' dir='ltr'><strong>spiritus</strong></span> <span class='ocrx_word' id='word_1_127' title='bbox 642 2018 871 2081; x_wconf 85' lang='lat' dir='ltr'><strong>exierit</strong></span> <span class='ocrx_word' id='word_1_128' title='bbox 917 2018 997 2080; x_wconf 90' lang='lat' dir='ltr'><strong>ab</strong></span> <span class='ocrx_word' id='word_1_129' title='bbox 1046 2018 1327 2093; x_wconf 91' lang='lat' dir='ltr'><strong>homine,</strong></span> <span class='ocrx_word' id='word_1_130' title='bbox 1378 2018 1665 2082; x_wconf 90' lang='lat' dir='ltr'><strong>ambulat</strong></span> <span class='ocrx_word' id='word_1_131' title='bbox 1716 2036 1829 2100; x_wconf 91' lang='lat' dir='ltr'><strong>per</strong></span> 
     </span>
     <span class='ocr_line' id='line_1_27' title="bbox 348 2115 1831 2200; baseline 0.001 -24"><span class='ocrx_word' id='word_1_132' title='bbox 348 2115 472 2177; x_wconf 85' lang='lat' dir='ltr'><strong>loca</strong></span> <span class='ocrx_word' id='word_1_133' title='bbox 515 2116 709 2193; x_wconf 71' lang='lat' dir='ltr'><strong>arida,</strong></span> <span class='ocrx_word' id='word_1_134' title='bbox 756 2136 1046 2199; x_wconf 82' lang='lat' dir='ltr'><strong>quaerens</strong></span> <span class='ocrx_word' id='word_1_135' title='bbox 1097 2118 1407 2200; x_wconf 88' lang='lat' dir='ltr'><strong>requiem,</strong></span> <span class='ocrx_word' id='word_1_136' title='bbox 1452 2124 1516 2179; x_wconf 89' lang='lat' dir='ltr'><strong>et</strong></span> <span class='ocrx_word' id='word_1_137' title='bbox 1562 2135 1690 2180; x_wconf 92' lang='lat' dir='ltr'><strong>non</strong></span> <span class='ocrx_word' id='word_1_138' title='bbox 1738 2117 1831 2178; x_wconf 92' lang='lat' dir='ltr'><strong>in-</strong></span> 
     </span>
     <span class='ocr_line' id='line_1_28' title="bbox 346 2215 1830 2295; baseline 0.001 -20"><span class='ocrx_word' id='word_1_139' title='bbox 346 2215 543 2295; x_wconf 85' lang='lat' dir='ltr'><strong>venit3</strong></span> <span class='ocrx_word' id='word_1_140' title='bbox 577 2222 728 2277; x_wconf 91' lang='lat' dir='ltr'><strong>tunc</strong></span> <span class='ocrx_word' id='word_1_141' title='bbox 758 2216 935 2290; x_wconf 90' lang='lat' dir='ltr'><strong>dicit,</strong></span> <span class='ocrx_word' id='word_1_142' title='bbox 968 2217 1268 2279; x_wconf 81' lang='lat' dir='ltr'><strong>Revertar</strong></span> <span class='ocrx_word' id='word_1_143' title='bbox 1295 2216 1361 2278; x_wconf 91' lang='lat' dir='ltr'><strong>in</strong></span> <span class='ocrx_word' id='word_1_144' title='bbox 1400 2216 1663 2280; x_wconf 89' lang='lat' dir='ltr'><strong>domurn</strong></span> <span class='ocrx_word' id='word_1_145' title='bbox 1703 2234 1830 2278; x_wconf 90' lang='lat' dir='ltr'><strong>me-</strong></span> 
     </span>
     <span class='ocr_line' id='line_1_29' title="bbox 343 2314 1824 2392; baseline 0.001 -19"><span class='ocrx_word' id='word_1_146' title='bbox 343 2330 437 2373; x_wconf 86' lang='lat' dir='ltr'><strong>am</strong></span> <span class='ocrx_word' id='word_1_147' title='bbox 484 2314 646 2376; x_wconf 91' lang='lat' dir='ltr'><strong>unde</strong></span> <span class='ocrx_word' id='word_1_148' title='bbox 697 2314 911 2392; x_wconf 82' lang='lat' dir='ltr'><strong>exivi3</strong></span> <span class='ocrx_word' id='word_1_149' title='bbox 961 2322 1024 2376; x_wconf 91' lang='lat' dir='ltr'><strong>et</strong></span> <span class='ocrx_word' id='word_1_150' title='bbox 1072 2315 1335 2377; x_wconf 90' lang='lat' dir='ltr'><strong>veniens</strong></span> <span class='ocrx_word' id='word_1_151' title='bbox 1391 2315 1638 2376; x_wconf 90' lang='lat' dir='ltr'><strong>invenit</strong></span> <span class='ocrx_word' id='word_1_152' title='bbox 1686 2332 1824 2376; x_wconf 90' lang='lat' dir='ltr'><strong>eam</strong></span> 
     </span>
     <span class='ocr_line' id='line_1_30' title="bbox 343 2412 1823 2495; baseline 0.001 -24"><span class='ocrx_word' id='word_1_153' title='bbox 343 2421 677 2488; x_wconf 83' lang='lat' dir='ltr'><strong>vacantem,</strong></span> <span class='ocrx_word' id='word_1_154' title='bbox 720 2412 932 2495; x_wconf 91' lang='lat' dir='ltr'><strong>scopis</strong></span> <span class='ocrx_word' id='word_1_155' title='bbox 982 2412 1352 2475; x_wconf 87' lang='lat' dir='ltr'><strong>mundatam</strong></span> <span class='ocrx_word' id='word_1_156' title='bbox 1396 2420 1459 2475; x_wconf 88' lang='lat' dir='ltr'><strong>et</strong></span> <span class='ocrx_word' id='word_1_157' title='bbox 1499 2419 1823 2491; x_wconf 85' lang='lat' dir='ltr'><strong>ornatam;</strong></span> 
     </span>
     <span class='ocr_line' id='line_1_31' title="bbox 344 2511 1825 2594; baseline 0.003 -25"><span class='ocrx_word' id='word_1_158' title='bbox 344 2520 485 2573; x_wconf 89' lang='lat' dir='ltr'><strong>tunc</strong></span> <span class='ocrx_word' id='word_1_159' title='bbox 511 2512 682 2574; x_wconf 87' lang='lat' dir='ltr'><strong>vadit</strong></span> <span class='ocrx_word' id='word_1_160' title='bbox 709 2520 773 2575; x_wconf 89' lang='lat' dir='ltr'><strong>et</strong></span> <span class='ocrx_word' id='word_1_161' title='bbox 802 2512 1071 2573; x_wconf 80' lang='lat' dir='ltr'><strong>assumit</strong></span> <span class='ocrx_word' id='word_1_162' title='bbox 1098 2512 1255 2575; x_wconf 90' lang='lat' dir='ltr'><strong>alios</strong></span> <span class='ocrx_word' id='word_1_163' title='bbox 1286 2511 1549 2594; x_wconf 89' lang='lat' dir='ltr'><strong>spiritus</strong></span> <span class='ocrx_word' id='word_1_164' title='bbox 1580 2519 1825 2594; x_wconf 85' lang='lat' dir='ltr'><strong>septem</strong></span> 
     </span>
     <span class='ocr_line' id='line_1_32' title="bbox 347 2609 1828 2690; baseline 0.001 -21"><span class='ocrx_word' id='word_1_165' title='bbox 347 2610 669 2690; x_wconf 86' lang='lat' dir='ltr'><strong>nequiores</strong></span> <span class='ocrx_word' id='word_1_166' title='bbox 714 2628 805 2684; x_wconf 89' lang='lat' dir='ltr'><strong>se,</strong></span> <span class='ocrx_word' id='word_1_167' title='bbox 838 2616 903 2671; x_wconf 89' lang='lat' dir='ltr'><strong>et</strong></span> <span class='ocrx_word' id='word_1_168' title='bbox 941 2610 1249 2672; x_wconf 81' lang='lat' dir='ltr'><strong>intrantes</strong></span> <span class='ocrx_word' id='word_1_169' title='bbox 1291 2609 1582 2672; x_wconf 87' lang='lat' dir='ltr'><strong>habitant</strong></span> <span class='ocrx_word' id='word_1_170' title='bbox 1619 2609 1732 2685; x_wconf 89' lang='lat' dir='ltr'><strong>ibi,</strong></span> <span class='ocrx_word' id='word_1_171' title='bbox 1764 2617 1828 2672; x_wconf 89' lang='lat' dir='ltr'><strong>et</strong></span> 
     </span>
    </p>
   </div>
   <div class='ocr_carea' id='block_1_16' title="bbox 346 2700 1863 2790">
    <p class='ocr_par' dir='ltr' id='par_1_17' title="bbox 346 2700 1863 2790">
     <span class='ocr_line' id='line_1_33' title="bbox 346 2700 1863 2790; baseline 0.004 -24"><span class='ocrx_word' id='word_1_172' title='bbox 346 2705 500 2769; x_wconf 84' lang='lat' dir='ltr'><strong>fiunt</strong></span> <span class='ocrx_word' id='word_1_173' title='bbox 529 2709 875 2771; x_wconf 90' lang='lat' dir='ltr'><strong>novissima</strong></span> <span class='ocrx_word' id='word_1_174' title='bbox 900 2708 1180 2770; x_wconf 90' lang='lat' dir='ltr'><strong>hominis</strong></span> <span class='ocrx_word' id='word_1_175' title='bbox 1211 2709 1385 2771; x_wconf 92' lang='lat' dir='ltr'><strong>illius</strong></span> <span class='ocrx_word' id='word_1_176' title='bbox 1416 2708 1634 2790; x_wconf 86' lang='lat' dir='ltr'><strong>pejora</strong></span> <span class='ocrx_word' id='word_1_177' title='bbox 1666 2700 1863 2790; x_wconf 47' lang='lat' dir='ltr'><strong>prio?</strong></span> 
     </span>
    </p>
   </div>
   <div class='ocr_carea' id='block_1_17' title="bbox 345 2806 1828 2989">
    <p class='ocr_par' dir='ltr' id='par_1_18' title="bbox 345 2806 1828 2989">
     <span class='ocr_line' id='line_1_34' title="bbox 346 2806 1828 2889; baseline 0.002 -23"><span class='ocrx_word' id='word_1_178' title='bbox 346 2806 529 2868; x_wconf 91' lang='lat' dir='ltr'><strong>ribus.</strong></span> <span class='ocrx_word' id='word_1_179' title='bbox 554 2807 715 2870; x_wconf 87' lang='lat' dir='ltr'><strong>Ecce</strong></span> <span class='ocrx_word' id='word_1_180' title='bbox 746 2807 912 2869; x_wconf 90' lang='lat' dir='ltr'><strong>sicut</strong></span> <span class='ocrx_word' id='word_1_181' title='bbox 940 2808 1008 2869; x_wconf 91' lang='lat' dir='ltr'><strong>in</strong></span> <span class='ocrx_word' id='word_1_182' title='bbox 1039 2808 1528 2871; x_wconf 86' lang='lat' dir='ltr'><strong>Deuteronomio</strong></span> <span class='ocrx_word' id='word_1_183' title='bbox 1558 2807 1828 2889; x_wconf 91' lang='lat' dir='ltr'><strong>legimus</strong></span> 
     </span>
     <span class='ocr_line' id='line_1_35' title="bbox 345 2906 1828 2989; baseline 0.002 -25"><span class='ocrx_word' id='word_1_184' title='bbox 345 2912 575 2985; x_wconf 88' lang='lat' dir='ltr'><strong>septem</strong></span> <span class='ocrx_word' id='word_1_185' title='bbox 602 2914 844 2987; x_wconf 75' lang='lat' dir='ltr'><strong>genteS,</strong></span> <span class='ocrx_word' id='word_1_186' title='bbox 876 2914 1142 2987; x_wconf 87' lang='lat' dir='ltr'><strong>excepta</strong></span> <span class='ocrx_word' id='word_1_187' title='bbox 1175 2915 1362 2987; x_wconf 89' lang='lat' dir='ltr'><strong>gente</strong></span> <span class='ocrx_word' id='word_1_188' title='bbox 1391 2906 1828 2989; x_wconf 86' lang='lat' dir='ltr'><strong>AEgyptiorum</strong></span> 
     </span>
    </p>
   </div>
   <div class='ocr_carea' id='block_1_18' title="bbox 1939 1916 3442 2988">
    <p class='ocr_par' dir='ltr' id='par_1_19' title="bbox 1939 1916 3442 2988">
     <span class='ocr_line' id='line_1_36' title="bbox 1939 1916 3438 2003; baseline 0.003 -25"><span class='ocrx_word' id='word_1_189' title='bbox 1939 1916 2202 1999; x_wconf 89' lang='lat' dir='ltr'><strong>jamque</strong></span> <span class='ocrx_word' id='word_1_190' title='bbox 2245 1936 2371 1980; x_wconf 92' lang='lat' dir='ltr'><strong>non</strong></span> <span class='ocrx_word' id='word_1_191' title='bbox 2421 1917 2704 1981; x_wconf 84' lang='lat' dir='ltr'><strong>sufficiat</strong></span> <span class='ocrx_word' id='word_1_192' title='bbox 2752 1920 2875 1982; x_wconf 88' lang='lat' dir='ltr'><strong>sibi</strong></span> <span class='ocrx_word' id='word_1_193' title='bbox 2923 1920 3166 1983; x_wconf 87' lang='lat' dir='ltr'><strong>aditum</strong></span> <span class='ocrx_word' id='word_1_194' title='bbox 3217 1939 3438 2003; x_wconf 90' lang='lat' dir='ltr'><strong>parare</strong></span> 
     </span>
     <span class='ocr_line' id='line_1_37' title="bbox 1941 2016 3440 2094; baseline 0.003 -17"><span class='ocrx_word' id='word_1_195' title='bbox 1941 2016 2201 2078; x_wconf 87' lang='lat' dir='ltr'><strong>sibimet</strong></span> <span class='ocrx_word' id='word_1_196' title='bbox 2230 2016 2370 2094; x_wconf 81' lang='lat' dir='ltr'><strong>soli,</strong></span> <span class='ocrx_word' id='word_1_197' title='bbox 2403 2019 2514 2081; x_wconf 91' lang='lat' dir='ltr'><strong>sed</strong></span> <span class='ocrx_word' id='word_1_198' title='bbox 2554 2018 2912 2081; x_wconf 86' lang='lat' dir='ltr'><strong>introducat</strong></span> <span class='ocrx_word' id='word_1_199' title='bbox 2941 2038 3160 2081; x_wconf 90' lang='lat' dir='ltr'><strong>secum</strong></span> <span class='ocrx_word' id='word_1_200' title='bbox 3200 2020 3268 2081; x_wconf 90' lang='lat' dir='ltr'><strong>in</strong></span> <span class='ocrx_word' id='word_1_201' title='bbox 3308 2020 3440 2082; x_wconf 89' lang='lat' dir='ltr'><strong>ani-</strong></span> 
     </span>
     <span class='ocr_line' id='line_1_38' title="bbox 1942 2117 3440 2199; baseline 0.004 -24"><span class='ocrx_word' id='word_1_202' title='bbox 1942 2132 2111 2176; x_wconf 90' lang='lat' dir='ltr'><strong>mam</strong></span> <span class='ocrx_word' id='word_1_203' title='bbox 2170 2125 2452 2179; x_wconf 87' lang='lat' dir='ltr'><strong>nostram</strong></span> <span class='ocrx_word' id='word_1_204' title='bbox 2509 2124 2756 2199; x_wconf 88' lang='lat' dir='ltr'><strong>septem</strong></span> <span class='ocrx_word' id='word_1_205' title='bbox 2815 2118 2938 2179; x_wconf 90' lang='lat' dir='ltr'><strong>alia</strong></span> <span class='ocrx_word' id='word_1_206' title='bbox 2996 2118 3170 2193; x_wconf 90' lang='lat' dir='ltr'><strong>vitia,</strong></span> <span class='ocrx_word' id='word_1_207' title='bbox 3226 2117 3440 2181; x_wconf 86' lang='lat' dir='ltr'><strong>faciat-</strong></span> 
     </span>
     <span class='ocr_line' id='line_1_39' title="bbox 1940 2214 3433 2297; baseline 0.003 -24"><span class='ocrx_word' id='word_1_208' title='bbox 1940 2232 2065 2293; x_wconf 91' lang='lat' dir='ltr'><strong>que</strong></span> <span class='ocrx_word' id='word_1_209' title='bbox 2102 2214 2451 2276; x_wconf 90' lang='lat' dir='ltr'><strong>novissima</strong></span> <span class='ocrx_word' id='word_1_210' title='bbox 2489 2223 2704 2278; x_wconf 90' lang='lat' dir='ltr'><strong>nostra</strong></span> <span class='ocrx_word' id='word_1_211' title='bbox 2743 2215 3062 2297; x_wconf 88' lang='lat' dir='ltr'><strong>prioribus</strong></span> <span class='ocrx_word' id='word_1_212' title='bbox 3102 2216 3433 2279; x_wconf 80' lang='lat' dir='ltr'><strong>deteriora.</strong></span> 
     </span>
     <span class='ocr_line' id='line_1_40' title="bbox 1940 2310 3439 2397; baseline 0.004 -25"><span class='ocrx_word' id='word_1_213' title='bbox 1940 2310 2210 2393; x_wconf 89' lang='lat' dir='ltr'><strong>Turpior</strong></span> <span class='ocrx_word' id='word_1_214' title='bbox 2274 2331 2548 2395; x_wconf 87' lang='lat' dir='ltr'><strong>namque</strong></span> <span class='ocrx_word' id='word_1_215' title='bbox 2605 2313 2728 2375; x_wconf 90' lang='lat' dir='ltr'><strong>erit</strong></span> <span class='ocrx_word' id='word_1_216' title='bbox 2782 2313 2995 2377; x_wconf 88' lang='lat' dir='ltr'><strong>anima</strong></span> <span class='ocrx_word' id='word_1_217' title='bbox 3055 2315 3439 2397; x_wconf 83' lang='lat' dir='ltr'><strong>graviusque</strong></span> 
     </span>
     <span class='ocr_line' id='line_1_41' title="bbox 1941 2408 3440 2493; baseline 0.003 -23"><span class='ocrx_word' id='word_1_218' title='bbox 1941 2408 2366 2485; x_wconf 81' lang='lat' dir='ltr'><strong>damnabitur,</strong></span> <span class='ocrx_word' id='word_1_219' title='bbox 2429 2430 2570 2493; x_wconf 84' lang='lat' dir='ltr'><strong>quae</strong></span> <span class='ocrx_word' id='word_1_220' title='bbox 2628 2430 2695 2473; x_wconf 92' lang='lat' dir='ltr'><strong>se</strong></span> <span class='ocrx_word' id='word_1_221' title='bbox 2752 2412 3148 2475; x_wconf 88' lang='lat' dir='ltr'><strong>renuntiasse</strong></span> <span class='ocrx_word' id='word_1_222' title='bbox 3207 2413 3440 2477; x_wconf 77' lang='lat' dir='ltr'><strong>saeculo</strong></span> 
     </span>
     <span class='ocr_line' id='line_1_42' title="bbox 1940 2506 3442 2588; baseline 0.003 -20"><span class='ocrx_word' id='word_1_223' title='bbox 1940 2506 2266 2588; x_wconf 87' lang='lat' dir='ltr'><strong>gloriatur,</strong></span> <span class='ocrx_word' id='word_1_224' title='bbox 2300 2509 2354 2570; x_wconf 90' lang='lat' dir='ltr'><strong>si</strong></span> <span class='ocrx_word' id='word_1_225' title='bbox 2383 2516 2526 2572; x_wconf 91' lang='lat' dir='ltr'><strong>octo</strong></span> <span class='ocrx_word' id='word_1_226' title='bbox 2555 2511 2692 2573; x_wconf 82' lang='lat' dir='ltr'><strong>haec</strong></span> <span class='ocrx_word' id='word_1_227' title='bbox 2721 2510 2877 2573; x_wconf 91' lang='lat' dir='ltr'><strong>vitia</strong></span> <span class='ocrx_word' id='word_1_228' title='bbox 2914 2510 3323 2575; x_wconf 89' lang='lat' dir='ltr'><strong>dominentur</strong></span> <span class='ocrx_word' id='word_1_229' title='bbox 3359 2512 3442 2573; x_wconf 92' lang='lat' dir='ltr'><strong>ei-</strong></span> 
     </span>
     <span class='ocr_line' id='line_1_43' title="bbox 1942 2606 3440 2689; baseline 0.002 -21"><span class='ocrx_word' id='word_1_230' title='bbox 1942 2606 2109 2681; x_wconf 89' lang='lat' dir='ltr'><strong>dem,</strong></span> <span class='ocrx_word' id='word_1_231' title='bbox 2133 2626 2327 2689; x_wconf 90' lang='lat' dir='ltr'><strong>quam</strong></span> <span class='ocrx_word' id='word_1_232' title='bbox 2360 2606 2568 2670; x_wconf 87' lang='lat' dir='ltr'><strong>fuerat</strong></span> <span class='ocrx_word' id='word_1_233' title='bbox 2592 2608 2749 2671; x_wconf 92' lang='lat' dir='ltr'><strong>olim</strong></span> <span class='ocrx_word' id='word_1_234' title='bbox 2778 2610 2844 2671; x_wconf 96' lang='lat' dir='ltr'><strong>in</strong></span> <span class='ocrx_word' id='word_1_235' title='bbox 2876 2610 3107 2673; x_wconf 81' lang='lat' dir='ltr'><strong>saeculo</strong></span> <span class='ocrx_word' id='word_1_236' title='bbox 3138 2610 3440 2673; x_wconf 91' lang='lat' dir='ltr'><strong>constitu-</strong></span> 
     </span>
     <span class='ocr_line' id='line_1_44' title="bbox 1942 2706 3440 2787; baseline 0.002 -20"><span class='ocrx_word' id='word_1_237' title='bbox 1942 2713 2025 2778; x_wconf 89' lang='lat' dir='ltr'><strong>ta,</strong></span> <span class='ocrx_word' id='word_1_238' title='bbox 2059 2724 2260 2787; x_wconf 90' lang='lat' dir='ltr'><strong>quum</strong></span> <span class='ocrx_word' id='word_1_239' title='bbox 2307 2706 2592 2768; x_wconf 89' lang='lat' dir='ltr'><strong>nondum</strong></span> <span class='ocrx_word' id='word_1_240' title='bbox 2635 2706 2842 2769; x_wconf 81' lang='lat' dir='ltr'><strong>fuerat</strong></span> <span class='ocrx_word' id='word_1_241' title='bbox 2890 2708 3307 2770; x_wconf 87' lang='lat' dir='ltr'><strong>monasticam</strong></span> <span class='ocrx_word' id='word_1_242' title='bbox 3349 2708 3440 2771; x_wconf 90' lang='lat' dir='ltr'><strong>vi-</strong></span> 
     </span>
     <span class='ocr_line' id='line_1_45' title="bbox 1943 2804 3438 2888; baseline 0.003 -24"><span class='ocrx_word' id='word_1_243' title='bbox 1943 2804 2071 2864; x_wconf 80' lang='lat' dir='ltr'><strong>tam</strong></span> <span class='ocrx_word' id='word_1_244' title='bbox 2108 2824 2181 2866; x_wconf 95' lang='lat' dir='ltr'><strong>ac</strong></span> <span class='ocrx_word' id='word_1_245' title='bbox 2223 2805 2515 2868; x_wconf 89' lang='lat' dir='ltr'><strong>monachi</strong></span> <span class='ocrx_word' id='word_1_246' title='bbox 2559 2824 2790 2867; x_wconf 89' lang='lat' dir='ltr'><strong>nomen</strong></span> <span class='ocrx_word' id='word_1_247' title='bbox 2831 2805 3134 2888; x_wconf 87' lang='lat' dir='ltr'><strong>professa.</strong></span> <span class='ocrx_word' id='word_1_248' title='bbox 3172 2807 3327 2869; x_wconf 90' lang='lat' dir='ltr'><strong>Nam</strong></span> <span class='ocrx_word' id='word_1_249' title='bbox 3370 2805 3438 2869; x_wconf 89' lang='lat' dir='ltr'><strong>hi</strong></span> 
     </span>
     <span class='ocr_line' id='line_1_46' title="bbox 1941 2903 3438 2988; baseline 0.003 -24"><span class='ocrx_word' id='word_1_250' title='bbox 1941 2910 2185 2984; x_wconf 88' lang='lat' dir='ltr'><strong>septem</strong></span> <span class='ocrx_word' id='word_1_251' title='bbox 2237 2903 2500 2985; x_wconf 89' lang='lat' dir='ltr'><strong>spiritus</strong></span> <span class='ocrx_word' id='word_1_252' title='bbox 2548 2904 2787 2967; x_wconf 92' lang='lat' dir='ltr'><strong>idcirco</strong></span> <span class='ocrx_word' id='word_1_253' title='bbox 2829 2905 3166 2988; x_wconf 89' lang='lat' dir='ltr'><strong>nequiores</strong></span> <span class='ocrx_word' id='word_1_254' title='bbox 3217 2905 3438 2968; x_wconf 90' lang='lat' dir='ltr'><strong>dicun-</strong></span> 
     </span>
    </p>
   </div>
   <div class='ocr_carea' id='block_1_19' title="bbox 346 3002 3436 3085">
    <p class='ocr_par' dir='ltr' id='par_1_20' title="bbox 346 3002 3436 3085">
     <span class='ocr_line' id='line_1_47' title="bbox 346 3002 3436 3085; baseline 0.001 -22"><span class='ocrx_word' id='word_1_255' title='bbox 346 3002 417 3064; x_wconf 91' lang='lat' dir='ltr'><strong>de</strong></span> <span class='ocrx_word' id='word_1_256' title='bbox 451 3024 573 3085; x_wconf 87' lang='lat' dir='ltr'><strong>qua</strong></span> <span class='ocrx_word' id='word_1_257' title='bbox 613 3004 850 3085; x_wconf 84' lang='lat' dir='ltr'><strong>egressi</strong></span> <span class='ocrx_word' id='word_1_258' title='bbox 893 3011 1043 3065; x_wconf 90' lang='lat' dir='ltr'><strong>sunt</strong></span> <span class='ocrx_word' id='word_1_259' title='bbox 1084 3003 1207 3067; x_wconf 86' lang='lat' dir='ltr'><strong>filii</strong></span> <span class='ocrx_word' id='word_1_260' title='bbox 1251 3004 1464 3079; x_wconf 90' lang='lat' dir='ltr'><strong>Israel,</strong></span> <span class='ocrx_word' id='word_1_261' title='bbox 1500 3005 1588 3066; x_wconf 85' lang='lat' dir='ltr'><strong>ita</strong></span> <span class='ocrx_word' id='word_1_262' title='bbox 1623 3012 1687 3067; x_wconf 90' lang='lat' dir='ltr'><strong>et</strong></span> <span class='ocrx_word' id='word_1_263' title='bbox 1725 3004 1829 3066; x_wconf 86' lang='lat' dir='ltr'><strong>hic</strong></span> <span class='ocrx_word' id='word_1_264' title='bbox 1864 3009 1911 3073; x_wconf 82' lang='lat' dir='ltr'><strong>c</strong></span> <span class='ocrx_word' id='word_1_265' title='bbox 1942 3007 2046 3061; x_wconf 84' lang='lat' dir='ltr'><strong>tur</strong></span> <span class='ocrx_word' id='word_1_266' title='bbox 2093 3002 2324 3083; x_wconf 85' lang='lat' dir='ltr'><strong>spiritu</strong></span> <span class='ocrx_word' id='word_1_267' title='bbox 2369 3002 2480 3065; x_wconf 93' lang='lat' dir='ltr'><strong>illo</strong></span> <span class='ocrx_word' id='word_1_268' title='bbox 2531 3002 2642 3085; x_wconf 86' lang='lat' dir='ltr'><strong>qui</strong></span> <span class='ocrx_word' id='word_1_269' title='bbox 2689 3002 2812 3065; x_wconf 89' lang='lat' dir='ltr'><strong>fuit</strong></span> <span class='ocrx_word' id='word_1_270' title='bbox 2863 3004 3072 3085; x_wconf 90' lang='lat' dir='ltr'><strong>primo</strong></span> <span class='ocrx_word' id='word_1_271' title='bbox 3122 3022 3436 3085; x_wconf 88' lang='lat' dir='ltr'><strong>egressus,</strong></span> 
     </span>
    </p>
   </div>
   <div class='ocr_carea' id='block_1_20' title="bbox 314 3100 1833 4169">
    <p class='ocr_par' dir='ltr' id='par_1_21' title="bbox 314 3100 1833 4169">
     <span class='ocr_line' id='line_1_48' title="bbox 346 3100 1832 3185; baseline 0.002 -24"><span class='ocrx_word' id='word_1_272' title='bbox 346 3100 631 3164; x_wconf 88' lang='lat' dir='ltr'><strong>dicuntur</strong></span> <span class='ocrx_word' id='word_1_273' title='bbox 673 3102 909 3165; x_wconf 89' lang='lat' dir='ltr'><strong>reverti</strong></span> <span class='ocrx_word' id='word_1_274' title='bbox 957 3103 1221 3185; x_wconf 90' lang='lat' dir='ltr'><strong>spiritus</strong></span> <span class='ocrx_word' id='word_1_275' title='bbox 1264 3109 1509 3185; x_wconf 84' lang='lat' dir='ltr'><strong>septem</strong></span> <span class='ocrx_word' id='word_1_276' title='bbox 1560 3104 1832 3167; x_wconf 90' lang='lat' dir='ltr'><strong>immun-</strong></span> 
     </span>
     <span class='ocr_line' id='line_1_49' title="bbox 346 3199 1830 3283; baseline 0.001 -22"><span class='ocrx_word' id='word_1_277' title='bbox 346 3199 425 3273; x_wconf 89' lang='lat' dir='ltr'><strong>di,</strong></span> <span class='ocrx_word' id='word_1_278' title='bbox 454 3210 713 3283; x_wconf 85' lang='lat' dir='ltr'><strong>excepto</strong></span> <span class='ocrx_word' id='word_1_279' title='bbox 756 3219 832 3264; x_wconf 90' lang='lat' dir='ltr'><strong>eo</strong></span> <span class='ocrx_word' id='word_1_280' title='bbox 875 3202 986 3283; x_wconf 86' lang='lat' dir='ltr'><strong>qui</strong></span> <span class='ocrx_word' id='word_1_281' title='bbox 1028 3209 1322 3264; x_wconf 88' lang='lat' dir='ltr'><strong>narratur</strong></span> <span class='ocrx_word' id='word_1_282' title='bbox 1370 3201 1582 3283; x_wconf 91' lang='lat' dir='ltr'><strong>primo</strong></span> <span class='ocrx_word' id='word_1_283' title='bbox 1623 3220 1830 3283; x_wconf 89' lang='lat' dir='ltr'><strong>egres-</strong></span> 
     </span>
     <span class='ocr_line' id='line_1_50' title="bbox 348 3299 1831 3383; baseline 0.001 -24"><span class='ocrx_word' id='word_1_284' title='bbox 348 3317 446 3360; x_wconf 89' lang='lat' dir='ltr'><strong>sus</strong></span> <span class='ocrx_word' id='word_1_285' title='bbox 474 3299 554 3361; x_wconf 88' lang='lat' dir='ltr'><strong>ab</strong></span> <span class='ocrx_word' id='word_1_286' title='bbox 583 3300 859 3362; x_wconf 90' lang='lat' dir='ltr'><strong>homine.</strong></span> <span class='ocrx_word' id='word_1_287' title='bbox 895 3299 982 3363; x_wconf 91' lang='lat' dir='ltr'><strong>De</strong></span> <span class='ocrx_word' id='word_1_288' title='bbox 1012 3300 1133 3363; x_wconf 92' lang='lat' dir='ltr'><strong>hoc</strong></span> <span class='ocrx_word' id='word_1_289' title='bbox 1168 3300 1528 3383; x_wconf 89' lang='lat' dir='ltr'><strong>septenario</strong></span> <span class='ocrx_word' id='word_1_290' title='bbox 1563 3317 1831 3363; x_wconf 92' lang='lat' dir='ltr'><strong>numero</strong></span> 
     </span>
     <span class='ocr_line' id='line_1_51' title="bbox 348 3396 1826 3461; baseline 0.001 -4"><span class='ocrx_word' id='word_1_291' title='bbox 348 3415 415 3458; x_wconf 86' lang='lat' dir='ltr'><strong>ac</strong></span> <span class='ocrx_word' id='word_1_292' title='bbox 448 3396 665 3460; x_wconf 79' lang='lat' dir='ltr'><strong>fomite</strong></span> <span class='ocrx_word' id='word_1_293' title='bbox 703 3398 1007 3461; x_wconf 90' lang='lat' dir='ltr'><strong>vitiorum</strong></span> <span class='ocrx_word' id='word_1_294' title='bbox 1049 3398 1114 3460; x_wconf 91' lang='lat' dir='ltr'><strong>in</strong></span> <span class='ocrx_word' id='word_1_295' title='bbox 1152 3398 1507 3461; x_wconf 84' lang='lat' dir='ltr'><strong>Proverbiis</strong></span> <span class='ocrx_word' id='word_1_296' title='bbox 1547 3398 1782 3461; x_wconf 89' lang='lat' dir='ltr'><strong>dicitur</strong></span> <span class='ocrx_word' id='word_1_297' title='bbox 1812 3415 1826 3459; x_wconf 94' lang='lat'>:</span> 
     </span>
     <span class='ocr_line' id='line_1_52' title="bbox 314 3495 1827 3579; baseline 0.001 -21"><span class='ocrx_word' id='word_1_298' title='bbox 314 3495 407 3558; x_wconf 82' lang='lat' dir='ltr'><strong>‚Si</strong></span> <span class='ocrx_word' id='word_1_299' title='bbox 437 3502 497 3557; x_wconf 91' lang='lat' dir='ltr'><strong>te</strong></span> <span class='ocrx_word' id='word_1_300' title='bbox 526 3496 837 3578; x_wconf 87' lang='lat' dir='ltr'><strong>rogaverit</strong></span> <span class='ocrx_word' id='word_1_301' title='bbox 874 3496 1175 3559; x_wconf 89' lang='lat' dir='ltr'><strong>inimicus</strong></span> <span class='ocrx_word' id='word_1_302' title='bbox 1208 3504 1354 3559; x_wconf 91' lang='lat' dir='ltr'><strong>tuus</strong></span> <span class='ocrx_word' id='word_1_303' title='bbox 1384 3515 1539 3560; x_wconf 90' lang='lat' dir='ltr'><strong>voce</strong></span> <span class='ocrx_word' id='word_1_304' title='bbox 1580 3516 1827 3579; x_wconf 88' lang='lat' dir='ltr'><strong>magna,</strong></span> 
     </span>
     <span class='ocr_line' id='line_1_53' title="bbox 350 3594 1830 3678; baseline 0.001 -22"><span class='ocrx_word' id='word_1_305' title='bbox 350 3613 424 3657; x_wconf 86' lang='lat' dir='ltr'><strong>ne</strong></span> <span class='ocrx_word' id='word_1_306' title='bbox 462 3595 852 3657; x_wconf 90' lang='lat' dir='ltr'><strong>consenseris</strong></span> <span class='ocrx_word' id='word_1_307' title='bbox 894 3594 976 3668; x_wconf 90' lang='lat' dir='ltr'><strong>ei,</strong></span> <span class='ocrx_word' id='word_1_308' title='bbox 1018 3604 1264 3677; x_wconf 85' lang='lat' dir='ltr'><strong>septem</strong></span> <span class='ocrx_word' id='word_1_309' title='bbox 1306 3596 1480 3658; x_wconf 90' lang='lat' dir='ltr'><strong>enim</strong></span> <span class='ocrx_word' id='word_1_310' title='bbox 1530 3596 1830 3678; x_wconf 83' lang='lat' dir='ltr'><strong>nequitiae</strong></span> 
     </span>
     <span class='ocr_line' id='line_1_54' title="bbox 351 3693 1829 3776; baseline 0.001 -22"><span class='ocrx_word' id='word_1_311' title='bbox 351 3702 491 3755; x_wconf 89' lang='lat' dir='ltr'><strong>sunt</strong></span> <span class='ocrx_word' id='word_1_312' title='bbox 531 3694 595 3756; x_wconf 88' lang='lat' dir='ltr'><strong>in</strong></span> <span class='ocrx_word' id='word_1_313' title='bbox 639 3694 854 3756; x_wconf 90' lang='lat' dir='ltr'><strong>anima</strong></span> <span class='ocrx_word' id='word_1_314' title='bbox 899 3693 1077 3775; x_wconf 82' lang='lat' dir='ltr'><strong>ejus;</strong></span> <span class='ocrx_word' id='word_1_315' title='bbox 1128 3695 1194 3756; x_wconf 92' lang='lat' dir='ltr'><strong>id</strong></span> <span class='ocrx_word' id='word_1_316' title='bbox 1233 3700 1351 3768; x_wconf 89' lang='lat' dir='ltr'><strong>est,</strong></span> <span class='ocrx_word' id='word_1_317' title='bbox 1392 3694 1443 3755; x_wconf 91' lang='lat' dir='ltr'><strong>si</strong></span> <span class='ocrx_word' id='word_1_318' title='bbox 1495 3703 1829 3776; x_wconf 90' lang='lat' dir='ltr'><strong>superatus</strong></span> 
     </span>
     <span class='ocr_line' id='line_1_55' title="bbox 348 3791 1829 3874; baseline 0.001 -21"><span class='ocrx_word' id='word_1_319' title='bbox 348 3792 502 3873; x_wconf 70' lang='lat' dir='ltr'><strong>gulae</strong></span> <span class='ocrx_word' id='word_1_320' title='bbox 545 3793 808 3874; x_wconf 89' lang='lat' dir='ltr'><strong>spiritus</strong></span> <span class='ocrx_word' id='word_1_321' title='bbox 865 3792 1129 3874; x_wconf 89' lang='lat' dir='ltr'><strong>coeperit</strong></span> <span class='ocrx_word' id='word_1_322' title='bbox 1175 3791 1330 3854; x_wconf 81' lang='lat' dir='ltr'><strong>ficta</strong></span> <span class='ocrx_word' id='word_1_323' title='bbox 1387 3792 1829 3856; x_wconf 90' lang='lat' dir='ltr'><strong>humiliatione</strong></span> 
     </span>
     <span class='ocr_line' id='line_1_56' title="bbox 350 3890 1833 3973; baseline 0.001 -22"><span class='ocrx_word' id='word_1_324' title='bbox 350 3890 458 3952; x_wconf 83' lang='lat' dir='ltr'><strong>tihi</strong></span> <span class='ocrx_word' id='word_1_325' title='bbox 496 3890 789 3965; x_wconf 89' lang='lat' dir='ltr'><strong>blandiri,</strong></span> <span class='ocrx_word' id='word_1_326' title='bbox 825 3909 1050 3973; x_wconf 87' lang='lat' dir='ltr'><strong>rogans</strong></span> <span class='ocrx_word' id='word_1_327' title='bbox 1090 3899 1161 3952; x_wconf 90' lang='lat' dir='ltr'><strong>ut</strong></span> <span class='ocrx_word' id='word_1_328' title='bbox 1196 3898 1477 3973; x_wconf 89' lang='lat' dir='ltr'><strong>coeptum</strong></span> <span class='ocrx_word' id='word_1_329' title='bbox 1517 3898 1699 3953; x_wconf 91' lang='lat' dir='ltr'><strong>tuum</strong></span> <span class='ocrx_word' id='word_1_330' title='bbox 1739 3911 1833 3954; x_wconf 88' lang='lat' dir='ltr'><strong>re-</strong></span> 
     </span>
     <span class='ocr_line' id='line_1_57' title="bbox 350 3988 1829 4072; baseline 0.002 -23"><span class='ocrx_word' id='word_1_331' title='bbox 350 3988 507 4052; x_wconf 88' lang='lat' dir='ltr'><strong>laxes</strong></span> <span class='ocrx_word' id='word_1_332' title='bbox 568 3990 905 4064; x_wconf 78' lang='lat' dir='ltr'><strong>servorem,</strong></span> <span class='ocrx_word' id='word_1_333' title='bbox 964 3997 1028 4051; x_wconf 91' lang='lat' dir='ltr'><strong>et</strong></span> <span class='ocrx_word' id='word_1_334' title='bbox 1083 3989 1325 4072; x_wconf 90' lang='lat' dir='ltr'><strong>aliquid</strong></span> <span class='ocrx_word' id='word_1_335' title='bbox 1383 3990 1443 4052; x_wconf 90' lang='lat' dir='ltr'><strong>ei</strong></span> <span class='ocrx_word' id='word_1_336' title='bbox 1503 3990 1829 4072; x_wconf 89' lang='lat' dir='ltr'><strong>impertias</strong></span> 
     </span>
     <span class='ocr_line' id='line_1_58' title="bbox 348 4088 1830 4169; baseline 0.001 -20"><span class='ocrx_word' id='word_1_337' title='bbox 348 4090 505 4169; x_wconf 89' lang='lat' dir='ltr'><strong>quod</strong></span> <span class='ocrx_word' id='word_1_338' title='bbox 540 4089 789 4153; x_wconf 88' lang='lat' dir='ltr'><strong>excedit</strong></span> <span class='ocrx_word' id='word_1_339' title='bbox 818 4088 1223 4151; x_wconf 85' lang='lat' dir='ltr'><strong>continentiae</strong></span> <span class='ocrx_word' id='word_1_340' title='bbox 1260 4089 1523 4151; x_wconf 92' lang='lat' dir='ltr'><strong>modum</strong></span> <span class='ocrx_word' id='word_1_341' title='bbox 1554 4097 1618 4152; x_wconf 88' lang='lat' dir='ltr'><strong>et</strong></span> <span class='ocrx_word' id='word_1_342' title='bbox 1643 4090 1830 4169; x_wconf 84' lang='lat' dir='ltr'><strong>justae</strong></span> 
     </span>
    </p>
   </div>
   <div class='ocr_carea' id='block_1_21' title="bbox 1941 3100 3442 4169">
    <p class='ocr_par' dir='ltr' id='par_1_22' title="bbox 1941 3100 3442 4169">
     <span class='ocr_line' id='line_1_59' title="bbox 1942 3100 3440 3184; baseline 0.002 -22"><span class='ocrx_word' id='word_1_343' title='bbox 1942 3100 2245 3181; x_wconf 88' lang='lat' dir='ltr'><strong>quoniam</strong></span> <span class='ocrx_word' id='word_1_344' title='bbox 2271 3100 2656 3163; x_wconf 89' lang='lat' dir='ltr'><strong>desiderium</strong></span> <span class='ocrx_word' id='word_1_345' title='bbox 2681 3101 2846 3182; x_wconf 84' lang='lat' dir='ltr'><strong>gulae</strong></span> <span class='ocrx_word' id='word_1_346' title='bbox 2878 3120 2992 3184; x_wconf 90' lang='lat' dir='ltr'><strong>per</strong></span> <span class='ocrx_word' id='word_1_347' title='bbox 3017 3120 3084 3165; x_wconf 89' lang='lat' dir='ltr'><strong>se</strong></span> <span class='ocrx_word' id='word_1_348' title='bbox 3115 3120 3243 3166; x_wconf 91' lang='lat' dir='ltr'><strong>non</strong></span> <span class='ocrx_word' id='word_1_349' title='bbox 3273 3112 3440 3165; x_wconf 88' lang='lat' dir='ltr'><strong>esset</strong></span> 
     </span>
     <span class='ocr_line' id='line_1_60' title="bbox 1944 3199 3439 3283; baseline 0.003 -23"><span class='ocrx_word' id='word_1_350' title='bbox 1944 3205 2072 3260; x_wconf 82' lang='lat' dir='ltr'><strong>tam</strong></span> <span class='ocrx_word' id='word_1_351' title='bbox 2121 3200 2406 3274; x_wconf 88' lang='lat' dir='ltr'><strong>noxium,</strong></span> <span class='ocrx_word' id='word_1_352' title='bbox 2458 3199 2583 3261; x_wconf 90' lang='lat' dir='ltr'><strong>nisi</strong></span> <span class='ocrx_word' id='word_1_353' title='bbox 2633 3200 3064 3263; x_wconf 87' lang='lat' dir='ltr'><strong>introduceret</strong></span> <span class='ocrx_word' id='word_1_354' title='bbox 3113 3201 3439 3283; x_wconf 89' lang='lat' dir='ltr'><strong>passiones</strong></span> 
     </span>
     <span class='ocr_line' id='line_1_61' title="bbox 1942 3297 3436 3380; baseline 0.002 -21"><span class='ocrx_word' id='word_1_355' title='bbox 1942 3297 2097 3360; x_wconf 92' lang='lat' dir='ltr'><strong>alias</strong></span> <span class='ocrx_word' id='word_1_356' title='bbox 2139 3298 2482 3379; x_wconf 82' lang='lat' dir='ltr'><strong>gravioreS,</strong></span> <span class='ocrx_word' id='word_1_357' title='bbox 2517 3305 2671 3380; x_wconf 85' lang='lat' dir='ltr'><strong>puta</strong></span> <span class='ocrx_word' id='word_1_358' title='bbox 2709 3299 3050 3374; x_wconf 84' lang='lat' dir='ltr'><strong>luxuriam,</strong></span> <span class='ocrx_word' id='word_1_359' title='bbox 3083 3300 3436 3372; x_wconf 89' lang='lat' dir='ltr'><strong>avaritiam,</strong></span> 
     </span>
     <span class='ocr_line' id='line_1_62' title="bbox 1943 3396 3438 3478; baseline 0.002 -21"><span class='ocrx_word' id='word_1_360' title='bbox 1943 3396 2125 3470; x_wconf 90' lang='lat' dir='ltr'><strong>iram,</strong></span> <span class='ocrx_word' id='word_1_361' title='bbox 2168 3396 2513 3469; x_wconf 90' lang='lat' dir='ltr'><strong>tristitiam,</strong></span> <span class='ocrx_word' id='word_1_362' title='bbox 2554 3396 2861 3471; x_wconf 89' lang='lat' dir='ltr'><strong>acediam,</strong></span> <span class='ocrx_word' id='word_1_363' title='bbox 2899 3416 3129 3459; x_wconf 90' lang='lat' dir='ltr'><strong>vanam</strong></span> <span class='ocrx_word' id='word_1_364' title='bbox 3171 3398 3438 3478; x_wconf 90' lang='lat' dir='ltr'><strong>gloriam</strong></span> 
     </span>
     <span class='ocr_line' id='line_1_63' title="bbox 1943 3494 3441 3578; baseline 0.003 -24"><span class='ocrx_word' id='word_1_365' title='bbox 1943 3500 2132 3575; x_wconf 90' lang='lat' dir='ltr'><strong>atque</strong></span> <span class='ocrx_word' id='word_1_366' title='bbox 2182 3494 2550 3576; x_wconf 88' lang='lat' dir='ltr'><strong>superbiam</strong></span> <span class='ocrx_word' id='word_1_367' title='bbox 2604 3512 2618 3555; x_wconf 93' lang='lat'>:</span> <span class='ocrx_word' id='word_1_368' title='bbox 2671 3513 2828 3576; x_wconf 90' lang='lat' dir='ltr'><strong>quas</strong></span> <span class='ocrx_word' id='word_1_369' title='bbox 2888 3502 3134 3557; x_wconf 88' lang='lat' dir='ltr'><strong>certum</strong></span> <span class='ocrx_word' id='word_1_370' title='bbox 3183 3504 3280 3558; x_wconf 87' lang='lat' dir='ltr'><strong>est</strong></span> <span class='ocrx_word' id='word_1_371' title='bbox 3326 3515 3441 3578; x_wconf 89' lang='lat' dir='ltr'><strong>per</strong></span> 
     </span>
     <span class='ocr_line' id='line_1_64' title="bbox 1944 3593 3441 3675; baseline 0.003 -22"><span class='ocrx_word' id='word_1_372' title='bbox 1944 3610 2011 3653; x_wconf 90' lang='lat' dir='ltr'><strong>se</strong></span> <span class='ocrx_word' id='word_1_373' title='bbox 2042 3593 2261 3655; x_wconf 88' lang='lat' dir='ltr'><strong>noxias</strong></span> <span class='ocrx_word' id='word_1_374' title='bbox 2291 3611 2429 3655; x_wconf 89' lang='lat' dir='ltr'><strong>esse</strong></span> <span class='ocrx_word' id='word_1_375' title='bbox 2457 3612 2532 3655; x_wconf 90' lang='lat' dir='ltr'><strong>ac</strong></span> <span class='ocrx_word' id='word_1_376' title='bbox 2563 3594 3024 3675; x_wconf 88' lang='lat' dir='ltr'><strong>peremptorias</strong></span> <span class='ocrx_word' id='word_1_377' title='bbox 3062 3594 3312 3657; x_wconf 86' lang='lat' dir='ltr'><strong>animae.</strong></span> <span class='ocrx_word' id='word_1_378' title='bbox 3348 3595 3441 3657; x_wconf 89' lang='lat' dir='ltr'><strong>ld-</strong></span> 
     </span>
     <span class='ocr_line' id='line_1_65' title="bbox 1944 3691 3442 3776; baseline 0.003 -24"><span class='ocrx_word' id='word_1_379' title='bbox 1944 3708 2020 3753; x_wconf 90' lang='lat' dir='ltr'><strong>eo</strong></span> <span class='ocrx_word' id='word_1_380' title='bbox 2057 3710 2387 3774; x_wconf 90' lang='lat' dir='ltr'><strong>nunquam</strong></span> <span class='ocrx_word' id='word_1_381' title='bbox 2432 3692 2664 3773; x_wconf 91' lang='lat' dir='ltr'><strong>poterit</strong></span> <span class='ocrx_word' id='word_1_382' title='bbox 2711 3691 3170 3773; x_wconf 87' lang='lat' dir='ltr'><strong>perfectionem</strong></span> <span class='ocrx_word' id='word_1_383' title='bbox 3210 3712 3284 3755; x_wconf 91' lang='lat' dir='ltr'><strong>ac</strong></span> <span class='ocrx_word' id='word_1_384' title='bbox 3327 3713 3442 3776; x_wconf 91' lang='lat' dir='ltr'><strong>pu-</strong></span> 
     </span>
     <span class='ocr_line' id='line_1_66' title="bbox 1944 3790 3440 3873; baseline 0.003 -22"><span class='ocrx_word' id='word_1_385' title='bbox 1944 3790 2198 3852; x_wconf 89' lang='lat' dir='ltr'><strong>ritatem</strong></span> <span class='ocrx_word' id='word_1_386' title='bbox 2245 3791 2596 3872; x_wconf 89' lang='lat' dir='ltr'><strong>acquirere,</strong></span> <span class='ocrx_word' id='word_1_387' title='bbox 2640 3790 2751 3873; x_wconf 90' lang='lat' dir='ltr'><strong>qui</strong></span> <span class='ocrx_word' id='word_1_388' title='bbox 2797 3808 2902 3853; x_wconf 90' lang='lat' dir='ltr'><strong>eas</strong></span> <span class='ocrx_word' id='word_1_389' title='bbox 2951 3792 3271 3855; x_wconf 86' lang='lat' dir='ltr'><strong>existimat</strong></span> <span class='ocrx_word' id='word_1_390' title='bbox 3319 3793 3440 3855; x_wconf 93' lang='lat' dir='ltr'><strong>soli</strong></span> 
     </span>
     <span class='ocr_line' id='line_1_67' title="bbox 1944 3888 3440 3970; baseline 0.001 -21"><span class='ocrx_word' id='word_1_391' title='bbox 1944 3888 2255 3970; x_wconf 90' lang='lat' dir='ltr'><strong>corporali</strong></span> <span class='ocrx_word' id='word_1_392' title='bbox 2293 3888 2540 3969; x_wconf 77' lang='lat' dir='ltr'><strong>Jejunio</strong></span> <span class='ocrx_word' id='word_1_393' title='bbox 2577 3888 2976 3964; x_wconf 88' lang='lat' dir='ltr'><strong>obtinendas,</strong></span> <span class='ocrx_word' id='word_1_394' title='bbox 3011 3889 3135 3951; x_wconf 89' lang='lat' dir='ltr'><strong>nisi</strong></span> <span class='ocrx_word' id='word_1_395' title='bbox 3176 3890 3334 3952; x_wconf 89' lang='lat' dir='ltr'><strong>sciat</strong></span> <span class='ocrx_word' id='word_1_396' title='bbox 3373 3909 3440 3951; x_wconf 90' lang='lat' dir='ltr'><strong>se</strong></span> 
     </span>
     <span class='ocr_line' id='line_1_68' title="bbox 1942 3987 3440 4071; baseline 0 -21"><span class='ocrx_word' id='word_1_397' title='bbox 1942 3988 2025 4050; x_wconf 91' lang='lat' dir='ltr'><strong>ob</strong></span> <span class='ocrx_word' id='word_1_398' title='bbox 2072 3988 2192 4050; x_wconf 91' lang='lat' dir='ltr'><strong>hoc</strong></span> <span class='ocrx_word' id='word_1_399' title='bbox 2250 3987 2481 4050; x_wconf 89' lang='lat' dir='ltr'><strong>debere</strong></span> <span class='ocrx_word' id='word_1_400' title='bbox 2537 3988 2989 4050; x_wconf 90' lang='lat' dir='ltr'><strong>abstinentiam</strong></span> <span class='ocrx_word' id='word_1_401' title='bbox 3049 3989 3440 4071; x_wconf 89' lang='lat' dir='ltr'><strong>corporalem</strong></span> 
     </span>
     <span class='ocr_line' id='line_1_69' title="bbox 1941 4087 3442 4169; baseline 0 -20"><span class='ocrx_word' id='word_1_402' title='bbox 1941 4105 2288 4161; x_wconf 91' lang='lat' dir='ltr'><strong>assumere,</strong></span> <span class='ocrx_word' id='word_1_403' title='bbox 2331 4094 2644 4169; x_wconf 87' lang='lat' dir='ltr'><strong>quatenus</strong></span> <span class='ocrx_word' id='word_1_404' title='bbox 2695 4106 2881 4149; x_wconf 90' lang='lat' dir='ltr'><strong>carne</strong></span> <span class='ocrx_word' id='word_1_405' title='bbox 2921 4087 3186 4168; x_wconf 86' lang='lat' dir='ltr'><strong>jejuniis</strong></span> <span class='ocrx_word' id='word_1_406' title='bbox 3235 4088 3442 4150; x_wconf 90' lang='lat' dir='ltr'><strong>humi-</strong></span> 
     </span>
    </p>
   </div>
   <div class='ocr_carea' id='block_1_22' title="bbox 349 4185 3437 4269">
    <p class='ocr_par' dir='ltr' id='par_1_23' title="bbox 349 4185 3437 4269">
     <span class='ocr_line' id='line_1_70' title="bbox 349 4185 3437 4269; baseline 0 -21"><span class='ocrx_word' id='word_1_407' title='bbox 349 4187 733 4251; x_wconf 89' lang='lat' dir='ltr'><strong>discretionis</strong></span> <span class='ocrx_word' id='word_1_408' title='bbox 766 4206 1130 4249; x_wconf 87' lang='lat' dir='ltr'><strong>mensuram</strong></span> <span class='ocrx_word' id='word_1_409' title='bbox 1162 4207 1175 4250; x_wconf 91' lang='lat'><strong>:</strong></span> <span class='ocrx_word' id='word_1_410' title='bbox 1208 4206 1289 4249; x_wconf 90' lang='lat' dir='ltr'><strong>ne</strong></span> <span class='ocrx_word' id='word_1_411' title='bbox 1319 4188 1655 4251; x_wconf 89' lang='lat' dir='ltr'><strong>resolvaris</strong></span> <span class='ocrx_word' id='word_1_412' title='bbox 1686 4188 1834 4249; x_wconf 91' lang='lat' dir='ltr'><strong>adu·</strong></span> <span class='ocrx_word' id='word_1_413' title='bbox 1862 4193 1911 4254; x_wconf 89' lang='lat' dir='ltr'>D</span> <span class='ocrx_word' id='word_1_414' title='bbox 1944 4186 2112 4259; x_wconf 72' lang='lat' dir='ltr'><strong>liam,</strong></span> <span class='ocrx_word' id='word_1_415' title='bbox 2156 4187 2356 4268; x_wconf 90' lang='lat' dir='ltr'><strong>possit</strong></span> <span class='ocrx_word' id='word_1_416' title='bbox 2398 4185 2652 4248; x_wconf 85' lang='lat' dir='ltr'><strong>facilius</strong></span> <span class='ocrx_word' id='word_1_417' title='bbox 2695 4186 2818 4247; x_wconf 89' lang='lat' dir='ltr'><strong>alia</strong></span> <span class='ocrx_word' id='word_1_418' title='bbox 2858 4186 3010 4247; x_wconf 89' lang='lat' dir='ltr'><strong>vitia</strong></span> <span class='ocrx_word' id='word_1_419' title='bbox 3051 4204 3437 4269; x_wconf 88' lang='lat' dir='ltr'><strong>expugnare,</strong></span> 
     </span>
    </p>
   </div>
   <div class='ocr_carea' id='block_1_23' title="bbox 350 4284 1835 4861">
    <p class='ocr_par' dir='ltr' id='par_1_24' title="bbox 350 4284 1835 4861">
     <span class='ocr_line' id='line_1_71' title="bbox 351 4284 1831 4370; baseline 0.001 -24"><span class='ocrx_word' id='word_1_420' title='bbox 351 4284 567 4349; x_wconf 89' lang='lat' dir='ltr'><strong>latione</strong></span> <span class='ocrx_word' id='word_1_421' title='bbox 598 4286 823 4370; x_wconf 79' lang='lat' dir='ltr'><strong>ipsiuS,</strong></span> <span class='ocrx_word' id='word_1_422' title='bbox 859 4305 974 4348; x_wconf 92' lang='lat' dir='ltr'><strong>nec</strong></span> <span class='ocrx_word' id='word_1_423' title='bbox 1005 4286 1340 4348; x_wconf 86' lang='lat' dir='ltr'><strong>revertaris</strong></span> <span class='ocrx_word' id='word_1_424' title='bbox 1375 4287 1455 4348; x_wconf 90' lang='lat' dir='ltr'><strong>ad</strong></span> <span class='ocrx_word' id='word_1_425' title='bbox 1494 4286 1831 4368; x_wconf 86' lang='lat' dir='ltr'><strong>pristinam</strong></span> 
     </span>
     <span class='ocr_line' id='line_1_72' title="bbox 350 4384 1831 4467; baseline 0.002 -23"><span class='ocrx_word' id='word_1_426' title='bbox 350 4385 777 4448; x_wconf 87' lang='lat' dir='ltr'><strong>remissionem</strong></span> <span class='ocrx_word' id='word_1_427' title='bbox 829 4394 940 4447; x_wconf 90' lang='lat' dir='ltr'><strong>aut</strong></span> <span class='ocrx_word' id='word_1_428' title='bbox 988 4384 1229 4466; x_wconf 87' lang='lat' dir='ltr'><strong>priores</strong></span> <span class='ocrx_word' id='word_1_429' title='bbox 1277 4385 1831 4467; x_wconf 90' lang='lat' dir='ltr'><strong>concupiscentias</strong></span> 
     </span>
     <span class='ocr_line' id='line_1_73' title="bbox 352 4482 1835 4565; baseline 0.002 -22"><span class='ocrx_word' id='word_1_430' title='bbox 352 4482 520 4563; x_wconf 79' lang='lat' dir='ltr'><strong>gulae,</strong></span> <span class='ocrx_word' id='word_1_431' title='bbox 552 4501 627 4546; x_wconf 92' lang='lat' dir='ltr'><strong>eo</strong></span> <span class='ocrx_word' id='word_1_432' title='bbox 655 4483 828 4565; x_wconf 89' lang='lat' dir='ltr'><strong>quod</strong></span> <span class='ocrx_word' id='word_1_433' title='bbox 858 4482 977 4544; x_wconf 90' lang='lat' dir='ltr'><strong>tibi</strong></span> <span class='ocrx_word' id='word_1_434' title='bbox 1018 4482 1294 4545; x_wconf 88' lang='lat' dir='ltr'><strong>arrideat</strong></span> <span class='ocrx_word' id='word_1_435' title='bbox 1320 4483 1626 4545; x_wconf 85' lang='lat' dir='ltr'><strong>securitas</strong></span> <span class='ocrx_word' id='word_1_436' title='bbox 1666 4502 1835 4565; x_wconf 84' lang='lat' dir='ltr'><strong>quae-</strong></span> 
     </span>
     <span class='ocr_line' id='line_1_74' title="bbox 354 4581 1834 4665; baseline 0.001 -23"><span class='ocrx_word' id='word_1_437' title='bbox 354 4581 485 4645; x_wconf 88' lang='lat' dir='ltr'><strong>dam</strong></span> <span class='ocrx_word' id='word_1_438' title='bbox 510 4581 998 4665; x_wconf 86' lang='lat' dir='ltr'><strong>expugnationis</strong></span> <span class='ocrx_word' id='word_1_439' title='bbox 1029 4581 1225 4655; x_wconf 87' lang='lat' dir='ltr'><strong>illius,</strong></span> <span class='ocrx_word' id='word_1_440' title='bbox 1259 4601 1385 4664; x_wconf 90' lang='lat' dir='ltr'><strong>qua</strong></span> <span class='ocrx_word' id='word_1_441' title='bbox 1413 4581 1650 4644; x_wconf 90' lang='lat' dir='ltr'><strong>videris</strong></span> <span class='ocrx_word' id='word_1_442' title='bbox 1683 4601 1834 4664; x_wconf 90' lang='lat' dir='ltr'><strong>pau-</strong></span> 
     </span>
     <span class='ocr_line' id='line_1_75' title="bbox 357 4679 1834 4765; baseline 0.002 -25"><span class='ocrx_word' id='word_1_443' title='bbox 357 4679 532 4763; x_wconf 88' lang='lat' dir='ltr'><strong>lisper</strong></span> <span class='ocrx_word' id='word_1_444' title='bbox 573 4681 850 4765; x_wconf 90' lang='lat' dir='ltr'><strong>quietior</strong></span> <span class='ocrx_word' id='word_1_445' title='bbox 889 4680 1097 4743; x_wconf 83' lang='lat' dir='ltr'><strong>factus</strong></span> <span class='ocrx_word' id='word_1_446' title='bbox 1134 4700 1171 4743; x_wconf 91' lang='lat' dir='ltr'><strong>a</strong></span> <span class='ocrx_word' id='word_1_447' title='bbox 1209 4680 1571 4743; x_wconf 90' lang='lat' dir='ltr'><strong>carnalibus</strong></span> <span class='ocrx_word' id='word_1_448' title='bbox 1621 4680 1834 4743; x_wconf 89' lang='lat' dir='ltr'><strong>incen-</strong></span> 
     </span>
     <span class='ocr_line' id='line_1_76' title="bbox 356 4779 1834 4861; baseline 0.003 -22"><span class='ocrx_word' id='word_1_449' title='bbox 356 4779 505 4843; x_wconf 84' lang='lat' dir='ltr'><strong>tivis.</strong></span> <span class='ocrx_word' id='word_1_450' title='bbox 558 4782 659 4844; x_wconf 92' lang='lat' dir='ltr'><strong>Sic</strong></span> <span class='ocrx_word' id='word_1_451' title='bbox 709 4780 883 4843; x_wconf 90' lang='lat' dir='ltr'><strong>enim</strong></span> <span class='ocrx_word' id='word_1_452' title='bbox 934 4779 1318 4843; x_wconf 90' lang='lat' dir='ltr'><strong>blandiendo</strong></span> <span class='ocrx_word' id='word_1_453' title='bbox 1364 4780 1834 4861; x_wconf 88' lang='lat' dir='ltr'><strong>quodammodo</strong></span> 
     </span>
    </p>
   </div>
   <div class='ocr_carea' id='block_1_24' title="bbox 130 4877 1837 4961">
    <p class='ocr_par' dir='ltr' id='par_1_25' title="bbox 130 4877 1837 4961">
     <span class='ocr_line' id='line_1_77' title="bbox 130 4877 1837 4961; baseline 0.009 -36"><span class='ocrx_word' id='word_1_454' title='bbox 130 4880 333 4937; x_wconf 42' lang='lat' dir='ltr'><strong>tanum.</strong></span> <span class='ocrx_word' id='word_1_455' title='bbox 360 4877 494 4941; x_wconf 85' lang='lat' dir='ltr'><strong>dicit</strong></span> <span class='ocrx_word' id='word_1_456' title='bbox 545 4897 558 4941; x_wconf 76' lang='grc' dir='ltr'>ε</span> <span class='ocrx_word' id='word_1_457' title='bbox 608 4881 909 4943; x_wconf 86' lang='lat' dir='ltr'><strong>Revertar</strong></span> <span class='ocrx_word' id='word_1_458' title='bbox 966 4878 1031 4940; x_wconf 90' lang='lat' dir='ltr'><strong>in</strong></span> <span class='ocrx_word' id='word_1_459' title='bbox 1082 4878 1342 4941; x_wconf 90' lang='lat' dir='ltr'><strong>domum</strong></span> <span class='ocrx_word' id='word_1_460' title='bbox 1404 4897 1609 4941; x_wconf 90' lang='lat' dir='ltr'><strong>meam</strong></span> <span class='ocrx_word' id='word_1_461' title='bbox 1670 4880 1837 4961; x_wconf 90' lang='lat' dir='ltr'><strong>prio-</strong></span> 
     </span>
    </p>
   </div>
   <div class='ocr_carea' id='block_1_25' title="bbox 362 4975 1834 5355">
    <p class='ocr_par' dir='ltr' id='par_1_26' title="bbox 362 4975 1834 5355">
     <span class='ocr_line' id='line_1_78' title="bbox 362 4975 1834 5060; baseline 0.001 -21"><span class='ocrx_word' id='word_1_462' title='bbox 362 4994 497 5040; x_wconf 85' lang='lat' dir='ltr'><strong>rem.</strong></span> <span class='ocrx_word' id='word_1_463' title='bbox 550 4978 628 5040; x_wconf 90' lang='lat' dir='ltr'><strong>Et</strong></span> <span class='ocrx_word' id='word_1_464' title='bbox 683 4976 1099 5060; x_wconf 89' lang='lat' dir='ltr'><strong>procedentes</strong></span> <span class='ocrx_word' id='word_1_465' title='bbox 1158 4975 1493 5039; x_wconf 85' lang='lat' dir='ltr'><strong>confestim</strong></span> <span class='ocrx_word' id='word_1_466' title='bbox 1554 4997 1702 5040; x_wconf 91' lang='lat' dir='ltr'><strong>cum</strong></span> <span class='ocrx_word' id='word_1_467' title='bbox 1758 4996 1834 5041; x_wconf 92' lang='lat' dir='ltr'><strong>eo</strong></span> 
     </span>
     <span class='ocr_line' id='line_1_79' title="bbox 362 5075 1833 5158; baseline 0.002 -22"><span class='ocrx_word' id='word_1_468' title='bbox 362 5083 580 5157; x_wconf 87' lang='lat' dir='ltr'><strong>septem</strong></span> <span class='ocrx_word' id='word_1_469' title='bbox 639 5076 905 5158; x_wconf 89' lang='lat' dir='ltr'><strong>spiritus</strong></span> <span class='ocrx_word' id='word_1_470' title='bbox 951 5075 1277 5150; x_wconf 90' lang='lat' dir='ltr'><strong>vitiorum,</strong></span> <span class='ocrx_word' id='word_1_471' title='bbox 1327 5084 1517 5139; x_wconf 91' lang='lat' dir='ltr'><strong>erunt</strong></span> <span class='ocrx_word' id='word_1_472' title='bbox 1561 5078 1833 5139; x_wconf 89' lang='lat' dir='ltr'><strong>acriores</strong></span> 
     </span>
     <span class='ocr_line' id='line_1_80' title="bbox 363 5174 1834 5258; baseline 0 -21"><span class='ocrx_word' id='word_1_473' title='bbox 363 5176 629 5255; x_wconf 80' lang='lat' dir='ltr'><strong>passione</strong></span> <span class='ocrx_word' id='word_1_474' title='bbox 660 5175 773 5237; x_wconf 91' lang='lat' dir='ltr'><strong>illa</strong></span> <span class='ocrx_word' id='word_1_475' title='bbox 803 5174 1101 5257; x_wconf 88' lang='lat' dir='ltr'><strong>primitus</strong></span> <span class='ocrx_word' id='word_1_476' title='bbox 1132 5182 1447 5257; x_wconf 84' lang='lat' dir='ltr'><strong>superata,</strong></span> <span class='ocrx_word' id='word_1_477' title='bbox 1465 5182 1655 5258; x_wconf 90' lang='lat' dir='ltr'><strong>atque</strong></span> <span class='ocrx_word' id='word_1_478' title='bbox 1688 5194 1834 5238; x_wconf 91' lang='lat' dir='ltr'><strong>mox</strong></span> 
     </span>
     <span class='ocr_line' id='line_1_81' title="bbox 366 5273 1829 5355; baseline 0.004 -24"><span class='ocrx_word' id='word_1_479' title='bbox 366 5273 587 5337; x_wconf 85' lang='lat' dir='ltr'><strong>trahent</strong></span> <span class='ocrx_word' id='word_1_480' title='bbox 636 5282 697 5337; x_wconf 87' lang='lat' dir='ltr'><strong>te</strong></span> <span class='ocrx_word' id='word_1_481' title='bbox 744 5273 823 5336; x_wconf 91' lang='lat' dir='ltr'><strong>ad</strong></span> <span class='ocrx_word' id='word_1_482' title='bbox 872 5273 1184 5336; x_wconf 88' lang='lat' dir='ltr'><strong>deteriora</strong></span> <span class='ocrx_word' id='word_1_483' title='bbox 1229 5292 1460 5355; x_wconf 89' lang='lat' dir='ltr'><strong>genera</strong></span> <span class='ocrx_word' id='word_1_484' title='bbox 1507 5273 1829 5337; x_wconf 91' lang='lat' dir='ltr'><strong>vitiorum.</strong></span> 
     </span>
    </p>
   </div>
   <div class='ocr_carea' id='block_1_26' title="bbox 1943 4282 3440 4463">
    <p class='ocr_par' dir='ltr' id='par_1_27' title="bbox 1943 4282 3440 4463">
     <span class='ocr_line' id='line_1_82' title="bbox 1944 4282 3440 4349; baseline 0.002 -4"><span class='ocrx_word' id='word_1_485' title='bbox 1944 4301 2069 4346; x_wconf 90' lang='lat' dir='ltr'><strong>non</strong></span> <span class='ocrx_word' id='word_1_486' title='bbox 2110 4282 2442 4345; x_wconf 89' lang='lat' dir='ltr'><strong>resistente</strong></span> <span class='ocrx_word' id='word_1_487' title='bbox 2472 4300 2591 4344; x_wconf 91' lang='lat' dir='ltr'><strong>nec</strong></span> <span class='ocrx_word' id='word_1_488' title='bbox 2622 4282 3043 4346; x_wconf 90' lang='lat' dir='ltr'><strong>insolescente</strong></span> <span class='ocrx_word' id='word_1_489' title='bbox 3083 4302 3271 4346; x_wconf 89' lang='lat' dir='ltr'><strong>earne</strong></span> <span class='ocrx_word' id='word_1_490' title='bbox 3309 4305 3440 4349; x_wconf 78' lang='lat' dir='ltr'><strong>suae</strong></span> 
     </span>
     <span class='ocr_line' id='line_1_83' title="bbox 1943 4366 2634 4463; baseline -0.001 -19"><span class='ocrx_word' id='word_1_491' title='bbox 1943 4366 2290 4445; x_wconf 74' lang='lat' dir='ltr'><strong>saturitatis</strong></span> <span class='ocrx_word' id='word_1_492' title='bbox 2334 4381 2634 4463; x_wconf 90' lang='lat' dir='ltr'><strong>ingluvie.</strong></span> 
     </span>
    </p>
   </div>
   <div class='ocr_carea' id='block_1_27' title="bbox 2266 4612 3112 4679">
    <p class='ocr_par' dir='ltr' id='par_1_28' title="bbox 2266 4612 3112 4679">
     <span class='ocr_line' id='line_1_84' title="bbox 2266 4612 3112 4679; baseline 0 -4"><span class='ocrx_word' id='word_1_493' title='bbox 2266 4612 2768 4679; x_wconf 89' lang='lat' dir='ltr'><strong>CAPITULUM</strong></span> <span class='ocrx_word' id='word_1_494' title='bbox 2831 4613 3112 4677; x_wconf 75' lang='lat' dir='ltr'>XXVTI.</span> 
     </span>
    </p>
   </div>
   <div class='ocr_carea' id='block_1_28' title="bbox 2033 4732 3354 4895">
    <p class='ocr_par' dir='ltr' id='par_1_29' title="bbox 2033 4732 3354 4895">
     <span class='ocr_line' id='line_1_85' title="bbox 2033 4732 3354 4809; baseline 0 -19"><span class='ocrx_word' id='word_1_495' title='bbox 2033 4733 2205 4800; x_wconf 84' lang='lat' dir='ltr'><strong>Quod</strong></span> <span class='ocrx_word' id='word_1_496' title='bbox 2229 4748 2349 4791; x_wconf 78' lang='lat' dir='ltr'><strong>non</strong></span> <span class='ocrx_word' id='word_1_497' title='bbox 2379 4734 2462 4789; x_wconf 78' lang='lat' dir='ltr'><strong>sit</strong></span> <span class='ocrx_word' id='word_1_498' title='bbox 2491 4732 2650 4789; x_wconf 78' lang='lat' dir='ltr'><strong>idem</strong></span> <span class='ocrx_word' id='word_1_499' title='bbox 2677 4734 2824 4791; x_wconf 83' lang='lat' dir='ltr'><strong>ordo</strong></span> <span class='ocrx_word' id='word_1_500' title='bbox 2847 4734 3214 4808; x_wconf 81' lang='lat' dir='ltr'><strong>proeliorum</strong></span> <span class='ocrx_word' id='word_1_501' title='bbox 3241 4735 3354 4809; x_wconf 79' lang='lat' dir='ltr'><strong>qui</strong></span> 
     </span>
     <span class='ocr_line' id='line_1_86' title="bbox 2204 4824 3168 4895; baseline -0.001 -15"><span class='ocrx_word' id='word_1_502' title='bbox 2204 4824 2464 4895; x_wconf 82' lang='lat' dir='ltr'><strong>ponitur</strong></span> <span class='ocrx_word' id='word_1_503' title='bbox 2487 4824 2558 4878; x_wconf 82' lang='lat' dir='ltr'><strong>in</strong></span> <span class='ocrx_word' id='word_1_504' title='bbox 2585 4839 2829 4881; x_wconf 79' lang='lat' dir='ltr'><strong>numero</strong></span> <span class='ocrx_word' id='word_1_505' title='bbox 2859 4826 3168 4882; x_wconf 77' lang='lat' dir='ltr'><strong>vitiorum.</strong></span> 
     </span>
    </p>
   </div>
   <div class='ocr_carea' id='block_1_29' title="bbox 1946 4976 3442 5359">
    <p class='ocr_par' dir='ltr' id='par_1_30' title="bbox 1946 4976 3442 5359">
     <span class='ocr_line' id='line_1_87' title="bbox 2069 4976 3442 5059; baseline 0.001 -19"><span class='ocrx_word' id='word_1_506' title='bbox 2069 4976 2411 5041; x_wconf 87' lang='lat' dir='ltr'>CIENDUM</span> <span class='ocrx_word' id='word_1_507' title='bbox 2458 4984 2692 5053; x_wconf 84' lang='lat' dir='ltr'><strong>tamen,</strong></span> <span class='ocrx_word' id='word_1_508' title='bbox 2740 4978 2910 5059; x_wconf 87' lang='lat' dir='ltr'><strong>quod</strong></span> <span class='ocrx_word' id='word_1_509' title='bbox 2960 4995 3086 5042; x_wconf 93' lang='lat' dir='ltr'><strong>non</strong></span> <span class='ocrx_word' id='word_1_510' title='bbox 3138 4980 3220 5042; x_wconf 85' lang='lat' dir='ltr'><strong>sit</strong></span> <span class='ocrx_word' id='word_1_511' title='bbox 3270 4980 3442 5042; x_wconf 89' lang='lat' dir='ltr'><strong>idem</strong></span> 
     </span>
     <span class='ocr_line' id='line_1_88' title="bbox 2096 5076 3436 5158; baseline -0.001 -18"><span class='ocrx_word' id='word_1_512' title='bbox 2096 5077 2252 5140; x_wconf 91' lang='lat' dir='ltr'><strong>ordo</strong></span> <span class='ocrx_word' id='word_1_513' title='bbox 2313 5076 2677 5158; x_wconf 83' lang='lat' dir='ltr'><strong>praeliorum</strong></span> <span class='ocrx_word' id='word_1_514' title='bbox 2742 5077 2807 5138; x_wconf 97' lang='lat' dir='ltr'><strong>in</strong></span> <span class='ocrx_word' id='word_1_515' title='bbox 2869 5077 3168 5140; x_wconf 90' lang='lat' dir='ltr'><strong>omnibus</strong></span> <span class='ocrx_word' id='word_1_516' title='bbox 3231 5079 3436 5152; x_wconf 90' lang='lat' dir='ltr'><strong>nobis,</strong></span> 
     </span>
     <span class='ocr_line' id='line_1_89' title="bbox 1946 5174 3440 5259; baseline -0.001 -21"><span class='ocrx_word' id='word_1_517' title='bbox 1946 5176 2097 5259; x_wconf 86' lang='lat' dir='ltr'><strong>quia</strong></span> <span class='ocrx_word' id='word_1_518' title='bbox 2126 5182 2197 5237; x_wconf 89' lang='lat' dir='ltr'><strong>ut</strong></span> <span class='ocrx_word' id='word_1_519' title='bbox 2227 5174 2527 5249; x_wconf 84' lang='lat' dir='ltr'><strong>diximuS‚</strong></span> <span class='ocrx_word' id='word_1_520' title='bbox 2565 5191 2693 5238; x_wconf 90' lang='lat' dir='ltr'><strong>non</strong></span> <span class='ocrx_word' id='word_1_521' title='bbox 2724 5192 2945 5238; x_wconf 90' lang='lat' dir='ltr'><strong>omnes</strong></span> <span class='ocrx_word' id='word_1_522' title='bbox 2984 5176 3440 5257; x_wconf 90' lang='lat' dir='ltr'><strong>impugnamur</strong></span> 
     </span>
     <span class='ocr_line' id='line_1_90' title="bbox 1946 5273 3441 5359; baseline 0 -22"><span class='ocrx_word' id='word_1_523' title='bbox 1946 5274 2170 5337; x_wconf 88' lang='lat' dir='ltr'><strong>eodem</strong></span> <span class='ocrx_word' id='word_1_524' title='bbox 2199 5273 2408 5349; x_wconf 91' lang='lat' dir='ltr'><strong>mod0‚</strong></span> <span class='ocrx_word' id='word_1_525' title='bbox 2427 5281 2490 5336; x_wconf 90' lang='lat' dir='ltr'><strong>et</strong></span> <span class='ocrx_word' id='word_1_526' title='bbox 2518 5281 2769 5355; x_wconf 89' lang='lat' dir='ltr'><strong>oportet</strong></span> <span class='ocrx_word' id='word_1_527' title='bbox 2795 5292 3320 5359; x_wconf 90' lang='lat' dir='ltr'><strong>unumquemque</strong></span> <span class='ocrx_word' id='word_1_528' title='bbox 3349 5293 3441 5338; x_wconf 87' lang='lat' dir='ltr'><strong>ar-</strong></span> 
     </span>
    </p>
   </div>
  </div>
 </body>
</html>
