4359 6267
155 2167 286 2256 effabar.
296 2183 342 2218 m,

155 3264 246 3309 Prot.
257 3281 345 3322 mx,

159 3331 200 3371 ll.
225 3331 316 3383 juxta

157 3389 234 3434 m.

183 3846 274 3890 Rom.
289 3863 348 3898 ιιι.

157 3911 198 3949 lt.

157 4725 168 4768 l
178 4729 351 4786 Cornua.

1015 509 1432 562 COLLATIONUM
1473 513 1561 560 SS·
1593 511 1838 559 PATRm!
1879 511 2052 559 LIBER
2095 515 2159 559 11.
2204 532 2285 541 —
2324 510 2611 558 cotLATm
2651 509 2757 557 xvl

3318 493 3439 557 329

367 683 709 759 custodiam,
743 691 863 746 etc.
917 685 1044 747 Nec
1102 684 1558 749 considerando
1597 691 1832 746 statum
1862 682 1914 746 A
1944 700 2017 743 ac
2057 681 2286 743 humili
2326 689 2537 744 mente
2578 680 2865 743 cedimus
2905 678 3315 743 commotioni
3355 678 3442 741 al-

367 799 527 842 suum
567 763 969 863 praesentem,
1006 780 1282 863 proferat
1319 798 1394 842 ea
1433 799 1574 861 quae
1612 780 1690 842 ad
1726 779 1834 840 ho-

367 898 477 940 ram
519 881 794 961 suggerit
835 880 930 941 ira
973 887 1082 941 aut
1123 879 1521 961 impatientia
1559 878 1658 940 vel
1700 877 1836 939 ani-

369 995 486 1038 mus
544 986 972 1060 exasperatu3‚
1034 976 1143 1038 sed
1209 976 1441 1038 recolat
1504 976 1831 1039 caritatem

368 1075 740 1155 praeteritam,
774 1076 876 1137 vel
910 1083 1121 1136 mente
1151 1074 1459 1156 adspiciat
1490 1072 1833 1136 reforman-

367 1173 446 1234 ‹1ae
489 1172 652 1254 pacis
702 1173 1274 1255 recuperationem,
1320 1189 1588 1253 eamque
1638 1171 1829 1232 etiam

369 1271 423 1330 iu
451 1271 576 1352 ipso
603 1273 1047 1334 commotionis
1078 1291 1209 1334 suae
1239 1279 1524 1353 tempore
1555 1277 1834 1332 contem-

369 1368 552 1448 pletur
598 1377 898 1450 tanquam
951 1387 1097 1431 mox
1148 1387 1565 1432 reversuram.
1621 1367 1698 1429 Et
1747 1367 1834 1428 ita

369 1465 502 1526 dum
542 1475 845 1549 praeparat
888 1486 954 1529 se
999 1469 1078 1529 ad
1120 1468 1525 1529 dulcedinem
1575 1484 1833 1529 concor-

370 1563 471 1626 diae
516 1565 794 1645 protinus
847 1567 1165 1640 rediturae,
1211 1585 1338 1632 non
1389 1565 1616 1628 sentiet
1663 1584 1832 1626 ama-

368 1663 684 1725 ritudinem
734 1665 1146 1746 praesentium
1202 1665 1583 1746 jurgiorum,
1635 1672 1698 1724 et
1747 1664 1834 1724 ita

367 1762 744 1843 respondebit
781 1781 856 1824 ac
895 1763 1062 1825 dicet
1105 1763 1434 1845 potissime
1470 1781 1543 1824 ea
1579 1781 1656 1824 ex
1696 1763 1834 1844 qui-

369 1859 474 1920 bus
509 1878 626 1923 non
667 1862 900 1942 poterit
926 1880 964 1924 a
993 1862 1338 1943 semetipso
1375 1861 1520 1923 fieri
1553 1880 1698 1922 reus
1730 1861 1829 1922 vel
1865 1864 1911 1925 B
1947 1863 2010 1925 in
2049 1863 2281 1945 spiritu
2323 1872 2430 1925 tuo
2471 1862 2678 1938 irasci,
2713 1864 3016 1944 quoniam
3057 1864 3150 1926 ira
3189 1865 3253 1925 in
3293 1863 3436 1925 sinu

368 1960 713 2040 reprehendi
761 1961 844 2022 ab
891 1961 1054 2035 aliis,
1107 1959 1366 2022 caritate
1419 1968 1481 2022 et
1530 1978 1686 2042 pace
1738 1979 1830 2022 re-

368 2058 696 2138 cuperatis;
740 2059 960 2140 sicque
1009 2057 1304 2141 implebit
1347 2057 1616 2120 verbum
1669 2059 1829 2119 illud

367 2156 782 2236 propheticum
832 2175 844 2218 ε
905 2157 972 2219 In
1035 2157 1130 2218 ira
1190 2156 1642 2220 misericordiae
1703 2175 1831 2218 me-

367 2271 492 2315 mor
526 2273 663 2318 eris.

658 2501 1162 2566 CAPITULUM
1224 2501 1506 2565 XXVII.

525 2651 814 2717 Quomodo
844 2651 1175 2707 iracundia
1207 2650 1292 2706 ait
1318 2649 1654 2719 frenanda.

493 2847 772 2911 PORTET
831 2867 946 2911 nos
1005 2849 1201 2930 igitur
1258 2849 1556 2912 cohibere
1614 2867 1836 2910 omnes

523 2945 858 3010 iracundiae
903 2954 1134 3021 motus,
1177 2955 1241 3009 et
1280 2947 1674 3029 gubernante
1713 2947 1839 3008 dis-

1945 781 2163 853 teriuS‚
2229 779 2739 860 recognoscendo
2800 797 2915 841 nos
2976 778 3199 858 dignos
3264 777 3439 841 omni

1944 877 2203 959 injuria,
2244 877 2755 958 obsequiumque
2802 876 3143 959 praebendo
3188 875 3441 958 impati-

1942 977 2129 1039 entiae
2172 975 2511 1039 saevientis.
2549 975 2865 1048 Ceterum,
2904 974 3013 1056 qui
3056 973 3251 1036 verba
3291 992 3439 1056 apo-

1943 1074 2180 1136 stolicae
2241 1073 2653 1155 perfectionis
2712 1073 2972 1134 trahunt
3029 1073 3107 1134 ad
3166 1073 3309 1145 hoc,
3373 1078 3441 1132 ut

1942 1173 2259 1234 aestiment
2296 1172 2438 1234 illos
2482 1173 2631 1234 dare
2676 1172 2888 1234 locum
2940 1171 3049 1234 irae
3090 1172 3201 1252 qui
3244 1171 3443 1232 disce—

1943 1271 2102 1332 dunt
2139 1271 2219 1333 ab
2260 1271 2592 1342 irascente,
2625 1269 2924 1332 videntur
2966 1269 3125 1331 mihi
3170 1287 3297 1331 non
3336 1269 3444 1332 ah-

1943 1370 2233 1431 scindere
2264 1369 2735 1431 dissensionum
2766 1368 3079 1442 fomitem,
3100 1367 3208 1430 sed
3243 1368 3441 1429 nutri-

1945 1487 2030 1530 re.
2067 1469 2200 1530 Nisi
2242 1469 2414 1530 enim
2456 1468 2549 1529 ira
2589 1467 2861 1550 proximi
2904 1467 3116 1529 statim
3152 1467 3444 1528 vincatur

1944 1567 2174 1629 humili
2205 1567 2657 1640 satisfactione,
2691 1566 2940 1647 fugiens
2974 1574 3273 1648 provocat
3301 1585 3441 1628 eam

1945 1666 2145 1746 magis
2184 1684 2377 1748 quam
2424 1665 2671 1746 mitiget
2708 1672 2817 1726 aut
2855 1665 3031 1727 vitet.
3068 1665 3181 1728 Cui
3223 1683 3441 1727 conso-

1944 1773 2052 1826 nat
2081 1765 2251 1847 quod
2283 1764 2579 1827 Salomon
2613 1764 2892 1845 loquitur
2920 1783 2933 1826 ε
2968 1763 3107 1826 Noli
3140 1763 3439 1826 festinare
3494 1785 3735 1840 aecta-m.

3468 1852 3697 1957 {lusum

1945 1961 2387 2043 insipientium
2419 1961 2791 2044 requiescit3
2825 1970 2908 2036 et,
2932 1962 3071 2024 Noli
3102 1979 3437 2044 erumpere
3485 1993 3733 2047 mmm,

1944 2061 2068 2123 cito
2109 2061 2174 2122 in
2220 2060 2444 2133 rixam,
2480 2079 2559 2122 ne
2603 2061 2909 2140 poeniteat
2951 2069 3013 2123 te
3059 2061 3123 2123 in
3169 2060 3440 2124 novissi·
3470 2059 3675 2164 {dum

1946 2177 2068 2220 mo.
2111 2159 2239 2220 Nec
2286 2160 2460 2220 enim
2511 2159 2805 2221 Salomon
2858 2160 2943 2222 ita
2986 2160 3303 2242 vituperat
3352 2159 3441 2222 se-
3579 2153 3591 2164 ’

1944 2257 2312 2319 stinantiam
2357 2257 2465 2320 irae
2503 2265 2611 2318 aut
2652 2257 2823 2330 rixae‚
2859 2265 2928 2319 ut
2969 2258 3280 2340 approbet
3321 2267 3443 2320 tar-

1945 2355 2207 2418 ditatem
2236 2373 2474 2416 earum.
2498 2355 2805 2417 Similiter
2835 2355 3318 2437 intelligendum
3350 2363 3445 2418 est

1947 2454 2105 2516 illud
2133 2473 2146 2517 ε
2173 2453 2415 2516 Stultus
2446 2453 2667 2515 eadem
2697 2453 2851 2515 hora
2887 2453 3256 2535 pronuntiat
3287 2454 3444 2516 iram
3474 2477 3738 2530 aidanus,

1947 2571 2150 2626 suam,
2203 2552 2478 2614 occultat
2526 2559 2739 2613 autem
2798 2551 3215 2632 ignominiam
3264 2539 3726 2614 suam³¹¹¹²⁸¹⁴n·

1945 2659 2212 2714 astutus.
2255 2651 2393 2713 Non
2440 2651 2613 2712 enim
2660 2650 2905 2731 judicat
2956 2650 3444 2732 ignominiosam

1948 2750 2293 2812 iracundiae
2333 2749 2695 2831 passionem
2737 2748 2824 2811 ita
2862 2748 3091 2811 debere
3128 2768 3165 2810 a
3200 2749 3449 2830 sapien-

1949 2848 2120 2910 tibus
2166 2847 2493 2922 occultari‚
2537 2856 2607 2909 ut
2648 2847 3049 2910 velocitatem
3102 2846 3447 2911 iracundiae

1952 2947 2239 3029 culpanS,
2274 2964 2403 3008 non
2434 2945 2765 3028 prohibeat
2799 2945 3158 3008 tarditatem
3196 2945 3397 3027 ipsius
3432 2965 3446 3008 ε

369 3045 624 3108 cretione
671 3046 785 3109 hos
837 3046 1173 3120 moderari,
1220 3065 1301 3109 ne
1353 3047 1568 3108 furore
1619 3046 1841 3127 praeci-
1872 3049 1916 3112 C
1953 3047 2081 3109 imo
2111 3064 2313 3126 quum
2343 3064 2421 3106 ex
2462 3044 2833 3107 infirmitate
2875 3045 3155 3106 humana
3198 3044 3453 3106 irruerit

369 3143 472 3223 piti
529 3161 892 3208 corruamus
943 3145 1008 3206 in
1058 3144 1123 3206 id
1173 3145 1342 3226 quod
1399 3145 1696 3207 Salomon
1754 3145 1843 3206 lo-

368 3241 588 3321 quitur,
619 3243 833 3306 Totam
873 3243 1033 3304 iram
1073 3261 1256 3305 suam
1300 3243 1541 3325 profert
1582 3243 1836 3317 stultuS,

370 3341 602 3420 sapiens
642 3351 854 3404 autem
898 3343 1225 3424 dispensat
1269 3360 1384 3423 per
1428 3348 1684 3423 partes:
1721 3341 1842 3403 hoc

369 3448 472 3512 est,
501 3442 723 3502 stultus
767 3440 1246 3523 perturbatione
1285 3441 1394 3503 irae
1434 3440 1843 3502 succenditur

370 3537 436 3597 ad
491 3539 584 3600 sui
641 3539 842 3621 ipsius
889 3539 1262 3613 vindictam,
1315 3539 1570 3620 sapiens
1627 3546 1842 3600 autem

373 3634 652 3712 paulatim
694 3655 835 3698 eam
883 3643 1182 3698 extenuat
1225 3644 1288 3698 et
1331 3635 1594 3717 expellit
1643 3643 1844 3697 matu-

370 3731 538 3794 ritate
575 3734 974 3796 discretionis
1018 3742 1208 3816 atque
1253 3735 1524 3798 consilii.
1561 3734 1844 3815 Denique

373 3830 482 3891 tale
526 3840 618 3894 est
666 3833 826 3895 illud
873 3833 1180 3915 Apostoli,
1229 3833 1369 3897 Non
1423 3832 1843 3913 vosmetipsos

373 3928 783 4006 defendenteS,
847 3931 1184 4006 carissimi,
1249 3932 1358 3994 sed
1423 3933 1564 3994 date
1634 3931 1844 3994 locum

373 4026 518 4090 irae:
568 4030 686 4092 hoc
733 4037 851 4104 est,
895 4048 1028 4092 non⁴
1071 4031 1200 4092 sint
1251 4031 1441 4093 corda
1490 4039 1696 4092 vestra
1753 4029 1845 4091 sic

368 4133 584 4190 arctata
617 4129 929 4210 angustiis
967 4129 1380 4211 impatientiae
1410 4147 1483 4190 ac
1516 4128 1845 4211 pusillani-

1954 3146 2065 3219 ira,
2099 3145 2317 3207 docuit
2346 3164 2486 3207 eam
2528 3145 2668 3206 ideo
2698 3145 3161 3218 occultandam,
3197 3151 3266 3206 ut
3296 3145 3450 3207 dum

1951 3245 2029 3306 ad
2061 3261 2339 3326 praesens
2380 3243 2700 3325 sapienter
2737 3243 3171 3317 absconditur,
3208 3243 3274 3304 in
3314 3262 3454 3325 per-

1955 3349 2222 3424 petuum
2251 3351 2441 3423 atque
2474 3341 2750 3403 totaliter
2780 3341 3081 3403 deleatur.
3106 3342 3251 3404 Haec
3283 3360 3458 3403 nam-

1956 3459 2079 3522 que
2131 3448 2229 3502 est
2277 3447 2501 3503 natura
2551 3441 2679 3514 irae,
2734 3448 2803 3501 ut
2851 3439 3044 3502 dilata
3093 3441 3458 3522 languescat

1956 3557 2067 3601 seu
2101 3539 2447 3612 minuatur,
2470 3557 2543 3600 ac
2575 3547 2820 3620 pereat3
2855 3539 3101 3620 prolata
3132 3555 3304 3613 vero,
3330 3557 3457 3602 ma-

1954 3638 2052 3719 gis
2098 3637 2428 3699 fervescat.
2768 3631 2777 3640 “

2035 3735 2365 3798 Dilatanda
2394 3753 2543 3815 ergo
2572 3743 2635 3796 et
2664 3736 3028 3817 amplianda
3062 3744 3211 3798 sunt
3241 3735 3450 3810 corda,

1956 3853 2035 3896 ne
2067 3833 2377 3914 angustiis
2412 3832 2957 3914 pusillanimitatis
2995 3842 3331 3908 coarctata,
3366 3852 3457 3896 re-

1958 3933 2253 4014 pleantur
2296 3931 2680 3993 turbulentis
2726 3931 3005 3993 motibus
3057 3933 3186 4005 irae,
3234 3932 3455 4013 sicque

1957 4031 2240 4112 recipere
2304 4048 2694 4111 nequeamus
2759 4029 2947 4092 corde
3008 4039 3275 4111 angusto
3339 4031 3452 4093 Dei

1959 4129 2347 4203 mandatum,
2367 4129 2537 4210 quod
2568 4129 2919 4190 secundum
2950 4130 3326 4211 Prophetam
3357 4137 3452 4192 est
3509 4149 3588 4192 1²1.
3611 4161 3749 4200 cxvm.

369 4225 610 4301 mitatis‚
660 4235 729 4289 ut
775 4227 1090 4290 sustinere
1139 4246 1267 4290 non
1317 4227 1562 4310 possint
1607 4227 1845 4290 violen-
1876 4232 1924 4292 D
1957 4227 2148 4289 nimis
2188 4227 2407 4300 latum,
2452 4245 2569 4288 nec
2609 4227 2820 4289 dicere
2859 4228 3183 4289 valeamus
3220 4245 3233 4288 :
3268 4227 3449 4290 Viam
3482 4213 3625 4316 Ἕω,
3654 4275 3720 4315 32.

367 4329 484 4384 tam
513 4326 951 4388 commotionis
981 4324 1328 4408 procellam
1360 4345 1473 4388 seu
1505 4326 1840 4408 impetum,

370 4424 605 4502 quando
664 4425 954 4503 irruerit3
1009 4425 1119 4487 sed
1177 4424 1533 4486 dilatamini
1593 4424 1656 4486 in
1711 4441 1846 4486 cor-

371 4520 543 4584 dibus
588 4523 839 4597 vestriS,
891 4523 1312 4606 suscipientes
1371 4523 1539 4585 intra
1595 4529 1850 4585 extenta

372 4621 596 4699 gremia
661 4621 940 4684 caritatis
1002 4622 1350 4685 contrarios
1416 4623 1525 4685 irae
1586 4621 1846 4696 sluctuS,

375 4721 658 4799 quoniam
722 4720 950 4782 caritas
1006 4721 1223 4783 omnia
1281 4721 1573 4795 sustinet,
1635 4720 1853 4783 omnia

375 4817 619 4898 suffert3
651 4827 716 4882 et
753 4819 840 4881 ita
879 4805 1307 4881 mens‘vestra
1343 4820 1602 4881 dilatata
1645 4819 1854 4900 longa-

375 4915 646 4979 nimitate
674 4937 749 4979 ac
780 4917 1099 4999 patientia,
1115 4916 1344 4979 habeat
1375 4917 1439 4979 in
1469 4937 1536 4980 se
1567 4917 1852 4980 salubres

375 5015 772 5078 consiliorum
815 5024 1184 5098 conceptus,
1228 5017 1292 5077 in
1336 5016 1571 5097 quibus
1615 5015 1856 5078 teterri-

375 5129 502 5174 mus
549 5113 892 5178 iracundiae
939 5113 1156 5177 fumus
1211 5121 1505 5197 receptus
1553 5114 1854 5196 quodam-

375 5211 544 5274 modo
579 5231 652 5274 ac
688 5212 986 5288 diffusuS,
1020 5213 1311 5296 protinus
1351 5219 1702 5274 evanescat.
1737 5212 1848 5275 Vel

376 5317 530 5372 certe
559 5311 782 5373 damus
821 5310 1035 5374 locum
1066 5310 1199 5385 irae,
1231 5310 1480 5393 quoties
1512 5310 1857 5392 tranquilla

618 5444 681 5494 T.
717 5444 798 5496 27.

1959 4326 2399 4387 mandatorum
2447 4333 2702 4388 'tuorum
2751 4325 3007 4387 cucurri
3050 4345 3251 4407 quum
3300 4327 3455 4389 dila-

1958 4424 2100 4485 tasti
2132 4441 2241 4485 cor
2272 4442 2505 4486 meum.
2532 4423 2772 4504 Nempe
2804 4423 2974 4504 quod
3004 4422 3450 4506 longanimitas

1958 4522 2036 4584 ad
2085 4521 2463 4602 sapientiam
2514 4529 2777 4603 spectet,
2824 4522 3301 4586 evidentissime
3348 4524 3455 4585 do-

1961 4628 2061 4682 cet
2108 4619 2433 4702 Scriptura
2485 4636 2498 4680 :
2545 4620 2654 4681 Vir
2700 4621 2874 4684 enim
2927 4620 3309 4703 longanimis
3361 4629 3457 4685 est
3512 4651 3755 4700 prowm,

1962 4717 2201 4780 nimius
2251 4717 2317 4778 in
2366 4718 2724 4798 prudentia,
2780 4720 3202 4800 pusillanimis
3252 4727 3459 4783 autern
3487 4713 3718 4818 ffixl'um

1964 4816 2145 4878 valde
2191 4815 2501 4897 insipiens
2549 4825 2664 4879 est.
2714 4817 2953 4880 Idcirco
2998 4819 3322 4900 Scriptura
3366 4837 3459 4881 re·
3518 4887 3528 4894 ‚
3596 4806 3607 4818 ”

1966 4915 2092 4976 fert
2132 4914 2211 4976 de
2260 4933 2335 4977 eo
2383 4915 2493 4997 qui
2539 4915 2940 4977 laudabiliter
2981 4917 3326 4998 postulavit
3367 4936 3461 4979 sa-

1965 5013 2223 5096 pientia)
2252 5012 2491 5075 donum
2520 5032 2557 5075 a
2587 5013 2853 5076 Domino
2888 5033 2902 5077 :
2939 5013 3122 5076 Dedit
3151 5014 3459 5078 Dominus
3508 5033 3757 5087 uincam,

1966 5112 2285 5177 Salomoni
2328 5113 2707 5195 sapientiam
2750 5121 2813 5175 et
2853 5113 3259 5195 prudentiam
3304 5113 3467 5175 mul·
3494 5101 3563 5141 ²⁹·

1967 5221 2097 5274 tam
2155 5211 2373 5286 nimiS‚
2436 5219 2499 5273 et
2557 5211 2960 5274 latitudinem
3020 5211 3228 5274 cordis
3285 5211 3469 5293 quasi

1975 5330 2233 5373 arenam
2279 5309 2473 5373 maris
2516 5309 3067 5372 innumerabilem.

3158 5443 3218 5494 21
