4359 6267
899 463 1018 529 102
1812 481 1891 527 DE
1933 480 2262 526 INSTITUTIS
2304 481 2388 525 SS.
2423 479 2682 525 PA‘mmt.
2729 496 2812 507 ·—
2849 480 3024 525 LIBER
3063 480 3102 524 X

894 651 1062 732 apud
1107 650 1397 713 homines
1442 650 1796 723 saeculareS,
1839 649 1949 731 qui
1993 666 2119 711 non
2163 648 2388 728 satagit
2418 646 2470 709 A
2501 647 2780 709 desecari
2825 654 3126 730 tanquam
3172 648 3460 711 membra
3500 648 3611 711 otii
3657 648 4010 731 putredine

894 747 961 809 in
1002 750 1160 810 cella
1204 767 1459 810 manere
1502 768 1575 810 ac
1622 747 1915 810 manibus
1959 747 2244 829 operari;
2277 746 2386 807 sed

894 864 1151 908 necesse
1201 855 1297 908 est
1344 864 1492 907 eum
1551 846 1957 907 inhonestum
2017 844 2384 915 consistere,

892 944 1048 1006 dum
1087 944 1440 1006 necessaria
1471 944 1677 1005 victus
1718 943 2006 1024 requirit,
2040 942 2385 1004 adulationi

891 1059 1145 1123 quoque
1186 1060 1407 1105 vacare
1445 1060 1518 1103 ac
1558 1042 1867 1104 novitates
1911 1041 2135 1103 sectari
2175 1057 2386 1102 rumo-

891 1159 1059 1213 rum,
1092 1141 1203 1202 sed
1234 1148 1297 1202 et
1326 1141 1689 1203 occasiones
1730 1158 2012 1221 quaerere
2052 1158 2385 1201 causarum

892 1257 965 1300 ac
996 1237 1379 1311 fabularum,
1416 1258 1529 1320 per
1558 1258 1713 1320 quas
1756 1238 2123 1300 facultatem
2152 1257 2227 1299 ac
2256 1238 2388 1299 adi-

895 1344 1031 1397 tum
1074 1336 1301 1398 habeat
1344 1336 1687 1398 accedendi
1732 1336 1811 1397 ad
1852 1336 2029 1398 alios
2068 1358 2101 1393 «
2134 1336 2210 1396 Et
2251 1336 2389 1397 nul-

894 1435 1018 1496 lius
1046 1435 1289 1516 aliquid
1318 1435 1707 1497 desideretis,
1744 1456 1777 1493 2>
1809 1434 1945 1497 Non
1976 1435 2149 1496 enim
2181 1441 2388 1515 potest

894 1551 1021 1595 non
1076 1534 1321 1595 inhiare
1367 1534 1593 1595 alienis
1640 1533 1823 1595 donis
1868 1539 2059 1613 atque
2110 1532 2389 1593 muneri-

895 1632 1036 1705 buS,
1070 1632 1181 1713 qui
1220 1649 1345 1694 non
1388 1640 1567 1693 curat
1606 1631 1729 1693 sibi
1772 1649 2109 1713 procurare
2140 1631 2386 1692 victum

894 1730 1337 1812 quotidianum
1380 1730 1635 1811 proprio
1672 1748 1745 1791 ac
1780 1730 1996 1811 quieto
2037 1729 2135 1791 sui
2176 1728 2386 1810 operis

2502 752 2818 827 corrupta,
2861 764 2941 807 ne
2991 746 3252 808 morbus
3299 747 3542 809 inertiae
3581 754 3793 809 tantus
3841 766 4010 829 qua-

2502 844 2555 904 si
2603 844 2862 905 mortale
2907 844 3268 925 contagium
3321 844 3566 907 inficiat
3608 846 3798 907 etiam
3843 865 4010 907 sana

2503 941 2789 1003 membra
2830 943 3200 1025 contagione
3243 945 3626 1025 serpentina.

2582 1038 2884 1101 Praeterea
2926 1040 3212 1102 dicturus
3248 1041 3588 1123 Apostolus
3626 1043 3704 1104 de
3743 1041 3845 1103 his
3883 1043 4008 1123 qui

2503 1136 2728 1199 nolunt
2757 1137 2889 1199 suis
2922 1138 3215 1201 manibus
3245 1140 3516 1221 operari,
3550 1158 3868 1222 suumque
3901 1160 4012 1222 pa-

2503 1254 2649 1296 nem
2699 1254 2846 1297 cum
2907 1235 3161 1298 silentio
3221 1238 3623 1312 manducare,
3676 1258 3712 1300 a
3760 1238 4007 1320 quibus

2501 1333 2691 1395 etiam
2739 1334 3040 1415 praecepit
3083 1334 3406 1396 discedere
3451 1355 3464 1399 ε
3506 1337 3812 1398 attendite
3849 1356 4008 1418 qua-

2505 1431 2672 1493 libus
2710 1449 2819 1493 eos
2856 1432 3192 1512 vituperiis
3232 1433 3299 1494 in
3341 1434 3661 1516 principio
3699 1442 3894 1497 notet.
3931 1436 4004 1496 ln

2503 1528 2727 1609 primis
2787 1528 2960 1590 enim
3019 1530 3174 1591 dicit
3221 1549 3329 1593 eos
3387 1550 3526 1594 esse
3585 1533 4002 1605 inordinat05‚

2503 1645 2709 1708 neque
2758 1628 3110 1690 secundum
3170 1648 3350 1691 suam
3396 1630 3725 1693 ambulare
3774 1631 4008 1694 doctri-

2502 1743 2650 1786 nam
2693 1742 2706 1787 :
2751 1743 2910 1807 quos
2959 1734 3021 1787 et
3067 1727 3212 1789 aliis
3263 1728 3474 1790 verbis
3523 1729 3810 1810 designat
3857 1748 4002 1791 esse

897 1828 1127 1891 labore.
1183 1829 1370 1890 Vides
1420 1836 1509 1890 tot
1559 1828 1801 1909 culpaS,
1855 1835 1983 1889 tam
2042 1845 2264 1907 graves
2313 1844 2386 1887 ac
2423 1828 2471 1890 B
2503 1830 2929 1895 contumaceS‚
2963 1832 3181 1906 utpote
3221 1826 3330 1906 qui
3369 1826 3550 1907 juxta
3592 1846 3772 1889 suam
3813 1828 4005 1889 tradi-

896 1935 1112 2009 turpes
1152 1946 1231 1988 ex
1275 1927 1405 1990 otio
1445 1927 1752 2007 generari.

962 2025 1244 2106 Denique
1268 2025 1383 2088 hos
1416 2025 1585 2107 ipsos
1610 2025 2200 2088 Thessalonicenses
2232 2043 2387 2107 quos

892 2121 1229 2203 Apostolus
1261 2122 1327 2183 in
1358 2123 1563 2204 prima
1598 2123 1675 2183 ad
1705 2140 1812 2184 eos
1843 2122 2115 2204 epistola
2146 2121 2387 2184 foverat

896 2220 1145 2281 blandis
1175 2221 1409 2293 verbiS,
1442 2221 1808 2302 aggreditur
1847 2221 1911 2282 in
1952 2221 2231 2282 secunda
2261 2220 2390 2302 epi—

895 2317 1055 2379 stola
1102 2335 1323 2379 curare
1372 2317 1828 2379 austerioribus
1880 2318 2386 2391 medicamentis,

898 2415 1072 2489 velut
1112 2433 1219 2478 eos
1268 2416 1377 2497 qui
1422 2434 1499 2477 ex
1552 2414 1896 2477 levioribus
1947 2416 2212 2478 medelis
2263 2433 2388 2477 non

899 2512 1323 2594 profecerunt.
1357 2512 1543 2575 Nulla
1580 2512 1753 2574 enim
1788 2513 1921 2593 jam
1962 2513 2218 2575 mitium
2257 2532 2393 2575 ver-

900 2611 1127 2674 borum
1170 2611 1451 2674 fomenta
1496 2610 1843 2692 praemittit,
1887 2630 2004 2674 nec
2046 2611 2275 2674 blanda
2317 2630 2390 2673 ac

900 2718 1116 2772 tenera
1162 2710 1361 2771 utitur
1403 2727 1558 2771 voce
1605 2717 1673 2769 ut
1713 2717 1879 2782 ante,
1924 2710 2192 2771 dicendo
2227 2726 2240 2770 :
2275 2711 2390 2773 Ro-

608 2831 873 2885 iirnm.m,
900 2828 1122 2890 gamus
1161 2825 1294 2880 vOS‚
1338 2808 1583 2881 fratres,
1616 2816 1774 2885 etc.;
1812 2809 1921 2869 sed
1960 2808 2048 2869 ait
2082 2826 2095 2869 :
2129 2811 2394 2869 Denun-

904 2910 1145 2967 tiamus
1183 2908 1379 2975 vobiS,
1407 2908 1681 2981 fratrea,
1714 2908 1783 2965 in
1826 2907 2085 2966 nomine
2121 2908 2394 2967 Domini

2504 1922 2740 1983 tionem
2791 1922 3030 1985 nollent
3082 1924 3412 2004 incedere3
3462 1935 3526 1988 et
3574 1927 3768 1988 etiam
3819 1927 4002 1989 inho-

2501 2028 2712 2083 nestos
2743 2028 2805 2081 et
2838 2021 3249 2097 inordinatOS,
3286 2023 3347 2085 id
3377 2030 3494 2097 est,
3529 2041 3656 2086 non
3687 2033 4002 2087 sectantes

2501 2135 2844 2199 congruam
2875 2118 3413 2201 opportunitatem
3445 2122 3894 2204 processioniS,
3915 2124 4004 2185 vi-

2500 2216 2835 2291 sitationiS,
2889 2217 3231 2281 locutionis
3288 2238 3361 2281 ac
3411 2222 3734 2302 temporis.
3787 2221 4002 2283 Omni-

2502 2313 2622 2376 bus
2666 2334 2940 2397 namque
2980 2316 3154 2379 vitiis
3196 2317 3332 2379 istis
3379 2318 3809 2381 inordinatum
3855 2320 4004 2382 sub-

2497 2412 2708 2493 jacere
2739 2420 3003 2494 oportet.
3021 2414 3204 2477 Notat
3235 2416 3388 2477 item
3419 2434 3527 2478 eos
3558 2435 3697 2479 esse
3728 2418 3999 2480 rebelles

2502 2511 2969 2592 quodammodo
3009 2520 3072 2573 et
3117 2522 3606 2597 contemptores,
3641 2535 3842 2597 quum
3885 2517 3995 2587 ait,

2504 2608 2578 2668 Et
2609 2626 2733 2670 non
2765 2610 3119 2671 secundum
3149 2612 3554 2674 traditionem
3586 2632 3778 2694 quam
3820 2632 3996 2676 acce-

2503 2714 2735 2788 perunt
2777 2726 2814 2768 a
2863 2707 3047 2770 nobis
3095 2726 3109 2769 :
3158 2726 3234 2771 eo
3280 2711 3450 2791 quod
3499 2712 3821 2793 aspernati
3869 2713 3998 2773 sint

2504 2811 2717 2866 tenere
2751 2805 3156 2868 traditionem
3197 2807 3277 2869 ab
3319 2808 3457 2889 ipso
3495 2818 3846 2891 acceptam,
3879 2828 3998 2871 nec

2505 2902 2740 2993 imitari
2789 2903 3108 2966 voluerint
3156 2907 3325 2987 quod
3378 2909 3702 2969 sciverunt
3749 2915 3994 2970 tantum

902 3007 1114 3065 nostri
1136 3008 1291 3065 Jesu
1318 3005 1589 3073 Christi,
1622 3014 1693 3063 ut
1734 3006 2138 3063 subtrahatis
2168 3024 2276 3064 vos
2313 3006 2392 3063 ab
2428 3006 2471 3068 C
2505 3001 2872 3081 magistrum
2905 3020 3032 3064 non
3073 3003 3278 3065 solum
3311 3004 3507 3067 verbo
3536 3006 3851 3080 docuisse,
3884 3007 3992 3069 sed

901 3105 1081 3164 omni
1104 3106 1323 3179 fratre
1352 3104 1725 3162 ambulante
1754 3104 2153 3173 inordinate,
2170 3112 2232 3161 et
2263 3122 2392 3163 non

902 3204 1257 3261 secundum
1301 3201 1723 3260 traditionem
1765 3220 1961 3278 quam
2008 3208 2393 3276 acceperunt

904 3320 945 3359 a
983 3302 1182 3360 nobi-5.
1226 3298 1321 3360 lbi
1371 3305 1566 3378 rogat,
1608 3297 1712 3358 hic
1762 3298 2127 3377 denuntiat3
2171 3298 2236 3359 in
2287 3298 2394 3359 illa

904 3396 1287 3459 blandientis
1329 3394 1625 3469 affectus,
1670 3396 1732 3456 in
1778 3396 1896 3456 hac
1942 3396 2244 3457 severitas
2287 3395 2395 3458 ob-

904 3494 1192 3557 testantis
1234 3502 1295 3555 et
1338 3493 1784 3555 comminantis
1818 3512 1832 3556 :
1870 3516 1903 3551 ε(
1936 3494 2394 3556 Denuntiamus

904 3591 1107 3665 vobis,
1172 3592 1395 3653 fratres
1438 3613 1493 3652 ».
1552 3591 1737 3664 Quasi
1797 3591 1964 3653 dicat
2018 3611 2032 3654 :
2084 3592 2394 3665 Quoniam

904 3690 1233 3771 sprevistis
1266 3689 1441 3770 prius
1470 3688 1690 3752 audire
1722 3688 1915 3750 verba
1945 3690 2245 3769 rogantiS,
2281 3690 2396 3751 sal-

904 3796 1035 3850 tem
1102 3807 1272 3851 nunc
1339 3786 1591 3849 obedite
1659 3786 1871 3848 verbis
1938 3787 2393 3850 denuntiantis.

906 3887 1115 3969 Ipsam
1178 3904 1430 3967 quoque
1490 3885 2037 3946 denuntiationem
2102 3886 2401 3966 proponit

906 4003 1034 4048 non
1073 3984 1268 4046 verbo
1310 3983 1503 4056 nudo,
1536 3983 1646 4044 sed
1685 3982 2059 4045 terribiliter
2097 4002 2246 4045 cum
2289 3984 2398 4046 ob-

904 4083 1237 4145 testatione
1285 4080 1535 4143 Domini
1586 4080 1784 4141 nostri
1825 4082 1971 4143 Jesu
2022 4081 2277 4153 Christi,
2320 4100 2400 4144 ne

906 4181 1118 4243 forsan
1144 4198 1355 4241 rursus
1386 4186 1860 4240 contemnerent
1883 4178 2253 4260 simplicem,
2273 4188 2402 4241 tan-
2431 4186 2478 4248 D

906 4298 1097 4363 quam
1160 4278 1438 4339 humana
1500 4293 1653 4338 voce
1719 4278 2050 4358 prolatam,
2112 4286 2176 4339 et
2235 4278 2398 4341 aesti-

908 4384 1153 4440 marent
1214 4394 1354 4438 eam
1419 4393 1545 4437 non
1610 4393 1989 4457 magnopere
2052 4376 2397 4439 observan-

907 4478 1073 4539 dam.
1107 4475 1458 4555 Statimque
1501 4480 1572 4535 ut
1615 4473 2039 4554 peritissimus
2088 4476 2394 4548 medicuS,

908 4582 1171 4637 conatur
1233 4571 1469 4634 mederi
1534 4572 1807 4653 putridis
1876 4572 2184 4635 membris
2246 4573 2398 4635 ferri

908 4670 1258 4754 spiritualis
1295 4668 1625 4742 incisione,
1659 4669 1895 4750 quibus
1935 4670 2160 4733 leniori
2202 4672 2398 4733 medi—

908 4777 1201 4835 camento
1230 4769 1581 4831 remedium
1613 4767 1899 4830 conferre
1932 4770 2252 4852 nequivit:
2274 4772 2402 4833 «Ut

910 4867 1293 4932 subtrahatis
1324 4885 1491 4929 vos»
1521 4866 1877 4947 (inquiens)
1908 4890 1941 4925 «
1962 4868 2042 4929 ab
2074 4870 2249 4930 omni
2281 4869 2401 4931 fra-

908 4978 1003 5031 tre
1048 4965 1413 5030 ambulante
1466 4964 1838 5039 inordinate,
1890 4973 1951 5027 et
2002 4984 2129 5028 non
2178 4986 2402 5029 secun-

910 5067 1064 5130 dum
1109 5063 1514 5126 traditionem
1558 5081 1750 5143 quam
1794 5072 2179 5145 acceperunt
2217 5084 2253 5126 a
2295 5083 2403 5128 no-

910 5165 1096 5227 bis».
1134 5163 1347 5243 ltaque
1388 5160 1571 5242 jubet
1614 5160 1900 5222 subtrahi
1946 5180 2057 5223 seu
2108 5164 2401 5226 recedere

909 5261 989 5325 ab
1048 5260 1148 5322 his
1208 5258 1319 5343 qui
1364 5276 1585 5321 vacare
1643 5258 1821 5340 operi
1880 5259 2127 5333 nolunt,
2180 5269 2244 5322 et
2291 5279 2400 5324 eos

2501 3107 2563 3159 et
2594 3117 2783 3181 opere
2815 3099 3177 3180 perfecisse.
3203 3105 3345 3178 Ipsi
3372 3106 3546 3164 enim
3575 3106 3756 3165 scitis
3783 3124 3996 3184 quem·
4025 3125 4314 3171 numan.

2502 3200 2852 3257 admodum
2901 3208 3189 3273 oporteat
3235 3202 3498 3261 imitari
3543 3222 3675 3262 noa.
3719 3203 3835 3265 Per
3875 3203 3996 3266 hoc
4025 3192 4073 3232 ⁷·

2503 3301 2835 3375 exaggerat
2864 3296 3195 3358 cumulum
3229 3300 3740 3380 reprehensionis
3773 3302 3996 3363 imma—

2507 3410 2890 3473 nem,quum
2920 3395 3144 3457 asserit
3168 3414 3275 3458 eos
3305 3415 3432 3459 non
3463 3397 3798 3460 observare
3830 3400 3998 3479 quod

2505 3498 2568 3551 et
2599 3491 2966 3554 memoriter
3003 3493 3234 3568 sciunt,
3268 3504 3331 3556 et
3367 3496 3446 3557 ad
3486 3496 3870 3559 imitandum
3910 3498 4000 3559 di-

2505 3588 2797 3650 dicerunt
2837 3608 2963 3652 non
3005 3591 3212 3653 solum
3242 3592 3438 3656 verbo
3479 3594 3855 3669 instruente,
3893 3596 4002 3659 sed

2507 3685 2769 3768 insuper
2805 3698 3188 3769 acceperunt
3217 3693 3510 3774 exemplo
3548 3711 3816 3775 operum
3861 3712 4004 3776 pro-

2509 3793 2790 3847 vocante.

2896 4003 3399 4067 CAPITULUM
3461 4005 3609 4068 VII.

2510 4133 2680 4200 Quod
2731 4148 2962 4188 necesse
3006 4134 3088 4187 sil
3134 4150 3266 4189 eum
3311 4150 3435 4189 esse
3482 4136 3844 4207 inquietum.
3895 4139 4005 4211 qui

2582 4238 2758 4293 opere
2794 4236 3077 4277 manuum
3114 4238 3364 4278 suarum
3395 4240 3516 4279 non
3549 4224 3678 4280 vult
3708 4240 3834 4281 ease
3865 4244 4004 4284 con-

2580 4316 2794 4366 tentus.

2648 4481 2721 4542 l‘r
2767 4498 3021 4563 quoque
3064 4482 3402 4563 Apostolus
3449 4501 3462 4545 ε
3513 4488 3684 4554 Quia
3725 4508 3855 4549 non
3899 4492 4002 4551 in·
4071 4507 4278 4551 mae...

2677 4581 2887 4657 quieti
2927 4581 3184 4656 fuimus
3231 4582 3409 4640 inter
3457 4603 3582 4643 vos.
3629 4584 3836 4657 Quum
3887 4607 4002 4669 per

2508 4676 2882 4738 exercitium
2914 4676 3123 4757 operis
3153 4676 3292 4738 vult
3331 4678 3600 4759 probare
3639 4700 3708 4742 se
3745 4700 3872 4745 non
3899 4683 4000 4746 fu·

2511 4773 2633 4835 isse
2679 4773 3036 4854 inquietum
3087 4772 3251 4835 inter
3295 4792 3426 4849 eos,
3469 4776 3869 4842 abundanter
3910 4783 4002 4844 in-

2510 4873 2719 4934 sinuat
2749 4890 2855 4934 eos
2886 4872 2998 4953 qui
3027 4874 3276 4953 operari
3315 4892 3441 4936 non
3471 4875 3715 4950 volunt,
3750 4898 4003 4961 semper

2510 4990 2587 5032 ex
2646 4969 2801 5032 vitio
2855 4970 3191 5032 otiositatis
3257 4970 3574 5053 inquietos
3634 4977 3996 5040 consistere.

2511 5070 2736 5146 Neque
2775 5069 2992 5143 gyratis
3039 5086 3278 5143 panem
3335 5074 3876 5135 manducavimus
3920 5079 4003 5135 ab
4073 5088 4198 5130 1⁶2·ae
4229 5092 4268 5129 s.

2511 5166 2750 5242 alique.
2797 5164 2889 5224 En
2934 5182 3047 5245 per
3085 5164 3335 5245 singula
3373 5167 3567 5229 verba
3605 5168 3760 5232 facit
3802 5171 4004 5235 incre-

2513 5261 2784 5344 pationis
2823 5269 3236 5343 augmentum
3271 5282 3284 5325 :
3319 5273 3381 5325 et
3411 5283 3557 5327 ecce
3589 5268 3816 5331 Doctor
3850 5286 4004 5351 gen-
