4359 6267
790 498 911 563 228
1479 522 1894 571 COLLATIONUM
1936 524 2021 570 SS.
2057 525 2299 570 PATRUM
2340 525 2515 572 mmm
2558 526 2597 572 1.
2642 545 2723 554 --
2765 525 3050 573 coLLA‘rlo
3091 526 3199 572 vm

1699 908 2505 1022 COLLATIO
2650 910 2978 1020 VIII

1775 1142 2148 1240 (Abbatis
2188 1144 2476 1219 Sereni
2513 1142 2895 1234 secunda)

1337 1392 1450 1444 DE
1533 1389 2227 1443 POTESTATIBUS
2310 1389 2482 1442 SEU
2570 1390 3337 1445 PRINCIPATIBUS.

1072 1703 1574 1768 CAPITULUM
1619 1702 1987 1766 PR1MUM,
2309 1680 2362 1744 A
2532 1679 2893 1745 ERMANUS
2928 1701 2941 1745 :
2975 1683 3341 1757 Quaesumus
3376 1684 3546 1746 unde
3577 1685 3885 1765 processit

2559 1786 2733 1843 tanta
2776 1781 3111 1844 diversitas
3160 1783 3665 1845 adversariarum
3710 1790 3883 1865 pote-

2390 1884 2645 1952 statum,
2680 1898 2791 1941 seu
2832 1880 3215 1954 daemonum,
3251 1888 3469 1944 contra
3507 1881 3883 1944 hominem?

910 1980 1050 2044 OST
1110 1979 1724 2042 consummationem
1796 1976 1996 2038 divini
2061 1975 2275 2039 Officii
2388 1975 2586 2048 Quam
2622 1996 3001 2039 enumerans
3040 1986 3295 2040 sanctus
3326 1978 3663 2060 Apostolus
3696 1997 3711 2040 :
3744 1979 3884 2043 Non
3932 1995 4182 2052 Eprium.

939 2076 1202 2138 dimissa
1259 2074 1743 2156 congregatione
1810 2074 2116 2145 ecclesiae,
2180 2093 2275 2136 re-
2386 2081 2502 2147 est,
2538 2074 2767 2156 inquit,
2802 2075 2985 2138 nobis
3019 2076 3383 2139 colluctatio
3420 2077 3724 2139 adversus
3752 2096 3887 2140 car-
3918 2061 3987 2102 ¹²·

783 2175 947 2238 versi
998 2176 1076 2237 ad
1127 2175 1351 2236 cellam
1403 2173 1596 2245 senis,
1648 2171 2001 2234 lautissime
2047 2171 2127 2234 ab
2176 2190 2277 2234 eo-
2387 2191 2532 2234 nem
2572 2181 2635 2235 et
2676 2174 3073 2256 sanguinem,
3114 2176 3224 2238 sed
3266 2183 3483 2238 contra
3522 2175 3885 2257 spiritualia

781 2275 925 2336 dem
985 2293 1208 2335 sumus
1268 2272 1508 2334 refecti.
1562 2272 1733 2334 Fecit
1779 2271 1953 2334 enim
2003 2291 2272 2353 parvum
2386 2271 2687 2352 nequitiae
2719 2272 2786 2334 in
2818 2273 3221 2352 coelestibus3
3254 2281 3315 2335 et
3347 2274 3578 2336 iterum
3614 2292 3628 2335 ε
3662 2275 3885 2357 Neque
3946 2293 4185 2340 nomn-1,

781 2374 1103 2454 liquamen
1136 2372 1270 2434 sive
1301 2371 1728 2454 pulmentum,
1763 2370 1867 2432 cui
1901 2369 2136 2431 infudit
2164 2371 2275 2432 ali·
2384 2369 2614 2450 angeli,
2648 2389 2855 2452 neque
2897 2371 3316 2453 principatuS,
3352 2391 3559 2454 neque
3586 2373 3883 2448 virtuteS,
3918 2360 3991 2408 ³⁸·
4024 2361 4091 2400 ³⁹·

781 2472 935 2552 quid
974 2471 1096 2533 olei
1138 2489 1268 2551 prae
1305 2469 1510 2542 solit0‚
1545 2469 1713 2550 quod
1754 2467 1938 2530 nobis
1977 2468 2272 2550 apposuit
2386 2487 2593 2550 neque
2642 2477 2929 2531 creatura
2976 2469 3100 2531 alia
3140 2470 3372 2552 poterit
3422 2487 3537 2533 nos
3588 2490 3888 2554 separare

783 2569 921 2631 loco
950 2568 1194 2641 murita,
1228 2587 1370 2649 quae
1405 2567 1617 2629 addita
1654 2567 1776 2629 olei
1817 2573 1994 2647 gutta
2031 2565 2273 2629 solebat
2386 2585 2422 2628 a
2461 2568 2718 2630 caritate
2755 2568 2888 2642 Dei,
2922 2575 3041 2630 etc.
3079 2569 3251 2630 Unde
3290 2586 3441 2650 ergo
3480 2569 3756 2632 surrexit
3792 2571 3891 2633 di-

780 2666 1166 2749 quotidianae
1206 2665 1536 2728 refectioni
1575 2664 1830 2746 apponi.
1865 2664 2053 2727 Porro
2089 2664 2275 2725 idcir·
2385 2665 2651 2727 versitas
2681 2672 2869 2728 tantae
2902 2665 3161 2728 malitiae
3192 2665 3455 2729 inimica
3479 2686 3554 2728 ac
3586 2667 3887 2732 invidens

779 2784 855 2830 co
885 2765 1325 2848 unusquisque
1356 2783 1576 2828 eorum
1606 2772 1850 2846 guttam
1883 2763 2055 2825 illam
2100 2781 2272 2825 man—
2386 2761 2611 2825 nobis?
2649 2764 2743 2826 An
2784 2764 3172 2826 credendum
3211 2773 3306 2826 est
3348 2771 3690 2846 potestates
3728 2766 3889 2830 istas

777 2867 1123 2928 ducaturus
1163 2865 1447 2946 apponit,
1489 2882 1617 2926 non
1657 2870 1725 2924 ut
1763 2881 1840 2924 ex
1883 2881 1959 2924 ea
2000 2862 2273 2924 suavita·
2309 2861 2356 2922 B
2384 2862 2462 2923 ad
2501 2861 2621 2924 hoc
2663 2881 2802 2925 esse
2844 2882 2881 2924 a
2923 2863 3051 2925 Deo
3094 2871 3355 2936 creataS‚
3400 2872 3471 2926 ut
3512 2871 3732 2926 contra
3770 2865 3889 2928 ho-

775 2973 905 3027 tem
963 2971 1072 3026 aut
1119 2981 1408 3044 saporem
1462 2962 1776 3044 percipiat
1822 2962 2050 3042 (quum
2100 2968 2277 3022 tanta
2388 2961 2627 3022 minem
2673 2962 3018 3024 militarent
3061 2962 3162 3024 his
3204 2962 3505 3042 gradibus
3554 2971 3747 3045 atque
3786 2982 3893 3027 or-

777 3064 860 3127 sit
908 3062 1186 3146 parvitas
1236 3062 1397 3143 ejuS,
1432 3069 1502 3122 ut
1540 3078 1668 3123 non
1718 3059 1925 3123 solum
1965 3077 2089 3122 non
2136 3059 2277 3122 lini·
2386 3059 2644 3122 dinibus
2689 3059 3064 3142 pravitatis?

777 3183 866 3236 re,
901 3162 1011 3224 sed
1047 3179 1164 3224 nec
1204 3161 1590 3242 pertransire
1630 3160 1834 3222 valeat
1864 3161 2130 3240 guttur),
2163 3159 2274 3221 sed

777 3269 848 3324 ut
897 3280 1017 3322 usu
1067 3267 1260 3340 guttae
1309 3259 1494 3320 istius
1543 3258 1884 3321 retundant
1932 3258 2139 3320 cordis
2186 3257 2276 3339 ja·
2786 3276 3291 3341 CAprsULUM
3352 3279 3475 3341 111-

777 3358 1078 3420 etantiam
1122 3356 1542 3437 elationisque
1581 3356 1895 3431 stimulOS,
1929 3356 2036 3437 qui
2071 3356 2277 3418 solent

778 3457 1046 3518 latenter
1075 3474 1148 3517 ac
1190 3454 1420 3516 blande
1459 3455 1612 3517 oriri
1653 3474 1730 3516 ex
1767 3454 2153 3517 abstinentia
2181 3455 2275 3516 di-

775 3554 1101 3617 strictiori.
1125 3553 1366 3634 Nempe
1398 3571 1525 3634 quo
1554 3551 1938 3615 abstinentia
1969 3553 2275 3615 secretius

777 3661 1109 3716 exercetur
1145 3660 1208 3714 et
1247 3651 1425 3713 nullo
1464 3651 1798 3714 hominum
1831 3658 1991 3714 teste
2023 3651 2277 3732 perfici·
2512 3649 2811 3712 ERENUS
2856 3668 2869 3712 :
2921 3650 3148 3713 Divina
3195 3648 3520 3734 Scriptura
3576 3661 3703 3715 tam
3754 3657 3895 3718 evi-

775 3761 900 3826 tur,
923 3758 1096 3814 tanto
1125 3750 1420 3812 subtilius
1451 3757 1692 3812 tentare
1723 3768 1848 3812 non
1880 3749 2112 3814 desinit
2142 3749 2278 3812 abs·
2538 3750 2760 3811 denter
2800 3767 2873 3811 ac
2920 3749 3130 3811 lucide
3172 3749 3380 3812 locuta
3418 3760 3515 3813 est
3550 3751 3765 3834 aliqua
3800 3755 3891 3817 de

778 3851 1107 3912 tinentem.
1157 3849 1395 3912 Deinde
1442 3849 1737 3930 apposuit
1787 3849 1984 3910 salem
2034 3848 2274 3910 frixum
2388 3847 2487 3909 his
2547 3848 2613 3909 in
2661 3847 2897 3930 quibus
2947 3865 3061 3910 nos
3111 3848 3315 3910 voluit
3360 3850 3636 3921 erudire,
3686 3851 3889 3916 etiam

997 1829 1080 1884 De
1121 1827 1497 1883 humanitate
1541 1824 1787 1882 abbatis
1825 1826 2057 1882 Sereni.

2556 3409 2639 3464 De
2685 3407 3021 3480 multiplici
3065 3423 3200 3463 esca
3244 3409 3714 3480 Scripturarum

2954 3503 3319 3553 sanctarum.

777 3957 839 4012 et
881 3957 1090 4011 ternas
1131 3949 1352 4022 olivaS,
1388 3947 1622 4029 quibus
1662 3947 1894 4029 adjecit
1925 3947 2274 4010 canistrum
2388 3945 2515 4008 illis
2559 3948 2669 4029 qui
2710 3947 3004 4009 acumine
3045 3956 3299 4009 careant
3338 3948 3601 4030 ingenii,
3646 3958 3713 4011 ut
3752 3969 3891 4014 non

776 4049 1020 4112 habens
1053 4049 1223 4110 cicer
1252 4047 1514 4121 frixum,
1541 4048 1709 4129 quod
1742 4047 1863 4129 ipsi
1897 4054 2124 4109 vocant
2156 4055 2275 4110 tro-
2312 4042 2357 4107 G
2388 4045 2593 4106 solum
2644 4062 2770 4107 non
2808 4045 3103 4106 velentur
3140 4064 3252 4107 seu
3292 4045 3715 4110 obscurent-ur
3753 4049 3892 4112 ulla

772 4148 959 4229 galia,
1011 4166 1088 4209 ex
1143 4146 1378 4229 quibus
1438 4146 1712 4228 quilibet.
1767 4147 2040 4227 sumpsit
2093 4147 2276 4229 quin·
2386 4143 2769 4206 difficultate
2836 4162 3060 4204 sensus
3125 4143 3504 4218 secretioris,
3566 4144 3697 4209 imo
3762 4167 3891 4210 nec

773 4265 898 4328 que
929 4265 1142 4328 grana,
1165 4246 1290 4307 duo
1322 4245 1625 4327 myxaria,
1644 4253 1706 4307 et
1736 4245 2009 4308 caricam
2042 4264 2270 4307 unam:
2388 4242 2711 4323 indigeant
2744 4241 2991 4322 aliquo
3055 4241 3373 4322 adjutorio
3440 4245 3885 4324 expositioniS,

773 4343 1100 4427 culpabile
1131 4343 1304 4407 enim
1345 4351 1440 4405 est
1481 4344 1545 4405 in
1585 4361 1800 4406 eremo
1831 4343 1941 4406 illa
1969 4345 2273 4406 excedere
2385 4358 2585 4422 quum
2636 4339 2975 4422 praeferant
3026 4347 3090 4401 et
3138 4340 3471 4402 ostendant
3520 4342 3889 4408 intellectus

775 4461 1118 4504 numerum
1152 4443 1367 4504 istum.
1394 4443 1527 4516 Qua
1556 4441 1901 4504 refectione
1933 4442 2270 4524 completa,
2385 4455 2531 4499 suos
2563 4437 2697 4499 sive
2729 4437 3075 4500 sententias
3108 4437 3172 4498 in
3212 4439 3558 4519 superficie
3596 4441 3773 4504 vocis
3805 4462 3888 4505 ac

774 4559 977 4623 quum
1037 4540 1454 4621 coepissemus
1513 4557 1844 4621 reposcere
1893 4541 2274 4622 promissam
2385 4537 2628 4599 litterae.
2684 4537 2977 4610 Quaedam
3031 4554 3182 4599 vero
3228 4545 3377 4599 sunt
3427 4541 3747 4620 mysteriis
3796 4542 3889 4605 ita

776 4637 1116 4720 propositae
1147 4638 1513 4719 quaestionis
1545 4638 2152 4714 solutionem,senex
2186 4659 2275 4702 re-
2385 4641 2603 4716 operta
2633 4642 2696 4696 et.
2726 4632 3225 4696 obscuritatibus
3258 4634 3563 4707 involuta,
3588 4646 3658 4699 ut
3687 4639 3752 4700 in
3782 4657 3890 4703 eo-

775 4736 1034 4818 spondit
1069 4754 1083 4798 :
1113 4737 1450 4818 Proponite
1483 4738 2061 4820 interrogationem,
2088 4738 2274 4819 cujus
2384 4751 2526 4795 rum
2558 4732 2955 4795 discussione
2984 4751 3059 4794 ac
3090 4732 3418 4796 intellectu
3456 4745 3743 4798 servetur
3773 4757 3887 4802 no-

776 4835 1247 4916 indagationem
1299 4835 1664 4898 distulimus
1711 4837 1774 4898 in
1819 4838 1983 4899 hanc
2026 4837 2268 4899 horam.
2384 4830 2485 4892 bis
2534 4831 2884 4893 immensus
2932 4831 3219 4893 exercitii
3278 4850 3543 4915 campus
3599 4844 3663 4897 et
3711 4837 3887 4899 solli·

2386 4929 2688 4992 citudinis
2729 4929 2941 5008 labor;
2976 4928 3517 5013 manifestumque
3555 4941 3651 4994 est
3681 4933 3887 4998 Deum

2387 5028 2508 5090 hoc
2556 5027 2647 5089 ita
2692 5027 3019 5089 ordinasse
3057 5026 3327 5089 diversis
3366 5047 3443 5090 ex
3486 5030 3714 5093 causis.
3756 5032 3889 5094 Pri-

1211 5098 1715 5164 CAPITULUM
1761 5101 1848 5165 ῙῙ·
2388 5143 2514 5198 mo,
2567 5143 2647 5188 ne
2696 5124 2913 5188 divina
2964 5133 3360 5188 sacramenta
3408 5145 3535 5189 non
3585 5128 3891 5194 habentia

887 5238 1237 5312 Propositio
1265 5237 1339 5293 de
1366 5238 1722 5295 diversitate
1752 5241 2170 5314 nequitiarum
2306 5226 2357 5289 D
2388 5223 2645 5305 aliquod
2688 5223 2979 5285 velamen
3025 5223 3377 5305 spiritualis
3423 5224 3885 5309 intelligentiam,

1353 5326 1696 5384 caelestium.
2395 5322 2824 5405 panderentur
2862 5323 3091 5404 aequali
3131 5323 3360 5386 notitia
3398 5325 3646 5388 cunctis
3685 5326 3891 5390 homi-
