4359 6267
835 468 916 532 68
1739 488 1818 533 nn
1859 488 2189 534 ms'rrrurls
2233 489 2317 534 ss.
2352 490 2614 535 uranu.
2660 508 2740 517 —
2780 490 2955 536 mann
2996 492 3034 535 v

841 674 944 719 mo
975 658 1218 731 ordine,
1253 658 1364 739 qui
1397 658 1586 721 etiam
1627 659 1874 741 primus
1905 637 2021 733 est,
2055 658 2333 721 mirifice
2362 658 2415 722 Α
2443 660 2675 741 pimuS.
2730 660 2959 742 Sicque
3016 662 3357 725 Arthebius
3414 663 3521 743 pia
3575 661 3797 724 fraude
3854 663 3941 724 de

837 756 1220 835 institutam3
1246 758 1685 820 festinavimus
1716 758 2122 839 sagacissimo
2147 759 2333 821 corde

835 856 1051 917 videre
1083 863 1146 917 et
1175 857 1374 919 alium
1414 857 1702 919 ordinem
1744 858 2199 919 monachorum
2233 875 2335 918 ex-

837 955 1294 1028 cellentiorem,
1329 963 1546 1036 utpote
1576 956 2122 1031 anachoretarum,
2157 956 2334 1017 insti-

835 1055 961 1135 gati
992 1056 1070 1117 ad
1101 1056 1221 1117 hoc
1248 1055 1581 1136 praeconiis
1606 1056 1884 1117 omnium
1915 1055 2056 1117 illos
2087 1055 2335 1117 laudan-

837 1154 1018 1214 tium.
1053 1153 1126 1215 Hi
1169 1172 1444 1234 namque
1484 1154 1876 1215 anachoretas
1918 1154 1983 1214 in
2020 1153 2330 1216 coenobiis

835 1252 1044 1332 primo
1075 1250 1432 1312 diutissime
1465 1252 1858 1325 commorati,
1883 1259 2071 1331 atque
2104 1252 2170 1312 in
2201 1269 2331 1313 om-

833 1350 897 1411 ni
933 1350 1150 1429 regula
1177 1368 1250 1410 ac
1281 1348 1516 1411 virtute
1548 1350 1870 1430 patientiae
1901 1368 1974 1411 ac
2004 1350 2330 1411 discretio-

831 1447 931 1508 nis
961 1446 1298 1526 diligenter
1327 1446 1950 1520 edocti,humilitatis
1982 1464 2235 1527 quoque
2266 1453 2329 1507 et

831 1546 1219 1626 paupertatis
1270 1546 1560 1607 virtutem
1606 1546 1842 1627 adepti,
1891 1546 2327 1625 universisque

830 1643 1004 1705 vitiis
1056 1663 1215 1725 pure
1269 1643 1685 1726 consumptis,
1735 1645 1972 1705 intrant
2018 1662 2091 1705 ac
2141 1662 2329 1724 pene-

831 1750 1000 1803 trant
1031 1742 1348 1824 profunda
1386 1743 1616 1804 deserti
1661 1751 1922 1815 secreta,
1957 1750 2174 1803 contra
2209 1742 2327 1803 dm-

835 1859 1055 1903 mones
1091 1841 1450 1903 durissimis
1482 1841 1718 1923 praeliis
1749 1840 2110 1923 pugnaturi.
2145 1841 2325 1903 Viros
2364 1838 2411 1901 B

835 1939 1026 2020 igitur
1083 1939 1276 2020 hujus
1340 1940 1648 2022 propositi
1713 1940 2100 2020 reperientes
2160 1939 2329 2000 circa

834 2037 1046 2099 Nilum
1093 2038 1368 2099 fluvium
1409 2045 1894 2108 commoranteS,
1929 2036 1994 2097 in
2041 2037 2178 2098 loco
2218 2035 2326 2117 qui

834 2136 914 2197 ab
943 2152 1067 2197 uno
1100 2135 1292 2197 latere
1324 2135 1753 2196 circumdatus
1783 2135 2006 2197 eodem
2033 2134 2325 2205 flumine,

832 2241 896 2294 et
925 2233 1004 2294 ab
1044 2232 1168 2294 alio
1200 2233 1390 2294 latere
1425 2234 1604 2305 mari,
1640 2232 1913 2294 insulam
1944 2231 2150 2295 reddit
2178 2232 2329 2294 solis

832 2330 1246 2392 habitabilem
1296 2330 1623 2393 monachis
1681 2330 1880 2393 eremi
1939 2338 2178 2393 secreta
2237 2331 2329 2391 in-

834 2428 1146 2490 trantibus
1185 2430 1362 2508 (nam
1393 2429 1638 2490 salsitas
1673 2428 1863 2491 maris
1903 2438 1964 2490 et
1993 2447 2328 2490 arenarum

831 2526 1130 2588 sterilitas
1162 2526 1314 2587 facit
1339 2545 1477 2588 eam
1508 2525 1682 2588 omni
1709 2526 1968 2589 culturae
1989 2526 2326 2607 inept.am):

831 2625 910 2686 ad
958 2625 1096 2698 hos,
1149 2625 1432 2705 inquam,
1485 2625 1654 2687 viros
1713 2643 1965 2687 summo
2013 2625 2329 2686 desiderio

833 2723 1226 2796 festinanteS,
1261 2723 1554 2785 admirati
1596 2742 1816 2784 sumus
1861 2723 2025 2784 ultra
2069 2723 2329 2785 modum

833 2822 1080 2883 labores
1112 2840 1354 2897 eorum,
1381 2840 1540 2904 quos
1573 2821 2106 2903 contemplatione
2137 2822 2332 2883 virtu-

831 2928 970 2982 tum
1013 2928 1074 2982 et
1117 2938 1330 2982 amore
1381 2920 1742 2983 solitudinis
1790 2919 2138 3001 patiuntur.
2173 2920 2331 2981 Tan-

2443 759 2582 821 loco
2624 760 2956 822 discedens
3000 762 3220 843 paucis
3264 762 3511 834 diebuS,
3544 762 3781 843 quibus
3827 781 3941 843 pa-

2443 864 2609 919 raret
2654 860 3010 921 necessaria
3047 877 3161 940 pro
3204 859 3329 921 alia
3366 860 3527 921 cella
3570 867 3943 922 construen-

2442 956 2541 1029 da,
2575 974 2866 1018 reversus
2912 964 3054 1037 post
3096 956 3252 1029 haec,
3294 957 3486 1019 aliam
3534 956 3656 1018 sibi
3707 957 3939 1019 cellam

2442 1073 2589 1115 cum
2640 1074 2892 1117 summo
2931 1054 3143 1117 labore
3183 1056 3535 1117 construxit
3570 1074 3583 1117 :
3616 1075 3804 1137 quam
3854 1057 3941 1117 si-

2442 1152 2578 1213 mili
2644 1152 2923 1215 caritatis
2987 1153 3553 1226 circumventione,
3614 1161 3757 1235 post
3817 1154 3939 1215 ali-

2440 1252 2817 1332 quantulum
2862 1260 3113 1332 tempus
3152 1252 3411 1313 tradidit
3448 1271 3595 1313 cum
3634 1251 3939 1313 omnibus

2439 1349 2812 1412 necessariis
2843 1349 3225 1431 quibusdam
3250 1350 3571 1413 Fratribus
3601 1352 3942 1413 advenien-

2437 1448 2632 1522 tibus,
2678 1455 2867 1529 atque
2918 1448 3158 1510 ibidem
3207 1448 3491 1511 habitare
3542 1449 3934 1531 optantibuS.

2437 1548 2579 1627 Ipse
2610 1565 2759 1609 vero
2790 1547 2959 1608 circa
2988 1565 3179 1629 opera
3209 1546 3488 1608 caritatis
3521 1546 3940 1627 infatigabilis

2438 1663 2873 1727 perseverans,
2906 1645 3157 1706 tertiam
3199 1644 3324 1706 sibi
3356 1646 3583 1707 cellam
3622 1645 3941 1707 exstruxit

2441 1744 2506 1805 in
2550 1762 2676 1825 qua
2716 1744 3168 1805 demoraretur.

2711 1970 3083 2033 CAPITUL
3092 1970 3215 2033 UM
3276 1970 3657 2033 XXXVIII.

2440 2092 2525 2146 De
2561 2090 2765 2146 debito
2804 2091 2965 2163 quod
3000 2090 3192 2145 abbas
3230 2091 3557 2146 Arthebius
3598 2090 3780 2146 solvit
3814 2107 3941 2162 pro

2549 2186 2733 2252 patre
2760 2196 2867 2235 suo
2896 2196 2977 2235 eoe
3005 2180 3213 2235 labore
3240 2196 3526 2237 manuum
3554 2195 3819 2235 suarum.

2582 2332 2823 2393 IGNUM
2855 2330 3010 2392 mihi
3043 2332 3294 2393 videtur
3321 2330 3494 2393 aliud
3523 2331 3809 2411 ejusdem
3844 2331 3942 2392 vi-

2600 2431 2654 2491 ri
2704 2429 2904 2491 sancti
2953 2430 3351 2491 caritativum
3402 2447 3563 2511 opus
3613 2428 3945 2491 memorias

2444 2529 2708 2602 tradere,
2743 2547 2870 2610 quo
2900 2527 3193 2590 monachi
3228 2536 3537 2589 terrarum
3579 2535 3943 2589 nostrarum

2444 2627 2790 2689 doceantur
2818 2644 2945 2688 non
2976 2626 3181 2688 solum
3225 2625 3496 2706 rigorem
3529 2625 3943 2688 continentiae

2444 2726 2738 2799 retinere,
2782 2725 2891 2786 sed
2938 2724 3444 2786 sincerissimum
3486 2741 3738 2805 quoque
3780 2724 3945 2785 cari-

2446 2823 2590 2885 tatis
2639 2822 2946 2885 affectum
2994 2822 3249 2895 habere,
3296 2822 3488 2883 unius
3537 2829 3599 2883 et
3646 2822 3943 2902 ejusdem

2443 2922 2564 2982 viri
2596 2921 2907 3001 exemplo.
2942 2920 3056 2982 Hic
3088 2939 3364 3001 namque
3395 2920 3596 2982 nobili
3635 2919 3943 3001 progenie

832 3027 962 3081 tam
993 3038 1266 3099 namque
1299 3018 1614 3080 sustinent
1639 3038 1941 3100 aquarum
1975 3019 2327 3100 penuriam,
2369 3014 2413 3079 C
2444 3027 2640 3091 ortuS,
2674 3038 2711 3080 a
2755 3018 3109 3099 puerilibus
3159 3018 3343 3080 annis
3394 3017 3556 3098 fugit
3598 3018 3677 3079 ad
3721 3034 3948 3098 mona5

833 3124 904 3177 ut
943 3117 1053 3178 tali
1094 3117 1422 3197 diligentia
1465 3136 1537 3178 ac
1577 3116 1879 3198 scrupulo
1918 3135 2056 3177 eam
2099 3116 2333 3196 accipi-

832 3222 960 3287 ant,
1010 3214 1182 3295 quali
1228 3232 1416 3275 nemo
1461 3214 2036 3294 frugalissimorum
2084 3232 2332 3276 conser-

833 3320 939 3374 vat
979 3320 1042 3374 et
1086 3312 1357 3394 partitur
1398 3311 1932 3393 pretiosissimum
1975 3312 2219 3373 vinum.

1123 3548 1626 3611 CAPITULUM
1693 3548 2040 3611 XXXVII.

835 3671 1114 3738 Qualiter
1160 3670 1350 3725 abbas
1393 3670 1718 3725 Artlzebz'us
1766 3670 2102 3725 tradiderit
2155 3670 2333 3726 nobis

903 3760 1183 3815 cellulam
1233 3775 1404 3815 suam
1458 3775 1590 3815 cum
1647 3758 2014 3815 utensilibus
2065 3758 2204 3829 ejus
2262 3775 2334 3814 ac

905 3865 1286 3904 necessarus.

987 4002 1056 4065 IS
1096 4002 1308 4083 itaque
1338 4000 1494 4063 viris
1524 4001 1702 4075 visiS,
1735 4020 1934 4082 quum
1974 4001 2160 4062 ardor
2201 4001 2337 4062 imi-

1007 4100 1178 4162 tandi
1208 4118 1314 4162 eos
1346 4118 1454 4161 nos
1488 4100 2010 4171 inflammaret‚et
2035 4098 2333 4180 praefatus

2444 3118 2708 3178 sterium
2749 3117 2918 3198 quo‘d
2954 3116 3085 3177 fere
3120 3124 3391 3196 quatuor
3429 3114 3810 3177 milliaribus
3849 3116 3945 3177 di-

2443 3223 2562 3277 stat
2595 3235 2630 3276 a
2663 3214 2921 3296 praefata
2962 3215 3117 3276 urbe
3147 3214 3419 3296 AEgypti‚
3454 3214 3793 3276 affectione
3825 3214 3948 3276 hu-

2440 3313 2545 3394 jus
2608 3314 2829 3374 mundi
2890 3332 2962 3374 ac
3026 3320 3362 3393 parentum
3423 3320 3803 3394 contempta.
3869 3314 3947 3374 In

2443 3431 2569 3494 quo
2600 3430 2856 3474 omnem
2884 3412 3029 3473 vitae
3060 3430 3188 3473 suae
3213 3418 3461 3473 aetatem
3495 3410 3582 3472 ita
3612 3411 3943 3492 expendit,

2444 3519 2513 3573 ut
2562 3530 2676 3592 per
2724 3517 2886 3573 totos
2942 3508 3403 3591 quinquaginta
3454 3527 3653 3571 annos
3702 3509 3947 3590 quibus

2445 3608 2532 3670 ibi
2572 3616 2852 3670 moratus
2885 3614 3000 3682 est,
3036 3626 3364 3688 nunquam
3396 3606 3558 3668 vidit
3596 3626 3803 3688 neque
3842 3607 3948 3669 in-

2442 3726 2694 3787 gressus
2743 3713 2840 3767 est
2900 3706 3108 3767 locum
3169 3704 3466 3778 natalem,
3522 3723 3640 3766 nec
3686 3704 3945 3767 vultum

2442 3804 2715 3886 alicujus
2756 3804 3033 3877 feminee,
3070 3804 3200 3865 imo
3230 3822 3349 3865 nec
3388 3804 3610 3864 matris
3650 3822 3799 3877 suae,
3831 3805 3950 3866 ad-

2443 3903 2669 3985 spexit.
2714 3903 2957 3964 Interea
3004 3909 3183 3983 pater
3225 3901 3366 3982 ejus
3416 3909 3617 3962 morte
3661 3920 3950 3981 praeven-

2443 4008 2567 4073 ωε,
2611 3999 2897 4061 debitum
2949 4006 3207 4061 centum
3256 3998 3604 4060 solidorum
3657 3998 3943 4080 reliquit.

2444 4100 2777 4179 Quumque
2836 4096 3176 4159 Arthebius
3238 4104 3405 4159 esset
3467 4096 3547 4157 ab
3607 4097 3780 4158 omni
3844 4097 3950 4159 in-

835 4198 1175 4262 Arthebius
1208 4197 1374 4260 inter
1397 4217 1504 4260 eos
1537 4197 2124 4281 probatissimu3,ad
2157 4217 2333 4259 suam
2364 4196 2415 4257 D
2446 4197 2818 4278 quietudine
2892 4195 3147 4277 penitus
3225 4195 3494 4268 alienuS,
3570 4202 3787 4276 utpote
3856 4196 3949 4257 ab

837 4315 952 4360 nos
985 4296 1280 4358 cellulam
1325 4296 1738 4358 humanitatis
1768 4296 1968 4376 gratia
2001 4296 2337 4377 pertraxis-

836 4404 952 4469 set,
1005 4402 1422 4475 nostrumque
1479 4393 1868 4455 desiderium
1921 4393 2331 4475 explorasset,

837 4493 1028 4556 finxit
1065 4512 1133 4555 se
1173 4492 1252 4554 de
1288 4493 1509 4555 eodem
1551 4493 1689 4554 loco
1719 4492 1882 4554 velle
1923 4492 2239 4562 recedere,
2274 4500 2337 4554 et

837 4591 1032 4673 coepit
1083 4589 1268 4652 nobis
1320 4590 1615 4651 cellulam
1666 4608 1846 4651 suam
1896 4589 2152 4665 offerre,
2204 4598 2338 4652 tan-

837 4710 1028 4773 quam
1071 4689 1218 4751 inde
1261 4705 1406 4749 mox
1446 4688 1862 4762 discessuruS,
1895 4689 2228 4752 affirmans
2269 4709 2336 4752 se

837 4790 1005 4852 istud
1043 4788 1362 4849 facturum
1401 4786 1692 4867 quamvis
1731 4805 1844 4849 nos
1883 4788 2036 4850 illuc
2073 4806 2201 4850 non
2230 4808 2336 4849 ve-

837 4889 1178 4950 nissemus
1236 4884 1658 4959 Quamobrem
1709 4903 1823 4947 nos
1871 4886 2186 4949 desiderio
2235 4887 2337 4948 ha-

839 4985 1168 5049 bitationis
1215 4985 1389 5047 illius
1433 4984 1708 5055 accensi,
1754 4985 2039 5065 tantique
2075 4985 2196 5047 viri
2242 5004 2337 5047 as-

841 5084 1228 5147 sertionibus
1261 5081 1696 5144 indubitanter
1727 5083 2075 5157 credenteS,
2110 5084 2336 5146 cellam

845 5182 1120 5245 libenter
1158 5180 1437 5263 amplexi
1479 5200 1722 5254 sumuS‚
1757 5188 1816 5242 et
1849 5200 1990 5243 eam
2023 5201 2169 5243 cum
2212 5200 2342 5244 om-

846 5282 909 5342 ni
975 5278 1356 5362 supellectili
1406 5286 1470 5341 et
1528 5278 1914 5341 utensilibus
1969 5279 2108 5360 ejus
2165 5299 2341 5342 acce-

2447 4294 2761 4357 universis
2798 4294 3077 4375 paternis
3108 4292 3517 4355 facultatibus
3550 4294 3779 4367 nudus,
3815 4312 3954 4356 ma-

2444 4404 2606 4457 trem
2657 4414 2835 4456 suam
2889 4394 3175 4475 percepit
3212 4412 3249 4455 a
3288 4392 3709 4456 creditoribus
3753 4393 3951 4455 vehe—

2448 4500 2693 4555 menter
2749 4492 2982 4554 vexari.
3036 4492 3213 4553 Tunc
3272 4491 3526 4572 pietatis
3584 4490 3951 4553 considera-—

2446 4593 2616 4654 tione
2679 4591 2961 4653 mollitus
3011 4589 3091 4652 ab
3141 4588 3508 4670 evangelico
3569 4590 3679 4651 illo
3737 4590 3951 4670 rigore

2444 4708 2573 4774 quo
2612 4708 2738 4753 non
2780 4687 2957 4750 novit
2992 4707 3058 4749 se
3100 4696 3343 4768 patrem
3384 4695 3493 4749 aut
3532 4694 3797 4749 matrem
3836 4687 3954 4750 ha-

2447 4791 2597 4852 bere
2661 4788 2726 4850 in
2791 4795 2977 4862 terra,
3040 4787 3293 4868 quando
3356 4793 3649 4866 parentes
3712 4784 3811 4846 sui
3875 4784 3951 4847 in

2449 4904 2752 4969 prospero
2792 4894 2970 4948 erant
3013 4892 3201 4957 statu,
3236 4885 3323 4945 ita
3364 4902 3430 4945 se
3469 4883 3701 4946 habere
3742 4882 3954 4944 credi-

2448 4986 2541 5047 dit
2602 4992 2889 5059 matrem,
2944 4983 3163 5065 sicque
3220 4981 3545 5045 festinavit
3602 4980 3955 5045 subvenire

2449 5102 2791 5166 oppressae,
2828 5091 2895 5145 ut
2926 5082 3389 5145 districtionem
3432 5081 3843 5143 monasticam
3876 5080 3954 5143 in

2450 5182 2628 5243 nullo
2678 5181 3013 5243 minueret.
3058 5181 3215 5241 Nam
3268 5179 3332 5240 in
3383 5178 3767 5239 monasterio
3816 5197 3955 5239 ma-

2452 5300 2633 5355 nenS,
2665 5278 2923 5342 solitum
2955 5295 3114 5359 opus
3145 5276 3329 5359 petiit
3365 5274 3487 5337 sibi
3520 5274 3852 5358 triplicari,
3883 5284 3958 5338 et
