<?xml version="1.0" encoding="UTF-8"?>
<!DOCTYPE html PUBLIC "-//W3C//DTD XHTML 1.0 Transitional//EN"
    "http://www.w3.org/TR/xhtml1/DTD/xhtml1-transitional.dtd">
<html xmlns="http://www.w3.org/1999/xhtml" xml:lang="en" lang="en">
 <head>
  <title>
</title>
<meta http-equiv="Content-Type" content="text/html;charset=utf-8" />
  <meta name='ocr-system' content='tesseract 3.04.00' />
  <meta name='ocr-capabilities' content='ocr_page ocr_carea ocr_par ocr_line ocrx_word'/>
</head>
<body>
  <div class='ocr_page' id='page_1' title='image "./doctorisecstati03denigoog_0124.png"; bbox 0 0 4359 6267; ppageno 0'>
   <div class='ocr_carea' id='block_1_1' title="bbox 868 475 4317 1733">
    <p class='ocr_par' dir='ltr' id='par_1_1' title="bbox 872 475 3097 548">
     <span class='ocr_line' id='line_1_1' title="bbox 872 475 3097 548; baseline -0.002 2"><span class='ocrx_word' id='word_1_1' title='bbox 872 475 988 541; x_wconf 81' lang='lat'><strong>116</strong></span> <span class='ocrx_word' id='word_1_2' title='bbox 1750 502 1829 547; x_wconf 71' lang='lat' dir='ltr'><strong>nn</strong></span> <span class='ocrx_word' id='word_1_3' title='bbox 1872 501 2202 548; x_wconf 79' lang='lat' dir='ltr'><strong>1Ns&#39;r1&#39;rUTls</strong></span> <span class='ocrx_word' id='word_1_4' title='bbox 2245 502 2330 547; x_wconf 90' lang='lat' dir='ltr'><strong>ss.</strong></span> <span class='ocrx_word' id='word_1_5' title='bbox 2365 502 2627 548; x_wconf 73' lang='lat' dir='ltr'><strong>rArnmr.</strong></span> <span class='ocrx_word' id='word_1_6' title='bbox 2671 520 2752 529; x_wconf 92' lang='lat'><strong>—</strong></span> <span class='ocrx_word' id='word_1_7' title='bbox 2793 501 2968 547; x_wconf 74' lang='lat' dir='ltr'><strong>mann</strong></span> <span class='ocrx_word' id='word_1_8' title='bbox 3009 502 3097 546; x_wconf 81' lang='lat' dir='ltr'><strong>xu</strong></span> 
     </span>
    </p>

    <p class='ocr_par' dir='ltr' id='par_1_2' title="bbox 868 666 3996 753">
     <span class='ocr_line' id='line_1_2' title="bbox 868 666 3996 753; baseline 0.001 -27"><span class='ocrx_word' id='word_1_9' title='bbox 868 666 1193 731; x_wconf 89' lang='lat' dir='ltr'><strong>servitutis</strong></span> <span class='ocrx_word' id='word_1_10' title='bbox 1239 670 1393 751; x_wconf 88' lang='lat' dir='ltr'><strong>jugo</strong></span> <span class='ocrx_word' id='word_1_11' title='bbox 1439 690 1579 734; x_wconf 90' lang='lat' dir='ltr'><strong>eam</strong></span> <span class='ocrx_word' id='word_1_12' title='bbox 1630 671 1950 753; x_wconf 85' lang='lat' dir='ltr'><strong>subjiciet,</strong></span> <span class='ocrx_word' id='word_1_13' title='bbox 2003 670 2364 733; x_wconf 90' lang='lat' dir='ltr'><strong>crudelissi-</strong></span> <span class='ocrx_word' id='word_1_14' title='bbox 2395 670 2448 733; x_wconf 88' lang='lat' dir='ltr'><strong>A</strong></span> <span class='ocrx_word' id='word_1_15' title='bbox 2478 688 2684 751; x_wconf 89' lang='lat' dir='ltr'><strong>egere,</strong></span> <span class='ocrx_word' id='word_1_16' title='bbox 2746 678 3007 752; x_wconf 85' lang='lat' dir='ltr'><strong>repente</strong></span> <span class='ocrx_word' id='word_1_17' title='bbox 3067 670 3338 733; x_wconf 84' lang='lat' dir='ltr'><strong>effectus</strong></span> <span class='ocrx_word' id='word_1_18' title='bbox 3399 678 3497 733; x_wconf 90' lang='lat' dir='ltr'><strong>est</strong></span> <span class='ocrx_word' id='word_1_19' title='bbox 3554 668 3996 732; x_wconf 80' lang='lat' dir='ltr'><strong>nutabundus</strong></span> 
     </span>
    </p>

    <p class='ocr_par' dir='ltr' id='par_1_3' title="bbox 870 685 4313 947">
     <span class='ocr_line' id='line_1_3' title="bbox 871 766 3994 851; baseline 0 -25"><span class='ocrx_word' id='word_1_20' title='bbox 871 783 1098 847; x_wconf 88' lang='lat' dir='ltr'><strong>maque</strong></span> <span class='ocrx_word' id='word_1_21' title='bbox 1128 767 1594 849; x_wconf 86' lang='lat' dir='ltr'><strong>depraedatione</strong></span> <span class='ocrx_word' id='word_1_22' title='bbox 1624 770 1890 833; x_wconf 88' lang='lat' dir='ltr'><strong>nudabit</strong></span> <span class='ocrx_word' id='word_1_23' title='bbox 1920 770 2208 833; x_wconf 88' lang='lat' dir='ltr'><strong>eamdem</strong></span> <span class='ocrx_word' id='word_1_24' title='bbox 2240 788 2368 832; x_wconf 91' lang='lat' dir='ltr'><strong>om·</strong></span> <span class='ocrx_word' id='word_1_25' title='bbox 2475 777 2663 851; x_wconf 90' lang='lat' dir='ltr'><strong>atque</strong></span> <span class='ocrx_word' id='word_1_26' title='bbox 2714 768 3053 844; x_wconf 86' lang='lat' dir='ltr'><strong>instabilis,</strong></span> <span class='ocrx_word' id='word_1_27' title='bbox 3095 777 3158 831; x_wconf 90' lang='lat' dir='ltr'><strong>et</strong></span> <span class='ocrx_word' id='word_1_28' title='bbox 3202 768 3646 831; x_wconf 80' lang='lat' dir='ltr'><strong>infirmitatem</strong></span> <span class='ocrx_word' id='word_1_29' title='bbox 3691 766 3994 849; x_wconf 83' lang='lat' dir='ltr'><strong>propriae</strong></span> 
     </span>
     <span class='ocr_line' id='line_1_4' title="bbox 870 862 3988 947; baseline 0.001 -23"><span class='ocrx_word' id='word_1_30' title='bbox 870 862 935 925; x_wconf 92' lang='lat' dir='ltr'><strong>ni</strong></span> <span class='ocrx_word' id='word_1_31' title='bbox 980 862 1279 928; x_wconf 79' lang='lat' dir='ltr'><strong>facultate</strong></span> <span class='ocrx_word' id='word_1_32' title='bbox 1322 868 1652 930; x_wconf 89' lang='lat' dir='ltr'><strong>virtutum.</strong></span> <span class='ocrx_word' id='word_1_33' title='bbox 2475 888 2604 932; x_wconf 86' lang='lat' dir='ltr'><strong>suae</strong></span> <span class='ocrx_word' id='word_1_34' title='bbox 2666 876 2906 931; x_wconf 85' lang='lat' dir='ltr'><strong>naturae</strong></span> <span class='ocrx_word' id='word_1_35' title='bbox 2973 887 3119 930; x_wconf 87' lang='lat' dir='ltr'><strong>mox</strong></span> <span class='ocrx_word' id='word_1_36' title='bbox 3187 867 3388 930; x_wconf 89' lang='lat' dir='ltr'><strong>sensit</strong></span> <span class='ocrx_word' id='word_1_37' title='bbox 3423 884 3440 947; x_wconf 93' lang='lat'>;</span> <span class='ocrx_word' id='word_1_38' title='bbox 3505 866 3988 928; x_wconf 75' lang='lat' dir='ltr'><strong>beatitudinem</strong></span> 
     </span>
    </p>

    <p class='ocr_par' dir='ltr' id='par_1_4' title="bbox 2474 962 3988 1049">
     <span class='ocr_line' id='line_1_5' title="bbox 2474 962 3988 1049; baseline -0.003 -19"><span class='ocrx_word' id='word_1_39' title='bbox 2474 986 2728 1049; x_wconf 90' lang='lat' dir='ltr'><strong>quoque</strong></span> <span class='ocrx_word' id='word_1_40' title='bbox 2785 966 3002 1029; x_wconf 89' lang='lat' dir='ltr'><strong>amisit</strong></span> <span class='ocrx_word' id='word_1_41' title='bbox 3047 985 3174 1048; x_wconf 89' lang='lat' dir='ltr'><strong>qua</strong></span> <span class='ocrx_word' id='word_1_42' title='bbox 3228 966 3339 1028; x_wconf 91' lang='lat' dir='ltr'><strong>Dei</strong></span> <span class='ocrx_word' id='word_1_43' title='bbox 3405 983 3668 1027; x_wconf 90' lang='lat' dir='ltr'><strong>munere</strong></span> <span class='ocrx_word' id='word_1_44' title='bbox 3715 962 3988 1026; x_wconf 84' lang='lat' dir='ltr'><strong>frueba-</strong></span> 
     </span>
    </p>

    <p class='ocr_par' dir='ltr' id='par_1_5' title="bbox 2472 1061 4315 1433">
     <span class='ocr_line' id='line_1_6' title="bbox 2473 1061 4266 1148; baseline -0.001 -21"><span class='ocrx_word' id='word_1_45' title='bbox 2473 1073 2596 1127; x_wconf 86' lang='lat' dir='ltr'><strong>tur.</strong></span> <span class='ocrx_word' id='word_1_46' title='bbox 2643 1065 2718 1127; x_wconf 90' lang='lat' dir='ltr'><strong>Et</strong></span> <span class='ocrx_word' id='word_1_47' title='bbox 2756 1066 2908 1148; x_wconf 91' lang='lat' dir='ltr'><strong>quia</strong></span> <span class='ocrx_word' id='word_1_48' title='bbox 2944 1065 3168 1128; x_wconf 86' lang='lat' dir='ltr'><strong>dilexit</strong></span> <span class='ocrx_word' id='word_1_49' title='bbox 3203 1064 3398 1127; x_wconf 91' lang='lat' dir='ltr'><strong>verba</strong></span> <span class='ocrx_word' id='word_1_50' title='bbox 3444 1061 3988 1145; x_wconf 82' lang='lat' dir='ltr'><strong>praecipitationis</strong></span> <span class='ocrx_word' id='word_1_51' title='bbox 4041 1083 4122 1125; x_wconf 63' lang='grc' dir='ltr'><strong>Ρι</strong></span> <span class='ocrx_word' id='word_1_52' title='bbox 4155 1086 4266 1131; x_wconf 55' lang='grc' dir='ltr'><strong>ιω.</strong></span> 
     </span>
     <span class='ocr_line' id='line_1_7' title="bbox 2472 1161 4315 1245; baseline -0.002 -20"><span class='ocrx_word' id='word_1_53' title='bbox 2472 1164 2736 1245; x_wconf 88' lang='lat' dir='ltr'><strong>(quibus</strong></span> <span class='ocrx_word' id='word_1_54' title='bbox 2776 1165 2934 1227; x_wconf 84' lang='lat' dir='ltr'><strong>dixit</strong></span> <span class='ocrx_word' id='word_1_55' title='bbox 2969 1184 2984 1229; x_wconf 76' lang='grc' dir='ltr'>ε</span> <span class='ocrx_word' id='word_1_56' title='bbox 3019 1166 3087 1226; x_wconf 92' lang='lat' dir='ltr'><strong>In</strong></span> <span class='ocrx_word' id='word_1_57' title='bbox 3123 1164 3356 1226; x_wconf 87' lang='lat' dir='ltr'><strong>coelum</strong></span> <span class='ocrx_word' id='word_1_58' title='bbox 3396 1161 3878 1242; x_wconf 88' lang='lat' dir='ltr'><strong>conscendam),</strong></span> <span class='ocrx_word' id='word_1_59' title='bbox 3912 1168 3988 1223; x_wconf 89' lang='lat' dir='ltr'><strong>et</strong></span> <span class='ocrx_word' id='word_1_60' title='bbox 4037 1173 4315 1233; x_wconf 50' lang='lat' dir='ltr'><strong>unx-,sal</strong></span> 
     </span>
     <span class='ocr_line' id='line_1_8' title="bbox 2475 1240 4315 1344; baseline -0.002 -20"><span class='ocrx_word' id='word_1_61' title='bbox 2475 1262 2758 1344; x_wconf 88' lang='lat' dir='ltr'><strong>linguam</strong></span> <span class='ocrx_word' id='word_1_62' title='bbox 2790 1262 3072 1325; x_wconf 90' lang='lat' dir='ltr'><strong>dolosam</strong></span> <span class='ocrx_word' id='word_1_63' title='bbox 3101 1263 3256 1343; x_wconf 91' lang='lat' dir='ltr'><strong>(qua</strong></span> <span class='ocrx_word' id='word_1_64' title='bbox 3292 1261 3454 1323; x_wconf 81' lang='lat' dir='ltr'><strong>dixit</strong></span> <span class='ocrx_word' id='word_1_65' title='bbox 3481 1260 3584 1323; x_wconf 88' lang='lat' dir='ltr'><strong>vel</strong></span> <span class='ocrx_word' id='word_1_66' title='bbox 3614 1260 3692 1321; x_wconf 89' lang='lat' dir='ltr'><strong>de</strong></span> <span class='ocrx_word' id='word_1_67' title='bbox 3721 1278 3788 1321; x_wconf 90' lang='lat' dir='ltr'><strong>se</strong></span> <span class='ocrx_word' id='word_1_68' title='bbox 3823 1278 3840 1321; x_wconf 74' lang='grc' dir='ltr'>ε</span> <span class='ocrx_word' id='word_1_69' title='bbox 3879 1259 3986 1322; x_wconf 89' lang='lat' dir='ltr'><strong>Si-</strong></span> <span class='ocrx_word' id='word_1_70' title='bbox 4019 1248 4090 1287; x_wconf 72' lang='lat'><strong>¹⁴·</strong></span> <span class='ocrx_word' id='word_1_71' title='bbox 4313 1240 4315 1279; x_wconf 64' lang='lat'><strong>¹</strong></span> 
     </span>
     <span class='ocr_line' id='line_1_9' title="bbox 2475 1358 3980 1433; baseline -0.001 -10"><span class='ocrx_word' id='word_1_72' title='bbox 2475 1361 2648 1423; x_wconf 90' lang='lat' dir='ltr'><strong>milis</strong></span> <span class='ocrx_word' id='word_1_73' title='bbox 2685 1379 2794 1424; x_wconf 86' lang='lat' dir='ltr'><strong>ero</strong></span> <span class='ocrx_word' id='word_1_74' title='bbox 2823 1360 3172 1433; x_wconf 88' lang='lat' dir='ltr'><strong>Altissimo‚</strong></span> <span class='ocrx_word' id='word_1_75' title='bbox 3203 1360 3305 1421; x_wconf 89' lang='lat' dir='ltr'><strong>vel</strong></span> <span class='ocrx_word' id='word_1_76' title='bbox 3345 1359 3422 1420; x_wconf 92' lang='grc'><strong>(10</strong></span> <span class='ocrx_word' id='word_1_77' title='bbox 3459 1359 3659 1420; x_wconf 89' lang='lat' dir='ltr'><strong>Adam</strong></span> <span class='ocrx_word' id='word_1_78' title='bbox 3694 1366 3758 1420; x_wconf 91' lang='lat' dir='ltr'><strong>et</strong></span> <span class='ocrx_word' id='word_1_79' title='bbox 3786 1358 3924 1421; x_wconf 89' lang='lat' dir='ltr'><strong>Eva</strong></span> <span class='ocrx_word' id='word_1_80' title='bbox 3963 1378 3980 1421; x_wconf 93' lang='lat'>:</span> 
     </span>
    </p>

    <p class='ocr_par' dir='ltr' id='par_1_6' title="bbox 2472 1456 4317 1733">
     <span class='ocr_line' id='line_1_10' title="bbox 2473 1456 4284 1540; baseline -0.001 -19"><span class='ocrx_word' id='word_1_81' title='bbox 2473 1458 2663 1522; x_wconf 90' lang='lat' dir='ltr'><strong>Eritis</strong></span> <span class='ocrx_word' id='word_1_82' title='bbox 2703 1459 2866 1522; x_wconf 87' lang='lat' dir='ltr'><strong>sicut</strong></span> <span class='ocrx_word' id='word_1_83' title='bbox 2905 1459 3060 1539; x_wconf 89' lang='lat' dir='ltr'><strong>dii);</strong></span> <span class='ocrx_word' id='word_1_84' title='bbox 3106 1466 3440 1540; x_wconf 86' lang='lat' dir='ltr'><strong>propterea</strong></span> <span class='ocrx_word' id='word_1_85' title='bbox 3478 1458 3646 1519; x_wconf 90' lang='lat' dir='ltr'><strong>Deus</strong></span> <span class='ocrx_word' id='word_1_86' title='bbox 3686 1456 3986 1518; x_wconf 87' lang='lat' dir='ltr'><strong>destruet</strong></span> <span class='ocrx_word' id='word_1_87' title='bbox 4019 1478 4138 1521; x_wconf 64' lang='lat' dir='ltr'><strong>Gen.</strong></span> <span class='ocrx_word' id='word_1_88' title='bbox 4169 1492 4224 1524; x_wconf 77' lang='lat' dir='ltr'><strong>m.</strong></span> <span class='ocrx_word' id='word_1_89' title='bbox 4247 1484 4284 1519; x_wconf 78' lang='lat'><strong>⁵.</strong></span> 
     </span>
     <span class='ocr_line' id='line_1_11' title="bbox 2472 1554 4256 1635; baseline -0.006 -15"><span class='ocrx_word' id='word_1_90' title='bbox 2472 1577 2622 1620; x_wconf 90' lang='lat' dir='ltr'><strong>eum</strong></span> <span class='ocrx_word' id='word_1_91' title='bbox 2671 1558 2735 1619; x_wconf 93' lang='lat' dir='ltr'><strong>in</strong></span> <span class='ocrx_word' id='word_1_92' title='bbox 2785 1557 3008 1631; x_wconf 89' lang='lat' dir='ltr'><strong>finem,</strong></span> <span class='ocrx_word' id='word_1_93' title='bbox 3054 1556 3282 1619; x_wconf 81' lang='lat' dir='ltr'><strong>evellet</strong></span> <span class='ocrx_word' id='word_1_94' title='bbox 3329 1574 3474 1617; x_wconf 91' lang='lat' dir='ltr'><strong>eum</strong></span> <span class='ocrx_word' id='word_1_95' title='bbox 3521 1562 3586 1617; x_wconf 91' lang='lat' dir='ltr'><strong>et</strong></span> <span class='ocrx_word' id='word_1_96' title='bbox 3631 1554 3986 1635; x_wconf 80' lang='lat' dir='ltr'><strong>emigrabit</strong></span> <span class='ocrx_word' id='word_1_97' title='bbox 4045 1569 4256 1619; x_wconf 50' lang='lat' dir='ltr'><strong>Paua.</strong></span> 
     </span>
     <span class='ocr_line' id='line_1_12' title="bbox 2472 1652 4317 1733; baseline -0.003 -15"><span class='ocrx_word' id='word_1_98' title='bbox 2472 1674 2620 1718; x_wconf 92' lang='lat' dir='ltr'><strong>eum</strong></span> <span class='ocrx_word' id='word_1_99' title='bbox 2665 1656 2742 1717; x_wconf 88' lang='lat' dir='ltr'><strong>de</strong></span> <span class='ocrx_word' id='word_1_100' title='bbox 2785 1655 3193 1718; x_wconf 86' lang='lat' dir='ltr'><strong>tabernaculo</strong></span> <span class='ocrx_word' id='word_1_101' title='bbox 3237 1673 3372 1729; x_wconf 87' lang='lat' dir='ltr'><strong>suc,</strong></span> <span class='ocrx_word' id='word_1_102' title='bbox 3404 1662 3469 1716; x_wconf 90' lang='lat' dir='ltr'><strong>et</strong></span> <span class='ocrx_word' id='word_1_103' title='bbox 3507 1652 3784 1715; x_wconf 90' lang='lat' dir='ltr'><strong>radicem</strong></span> <span class='ocrx_word' id='word_1_104' title='bbox 3823 1653 3982 1733; x_wconf 88' lang='lat' dir='ltr'><strong>ejus</strong></span> <span class='ocrx_word' id='word_1_105' title='bbox 4315 1663 4317 1697; x_wconf 77' lang='lat'><strong>¹</strong></span> 
     </span>
    </p>
   </div>
   <div class='ocr_carea' id='block_1_2' title="bbox 1271 1121 1947 1185">
    <p class='ocr_par' dir='ltr' id='par_1_7' title="bbox 1271 1121 1947 1185">
     <span class='ocr_line' id='line_1_13' title="bbox 1271 1121 1947 1185; baseline -0.001 -1"><span class='ocrx_word' id='word_1_106' title='bbox 1271 1121 1775 1185; x_wconf 87' lang='lat' dir='ltr'>CAPITULUM</span> <span class='ocrx_word' id='word_1_107' title='bbox 1832 1121 1947 1183; x_wconf 92' lang='lat' dir='ltr'><strong>IV.</strong></span> 
     </span>
    </p>
   </div>
   <div class='ocr_carea' id='block_1_3' title="bbox 894 1268 2336 1431">
    <p class='ocr_par' dir='ltr' id='par_1_8' title="bbox 894 1268 2336 1431">
     <span class='ocr_line' id='line_1_14' title="bbox 894 1268 2336 1341; baseline 0 -17"><span class='ocrx_word' id='word_1_108' title='bbox 894 1268 1065 1336; x_wconf 83' lang='lat' dir='ltr'><strong>Quod</strong></span> <span class='ocrx_word' id='word_1_109' title='bbox 1080 1285 1197 1341; x_wconf 85' lang='lat' dir='ltr'><strong>per</strong></span> <span class='ocrx_word' id='word_1_110' title='bbox 1223 1269 1573 1341; x_wconf 78' lang='lat' dir='ltr'><strong>superbiam</strong></span> <span class='ocrx_word' id='word_1_111' title='bbox 1598 1268 1844 1339; x_wconf 76' lang='lat' dir='ltr'><strong>Lucifer</strong></span> <span class='ocrx_word' id='word_1_112' title='bbox 1871 1269 1944 1324; x_wconf 85' lang='lat' dir='ltr'><strong>de</strong></span> <span class='ocrx_word' id='word_1_113' title='bbox 1974 1270 2336 1340; x_wconf 73' lang='lat' dir='ltr'><strong>archanqelo</strong></span> 
     </span>
     <span class='ocr_line' id='line_1_15' title="bbox 1270 1357 1961 1431; baseline -0.001 -18"><span class='ocrx_word' id='word_1_114' title='bbox 1270 1357 1555 1414; x_wconf 79' lang='lat' dir='ltr'><strong>diabolus</strong></span> <span class='ocrx_word' id='word_1_115' title='bbox 1592 1359 1673 1413; x_wconf 77' lang='lat' dir='ltr'><strong>sit</strong></span> <span class='ocrx_word' id='word_1_116' title='bbox 1701 1358 1961 1431; x_wconf 76' lang='lat' dir='ltr'><strong>effectus,</strong></span> 
     </span>
    </p>
   </div>
   <div class='ocr_carea' id='block_1_4' title="bbox 864 1554 4317 2029">
    <p class='ocr_par' dir='ltr' id='par_1_9' title="bbox 864 1554 4317 2029">
     <span class='ocr_line' id='line_1_16' title="bbox 1000 1554 2362 1637; baseline 0 -22"><span class='ocrx_word' id='word_1_117' title='bbox 1000 1554 1046 1615; x_wconf 78' lang='lat' dir='ltr'><strong>&#39;l&#39;</strong></span> <span class='ocrx_word' id='word_1_118' title='bbox 1080 1561 1147 1615; x_wconf 88' lang='lat' dir='ltr'><strong>ut</strong></span> <span class='ocrx_word' id='word_1_119' title='bbox 1178 1571 1634 1636; x_wconf 82' lang='lat' dir='ltr'><strong>cognoscamus</strong></span> <span class='ocrx_word' id='word_1_120' title='bbox 1672 1555 2109 1637; x_wconf 90' lang='lat' dir='ltr'><strong>gravissimam</strong></span> <span class='ocrx_word' id='word_1_121' title='bbox 2142 1560 2362 1635; x_wconf 86' lang='lat' dir='ltr'><strong>poten-</strong></span> 
     </span>
     <span class='ocr_line' id='line_1_17' title="bbox 1018 1652 2362 1739; baseline 0 -27"><span class='ocrx_word' id='word_1_122' title='bbox 1018 1652 1171 1713; x_wconf 88' lang='lat' dir='ltr'><strong>tiam</strong></span> <span class='ocrx_word' id='word_1_123' title='bbox 1220 1653 1575 1736; x_wconf 84' lang='lat' dir='ltr'><strong>tyrannidis</strong></span> <span class='ocrx_word' id='word_1_124' title='bbox 1619 1652 1954 1739; x_wconf 53' lang='lat' dir='ltr'><strong>superbiat,</strong></span> <span class='ocrx_word' id='word_1_125' title='bbox 1999 1653 2362 1715; x_wconf 87' lang='lat' dir='ltr'><strong>invenimus</strong></span> 
     </span>
     <span class='ocr_line' id='line_1_18' title="bbox 864 1748 4317 1832; baseline -0.001 -22"><span class='ocrx_word' id='word_1_126' title='bbox 864 1750 1160 1830; x_wconf 82' lang='lat' dir='ltr'><strong>angelum</strong></span> <span class='ocrx_word' id='word_1_127' title='bbox 1221 1751 1403 1813; x_wconf 90' lang='lat' dir='ltr'><strong>illum</strong></span> <span class='ocrx_word' id='word_1_128' title='bbox 1452 1752 1560 1832; x_wconf 92' lang='lat' dir='ltr'><strong>qui</strong></span> <span class='ocrx_word' id='word_1_129' title='bbox 1614 1758 1871 1832; x_wconf 89' lang='lat' dir='ltr'><strong>propter</strong></span> <span class='ocrx_word' id='word_1_130' title='bbox 1917 1750 2360 1813; x_wconf 87' lang='lat' dir='ltr'><strong>excellentiam</strong></span> <span class='ocrx_word' id='word_1_131' title='bbox 2474 1756 2551 1817; x_wconf 80' lang='lat' dir='ltr'><strong>de</strong></span> <span class='ocrx_word' id='word_1_132' title='bbox 2590 1762 2756 1816; x_wconf 80' lang='lat' dir='ltr'><strong>terra</strong></span> <span class='ocrx_word' id='word_1_133' title='bbox 2794 1753 3167 1816; x_wconf 81' lang='lat' dir='ltr'><strong>viventium.</strong></span> <span class='ocrx_word' id='word_1_134' title='bbox 3203 1753 3378 1815; x_wconf 86' lang='lat' dir='ltr'><strong>Tunc</strong></span> <span class='ocrx_word' id='word_1_135' title='bbox 3416 1752 3666 1814; x_wconf 88' lang='lat' dir='ltr'><strong>ruinam</strong></span> <span class='ocrx_word' id='word_1_136' title='bbox 3705 1750 3846 1831; x_wconf 88' lang='lat' dir='ltr'><strong>ejus</strong></span> <span class='ocrx_word' id='word_1_137' title='bbox 3879 1751 3983 1812; x_wconf 85' lang='lat' dir='ltr'><strong>vi·</strong></span> <span class='ocrx_word' id='word_1_138' title='bbox 4031 1765 4268 1810; x_wconf 51' lang='lat' dir='ltr'><strong>mass.</strong></span> <span class='ocrx_word' id='word_1_139' title='bbox 4315 1748 4317 1759; x_wconf 74' lang='lat'>²</span> 
     </span>
     <span class='ocr_line' id='line_1_19' title="bbox 866 1847 3983 1931; baseline 0 -22"><span class='ocrx_word' id='word_1_140' title='bbox 866 1850 966 1910; x_wconf 92' lang='lat' dir='ltr'><strong>sui</strong></span> <span class='ocrx_word' id='word_1_141' title='bbox 1026 1848 1381 1930; x_wconf 87' lang='lat' dir='ltr'><strong>splendoris</strong></span> <span class='ocrx_word' id='word_1_142' title='bbox 1427 1869 1501 1912; x_wconf 88' lang='lat' dir='ltr'><strong>ac</strong></span> <span class='ocrx_word' id='word_1_143' title='bbox 1549 1850 1795 1912; x_wconf 88' lang='lat' dir='ltr'><strong>decoris</strong></span> <span class='ocrx_word' id='word_1_144' title='bbox 1852 1849 2208 1931; x_wconf 87' lang='lat' dir='ltr'><strong>appellatus</strong></span> <span class='ocrx_word' id='word_1_145' title='bbox 2265 1856 2361 1911; x_wconf 91' lang='lat' dir='ltr'><strong>est</strong></span> <span class='ocrx_word' id='word_1_146' title='bbox 2398 1847 2445 1909; x_wconf 93' lang='lat' dir='ltr'>B</span> <span class='ocrx_word' id='word_1_147' title='bbox 2476 1852 2695 1913; x_wconf 87' lang='lat' dir='ltr'><strong>dentes</strong></span> <span class='ocrx_word' id='word_1_148' title='bbox 2742 1850 2921 1931; x_wconf 87' lang='lat' dir='ltr'><strong>justi,</strong></span> <span class='ocrx_word' id='word_1_149' title='bbox 2959 1849 3300 1924; x_wconf 85' lang='lat' dir='ltr'><strong>timebunt,</strong></span> <span class='ocrx_word' id='word_1_150' title='bbox 3340 1857 3404 1911; x_wconf 89' lang='lat' dir='ltr'><strong>et</strong></span> <span class='ocrx_word' id='word_1_151' title='bbox 3451 1866 3644 1930; x_wconf 91' lang='lat' dir='ltr'><strong>super</strong></span> <span class='ocrx_word' id='word_1_152' title='bbox 3688 1866 3836 1909; x_wconf 90' lang='lat' dir='ltr'><strong>eum</strong></span> <span class='ocrx_word' id='word_1_153' title='bbox 3893 1848 3983 1909; x_wconf 86' lang='lat' dir='ltr'><strong>ri-</strong></span> 
     </span>
     <span class='ocr_line' id='line_1_20' title="bbox 866 1946 3983 2029; baseline -0 -21"><span class='ocrx_word' id='word_1_154' title='bbox 866 1947 1141 2021; x_wconf 89' lang='lat' dir='ltr'><strong>Lucifer,</strong></span> <span class='ocrx_word' id='word_1_155' title='bbox 1176 1964 1291 2029; x_wconf 89' lang='lat' dir='ltr'><strong>pro</strong></span> <span class='ocrx_word' id='word_1_156' title='bbox 1324 1948 1501 2010; x_wconf 92' lang='lat' dir='ltr'><strong>nullo</strong></span> <span class='ocrx_word' id='word_1_157' title='bbox 1528 1947 1653 2010; x_wconf 87' lang='lat' dir='ltr'><strong>alio</strong></span> <span class='ocrx_word' id='word_1_158' title='bbox 1684 1968 1873 2029; x_wconf 90' lang='lat' dir='ltr'><strong>quam</strong></span> <span class='ocrx_word' id='word_1_159' title='bbox 1908 1965 2022 2029; x_wconf 90' lang='lat' dir='ltr'><strong>pro</strong></span> <span class='ocrx_word' id='word_1_160' title='bbox 2053 1947 2210 2009; x_wconf 88' lang='lat' dir='ltr'><strong>vitio</strong></span> <span class='ocrx_word' id='word_1_161' title='bbox 2242 1947 2362 2009; x_wconf 90' lang='lat' dir='ltr'><strong>isto</strong></span> <span class='ocrx_word' id='word_1_162' title='bbox 2474 1950 2727 2021; x_wconf 85' lang='lat' dir='ltr'><strong>debunt,</strong></span> <span class='ocrx_word' id='word_1_163' title='bbox 2743 1949 3026 2010; x_wconf 90' lang='lat' dir='ltr'><strong>dicentes</strong></span> <span class='ocrx_word' id='word_1_164' title='bbox 3056 1948 3226 2028; x_wconf 91' lang='lat' dir='ltr'><strong>quod</strong></span> <span class='ocrx_word' id='word_1_165' title='bbox 3255 1947 3754 2029; x_wconf 88' lang='lat' dir='ltr'><strong>sequitur(quod</strong></span> <span class='ocrx_word' id='word_1_166' title='bbox 3782 1946 3983 2008; x_wconf 88' lang='lat' dir='ltr'><strong>etiam</strong></span> 
     </span>
    </p>
   </div>
   <div class='ocr_carea' id='block_1_5' title="bbox 866 2044 2368 3011">
    <p class='ocr_par' dir='ltr' id='par_1_10' title="bbox 866 2044 2368 3011">
     <span class='ocr_line' id='line_1_21' title="bbox 867 2044 2363 2126; baseline 0.001 -21"><span class='ocrx_word' id='word_1_167' title='bbox 867 2045 1224 2126; x_wconf 89' lang='lat' dir='ltr'><strong>projectum</strong></span> <span class='ocrx_word' id='word_1_168' title='bbox 1266 2064 1405 2107; x_wconf 90' lang='lat' dir='ltr'><strong>esse</strong></span> <span class='ocrx_word' id='word_1_169' title='bbox 1446 2046 1523 2107; x_wconf 91' lang='lat' dir='ltr'><strong>de</strong></span> <span class='ocrx_word' id='word_1_170' title='bbox 1566 2045 1748 2119; x_wconf 87' lang='lat' dir='ltr'><strong>coe10‚</strong></span> <span class='ocrx_word' id='word_1_171' title='bbox 1781 2054 1845 2107; x_wconf 89' lang='lat' dir='ltr'><strong>et</strong></span> <span class='ocrx_word' id='word_1_172' title='bbox 1883 2045 2007 2108; x_wconf 91' lang='lat' dir='ltr'><strong>telo</strong></span> <span class='ocrx_word' id='word_1_173' title='bbox 2047 2044 2363 2126; x_wconf 65' lang='lat' dir='ltr'><strong>superbiae</strong></span> 
     </span>
     <span class='ocr_line' id='line_1_22' title="bbox 866 2142 2362 2224; baseline -0.001 -20"><span class='ocrx_word' id='word_1_174' title='bbox 866 2142 1293 2217; x_wconf 88' lang='lat' dir='ltr'><strong>vulneratum,</strong></span> <span class='ocrx_word' id='word_1_175' title='bbox 1328 2144 1405 2205; x_wconf 91' lang='lat' dir='ltr'><strong>ad</strong></span> <span class='ocrx_word' id='word_1_176' title='bbox 1439 2143 1689 2205; x_wconf 84' lang='lat' dir='ltr'><strong>inferna</strong></span> <span class='ocrx_word' id='word_1_177' title='bbox 1724 2162 1862 2205; x_wconf 88' lang='lat' dir='ltr'><strong>esse</strong></span> <span class='ocrx_word' id='word_1_178' title='bbox 1904 2143 2254 2224; x_wconf 88' lang='lat' dir='ltr'><strong>collapsum</strong></span> <span class='ocrx_word' id='word_1_179' title='bbox 2285 2161 2362 2203; x_wconf 88' lang='lat' dir='ltr'><strong>ex</strong></span> 
     </span>
     <span class='ocr_line' id='line_1_23' title="bbox 868 2241 2366 2323; baseline 0.001 -22"><span class='ocrx_word' id='word_1_180' title='bbox 868 2241 978 2303; x_wconf 86' lang='lat' dir='ltr'><strong>illa</strong></span> <span class='ocrx_word' id='word_1_181' title='bbox 1015 2241 1384 2323; x_wconf 89' lang='lat' dir='ltr'><strong>angelorum</strong></span> <span class='ocrx_word' id='word_1_182' title='bbox 1430 2242 1759 2304; x_wconf 88' lang='lat' dir='ltr'><strong>mansione</strong></span> <span class='ocrx_word' id='word_1_183' title='bbox 1808 2242 1990 2303; x_wconf 89' lang='lat' dir='ltr'><strong>beata</strong></span> <span class='ocrx_word' id='word_1_184' title='bbox 2032 2248 2222 2322; x_wconf 89' lang='lat' dir='ltr'><strong>atque</strong></span> <span class='ocrx_word' id='word_1_185' title='bbox 2267 2260 2366 2302; x_wconf 89' lang='lat' dir='ltr'><strong>su-</strong></span> 
     </span>
     <span class='ocr_line' id='line_1_24' title="bbox 867 2338 2364 2421; baseline -0.001 -20"><span class='ocrx_word' id='word_1_186' title='bbox 867 2338 1073 2401; x_wconf 89' lang='lat' dir='ltr'><strong>blimi.</strong></span> <span class='ocrx_word' id='word_1_187' title='bbox 1128 2340 1191 2402; x_wconf 94' lang='lat' dir='ltr'><strong>Si</strong></span> <span class='ocrx_word' id='word_1_188' title='bbox 1241 2358 1389 2421; x_wconf 89' lang='lat' dir='ltr'><strong>ergo</strong></span> <span class='ocrx_word' id='word_1_189' title='bbox 1448 2340 1748 2421; x_wconf 90' lang='lat' dir='ltr'><strong>superbia</strong></span> <span class='ocrx_word' id='word_1_190' title='bbox 1804 2340 2009 2421; x_wconf 88' lang='lat' dir='ltr'><strong>potuit</strong></span> <span class='ocrx_word' id='word_1_191' title='bbox 2068 2339 2364 2420; x_wconf 86' lang='lat' dir='ltr'><strong>angelum</strong></span> 
     </span>
     <span class='ocr_line' id='line_1_25' title="bbox 867 2438 2367 2521; baseline 0 -22"><span class='ocrx_word' id='word_1_192' title='bbox 867 2446 1041 2499; x_wconf 88' lang='lat' dir='ltr'><strong>tanta</strong></span> <span class='ocrx_word' id='word_1_193' title='bbox 1081 2438 1315 2500; x_wconf 87' lang='lat' dir='ltr'><strong>virtute</strong></span> <span class='ocrx_word' id='word_1_194' title='bbox 1356 2457 1427 2501; x_wconf 90' lang='lat' dir='ltr'><strong>ac</strong></span> <span class='ocrx_word' id='word_1_195' title='bbox 1468 2438 1879 2521; x_wconf 85' lang='lat' dir='ltr'><strong>praerogativa</strong></span> <span class='ocrx_word' id='word_1_196' title='bbox 1921 2445 2107 2500; x_wconf 82' lang='lat' dir='ltr'><strong>tantae</strong></span> <span class='ocrx_word' id='word_1_197' title='bbox 2150 2444 2367 2518; x_wconf 89' lang='lat' dir='ltr'><strong>poten-</strong></span> 
     </span>
     <span class='ocr_line' id='line_1_26' title="bbox 867 2535 2364 2616; baseline -0.001 -18"><span class='ocrx_word' id='word_1_198' title='bbox 867 2535 971 2599; x_wconf 80' lang='lat' dir='ltr'><strong>tiae</strong></span> <span class='ocrx_word' id='word_1_199' title='bbox 1003 2536 1389 2611; x_wconf 90' lang='lat' dir='ltr'><strong>decoratum,</strong></span> <span class='ocrx_word' id='word_1_200' title='bbox 1426 2538 1503 2599; x_wconf 87' lang='grc'><strong>(10</strong></span> <span class='ocrx_word' id='word_1_201' title='bbox 1534 2536 1696 2599; x_wconf 90' lang='lat' dir='ltr'><strong>coelo</strong></span> <span class='ocrx_word' id='word_1_202' title='bbox 1725 2537 1803 2598; x_wconf 91' lang='lat' dir='ltr'><strong>ad</strong></span> <span class='ocrx_word' id='word_1_203' title='bbox 1844 2537 2094 2598; x_wconf 86' lang='lat' dir='ltr'><strong>inferna</strong></span> <span class='ocrx_word' id='word_1_204' title='bbox 2132 2536 2364 2616; x_wconf 88' lang='lat' dir='ltr'><strong>dejice—</strong></span> 
     </span>
     <span class='ocr_line' id='line_1_27' title="bbox 868 2633 2364 2716; baseline -0.001 -21"><span class='ocrx_word' id='word_1_205' title='bbox 868 2653 935 2697; x_wconf 91' lang='lat' dir='ltr'><strong>re</strong></span> <span class='ocrx_word' id='word_1_206' title='bbox 988 2653 1116 2696; x_wconf 91' lang='lat' dir='ltr'><strong>una</strong></span> <span class='ocrx_word' id='word_1_207' title='bbox 1174 2635 1380 2697; x_wconf 90' lang='lat' dir='ltr'><strong>cordis</strong></span> <span class='ocrx_word' id='word_1_208' title='bbox 1438 2634 1732 2710; x_wconf 91' lang='lat' dir='ltr'><strong>elatione,</strong></span> <span class='ocrx_word' id='word_1_209' title='bbox 1784 2654 1929 2697; x_wconf 91' lang='lat' dir='ltr'><strong>cum</strong></span> <span class='ocrx_word' id='word_1_210' title='bbox 1985 2641 2223 2716; x_wconf 90' lang='lat' dir='ltr'><strong>quanta</strong></span> <span class='ocrx_word' id='word_1_211' title='bbox 2273 2633 2364 2695; x_wconf 91' lang='lat' dir='ltr'><strong>di-</strong></span> 
     </span>
     <span class='ocr_line' id='line_1_28' title="bbox 871 2731 2365 2816; baseline -0.001 -22"><span class='ocrx_word' id='word_1_212' title='bbox 871 2733 1131 2815; x_wconf 87' lang='lat' dir='ltr'><strong>ligentia</strong></span> <span class='ocrx_word' id='word_1_213' title='bbox 1194 2741 1479 2816; x_wconf 87' lang='lat' dir='ltr'><strong>oporteat</strong></span> <span class='ocrx_word' id='word_1_214' title='bbox 1545 2752 1683 2808; x_wconf 91' lang='lat' dir='ltr'><strong>nos,</strong></span> <span class='ocrx_word' id='word_1_215' title='bbox 1748 2733 2088 2815; x_wconf 84' lang='lat' dir='ltr'><strong>fragilitate</strong></span> <span class='ocrx_word' id='word_1_216' title='bbox 2156 2731 2365 2795; x_wconf 87' lang='lat' dir='ltr'><strong>carnis</strong></span> 
     </span>
     <span class='ocr_line' id='line_1_29' title="bbox 868 2831 2367 2905; baseline -0.002 -12"><span class='ocrx_word' id='word_1_217' title='bbox 868 2831 1316 2905; x_wconf 79' lang='lat' dir='ltr'><strong>circumdatOS,</strong></span> <span class='ocrx_word' id='word_1_218' title='bbox 1361 2850 1583 2894; x_wconf 86' lang='lat' dir='ltr'><strong>cavere</strong></span> <span class='ocrx_word' id='word_1_219' title='bbox 1628 2833 1939 2905; x_wconf 89' lang='lat' dir='ltr'><strong>eamdem,</strong></span> <span class='ocrx_word' id='word_1_220' title='bbox 1975 2832 2367 2893; x_wconf 89' lang='lat' dir='ltr'><strong>demonstrat</strong></span> 
     </span>
     <span class='ocr_line' id='line_1_30' title="bbox 871 2929 2368 3011; baseline -0.001 -20"><span class='ocrx_word' id='word_1_221' title='bbox 871 2930 1239 3010; x_wconf 87' lang='lat' dir='ltr'><strong>magnitudo</strong></span> <span class='ocrx_word' id='word_1_222' title='bbox 1280 2930 1481 2994; x_wconf 81' lang='lat' dir='ltr'><strong>ruinae</strong></span> <span class='ocrx_word' id='word_1_223' title='bbox 1524 2930 1842 3011; x_wconf 83' lang='lat' dir='ltr'><strong>angelicae.</strong></span> <span class='ocrx_word' id='word_1_224' title='bbox 1887 2929 2173 3011; x_wconf 91' lang='lat' dir='ltr'><strong>Denique</strong></span> <span class='ocrx_word' id='word_1_225' title='bbox 2217 2947 2368 3010; x_wconf 91' lang='lat' dir='ltr'><strong>qua-</strong></span> 
     </span>
    </p>
   </div>
   <div class='ocr_carea' id='block_1_6' title="bbox 2471 2044 3988 2619">
    <p class='ocr_par' dir='ltr' id='par_1_11' title="bbox 2471 2044 3988 2619">
     <span class='ocr_line' id='line_1_31' title="bbox 2471 2044 3988 2129; baseline -0.002 -21"><span class='ocrx_word' id='word_1_226' title='bbox 2471 2047 2825 2129; x_wconf 85' lang='lat' dir='ltr'><strong>justissime</strong></span> <span class='ocrx_word' id='word_1_227' title='bbox 2866 2047 3176 2128; x_wconf 88' lang='lat' dir='ltr'><strong>dirigetur</strong></span> <span class='ocrx_word' id='word_1_228' title='bbox 3213 2046 3291 2108; x_wconf 88' lang='lat' dir='ltr'><strong>ad</strong></span> <span class='ocrx_word' id='word_1_229' title='bbox 3330 2046 3446 2108; x_wconf 92' lang='lat' dir='ltr'><strong>hos</strong></span> <span class='ocrx_word' id='word_1_230' title='bbox 3487 2045 3599 2127; x_wconf 91' lang='lat' dir='ltr'><strong>qui</strong></span> <span class='ocrx_word' id='word_1_231' title='bbox 3635 2044 3988 2107; x_wconf 84' lang='lat' dir='ltr'><strong>confidunt</strong></span> 
     </span>
     <span class='ocr_line' id='line_1_32' title="bbox 2475 2143 3986 2227; baseline -0.002 -19"><span class='ocrx_word' id='word_1_232' title='bbox 2475 2165 2542 2208; x_wconf 88' lang='lat' dir='ltr'><strong>se</strong></span> <span class='ocrx_word' id='word_1_233' title='bbox 2574 2164 2758 2227; x_wconf 91' lang='lat' dir='ltr'><strong>posse</strong></span> <span class='ocrx_word' id='word_1_234' title='bbox 2791 2144 3101 2226; x_wconf 84' lang='lat' dir='ltr'><strong>perficere</strong></span> <span class='ocrx_word' id='word_1_235' title='bbox 3133 2144 3373 2207; x_wconf 90' lang='lat' dir='ltr'><strong>bonum</strong></span> <span class='ocrx_word' id='word_1_236' title='bbox 3410 2144 3550 2206; x_wconf 88' lang='lat' dir='ltr'><strong>sine</strong></span> <span class='ocrx_word' id='word_1_237' title='bbox 3581 2143 3986 2225; x_wconf 84' lang='lat' dir='ltr'><strong>protectione</strong></span> 
     </span>
     <span class='ocr_line' id='line_1_33' title="bbox 2474 2242 3978 2325; baseline -0.002 -20"><span class='ocrx_word' id='word_1_238' title='bbox 2474 2252 2537 2305; x_wconf 89' lang='lat' dir='ltr'><strong>et</strong></span> <span class='ocrx_word' id='word_1_239' title='bbox 2585 2262 2704 2325; x_wconf 92' lang='lat' dir='ltr'><strong>ope</strong></span> <span class='ocrx_word' id='word_1_240' title='bbox 2762 2244 2924 2324; x_wconf 91' lang='lat' dir='ltr'><strong>Dei),</strong></span> <span class='ocrx_word' id='word_1_241' title='bbox 2974 2242 3271 2305; x_wconf 89' lang='lat' dir='ltr'><strong>videlicet</strong></span> <span class='ocrx_word' id='word_1_242' title='bbox 3325 2260 3338 2304; x_wconf 90' lang='lat'>:</span> <span class='ocrx_word' id='word_1_243' title='bbox 3393 2243 3554 2304; x_wconf 91' lang='lat' dir='ltr'><strong>Ecce</strong></span> <span class='ocrx_word' id='word_1_244' title='bbox 3611 2242 3802 2304; x_wconf 92' lang='lat' dir='ltr'><strong>homo</strong></span> <span class='ocrx_word' id='word_1_245' title='bbox 3859 2242 3978 2322; x_wconf 89' lang='lat' dir='ltr'><strong>qui</strong></span> 
     </span>
     <span class='ocr_line' id='line_1_34' title="bbox 2476 2339 3976 2423; baseline -0.003 -19"><span class='ocrx_word' id='word_1_246' title='bbox 2476 2360 2602 2404; x_wconf 91' lang='lat' dir='ltr'><strong>non</strong></span> <span class='ocrx_word' id='word_1_247' title='bbox 2664 2342 2876 2423; x_wconf 90' lang='lat' dir='ltr'><strong>posuit</strong></span> <span class='ocrx_word' id='word_1_248' title='bbox 2924 2342 3124 2403; x_wconf 92' lang='lat' dir='ltr'><strong>Deum</strong></span> <span class='ocrx_word' id='word_1_249' title='bbox 3181 2341 3536 2422; x_wconf 88' lang='lat' dir='ltr'><strong>adjutorem</strong></span> <span class='ocrx_word' id='word_1_250' title='bbox 3597 2358 3808 2413; x_wconf 91' lang='lat' dir='ltr'><strong>suum,</strong></span> <span class='ocrx_word' id='word_1_251' title='bbox 3859 2339 3976 2401; x_wconf 85' lang='lat' dir='ltr'><strong>sed</strong></span> 
     </span>
     <span class='ocr_line' id='line_1_35' title="bbox 2477 2437 3978 2523; baseline -0.003 -20"><span class='ocrx_word' id='word_1_252' title='bbox 2477 2441 2756 2523; x_wconf 89' lang='lat' dir='ltr'><strong>speravit</strong></span> <span class='ocrx_word' id='word_1_253' title='bbox 2814 2439 2878 2501; x_wconf 93' lang='lat' dir='ltr'><strong>in</strong></span> <span class='ocrx_word' id='word_1_254' title='bbox 2939 2438 3348 2501; x_wconf 90' lang='lat' dir='ltr'><strong>multitudine</strong></span> <span class='ocrx_word' id='word_1_255' title='bbox 3407 2437 3773 2500; x_wconf 89' lang='lat' dir='ltr'><strong>divitiarum</strong></span> <span class='ocrx_word' id='word_1_256' title='bbox 3831 2456 3978 2499; x_wconf 92' lang='lat' dir='ltr'><strong>sua-</strong></span> 
     </span>
     <span class='ocr_line' id='line_1_36' title="bbox 2481 2536 3718 2619; baseline -0.003 -19"><span class='ocrx_word' id='word_1_257' title='bbox 2481 2558 2644 2613; x_wconf 89' lang='lat' dir='ltr'><strong>rum,</strong></span> <span class='ocrx_word' id='word_1_258' title='bbox 2678 2546 2742 2600; x_wconf 90' lang='lat' dir='ltr'><strong>et</strong></span> <span class='ocrx_word' id='word_1_259' title='bbox 2783 2537 3116 2619; x_wconf 83' lang='lat' dir='ltr'><strong>praevaluit</strong></span> <span class='ocrx_word' id='word_1_260' title='bbox 3159 2536 3224 2598; x_wconf 91' lang='lat' dir='ltr'><strong>in</strong></span> <span class='ocrx_word' id='word_1_261' title='bbox 3267 2536 3544 2598; x_wconf 88' lang='lat' dir='ltr'><strong>vanitate</strong></span> <span class='ocrx_word' id='word_1_262' title='bbox 3587 2554 3718 2597; x_wconf 89' lang='lat' dir='ltr'><strong>sua.</strong></span> 
     </span>
    </p>
   </div>
   <div class='ocr_carea' id='block_1_7' title="bbox 2903 2824 3546 2889">
    <p class='ocr_par' dir='ltr' id='par_1_12' title="bbox 2903 2824 3546 2889">
     <span class='ocr_line' id='line_1_37' title="bbox 2903 2824 3546 2889; baseline -0.005 0"><span class='ocrx_word' id='word_1_263' title='bbox 2903 2824 3406 2889; x_wconf 88' lang='lat' dir='ltr'>CAPITULUM</span> <span class='ocrx_word' id='word_1_264' title='bbox 3465 2824 3546 2886; x_wconf 88' lang='lat' dir='ltr'><strong>V.</strong></span> 
     </span>
    </p>
   </div>
   <div class='ocr_carea' id='block_1_8' title="bbox 868 3008 3978 3109">
    <p class='ocr_par' dir='ltr' id='par_1_13' title="bbox 868 3008 3978 3109">
     <span class='ocr_line' id='line_1_38' title="bbox 868 3008 3978 3109; baseline -0.003 -20"><span class='ocrx_word' id='word_1_265' title='bbox 868 3028 1013 3090; x_wconf 89' lang='lat' dir='ltr'><strong>liter</strong></span> <span class='ocrx_word' id='word_1_266' title='bbox 1074 3028 1419 3091; x_wconf 89' lang='lat' dir='ltr'><strong>debeamus</strong></span> <span class='ocrx_word' id='word_1_267' title='bbox 1480 3028 1680 3091; x_wconf 87' lang='lat' dir='ltr'><strong>vitare</strong></span> <span class='ocrx_word' id='word_1_268' title='bbox 1747 3026 2364 3109; x_wconf 89' lang='lat' dir='ltr'><strong>perniciosissimum</strong></span> <span class='ocrx_word' id='word_1_269' title='bbox 2402 3024 2445 3088; x_wconf 90' lang='lat' dir='ltr'>C</span> <span class='ocrx_word' id='word_1_270' title='bbox 2477 3011 2648 3078; x_wconf 67' lang='lat' dir='ltr'><strong>Qu⁰d</strong></span> <span class='ocrx_word' id='word_1_271' title='bbox 2671 3009 2910 3081; x_wconf 62' lang='lat' dir='ltr'><strong>meist’S</strong></span> <span class='ocrx_word' id='word_1_272' title='bbox 2947 3009 3238 3065; x_wconf 55' lang='lat'><strong>”51507&#39;2‘7&#39;1</strong></span> <span class='ocrx_word' id='word_1_273' title='bbox 3275 3008 3538 3064; x_wconf 58' lang='lat' dir='ltr'><strong>munium</strong></span> <span class='ocrx_word' id='word_1_274' title='bbox 3573 3008 3646 3063; x_wconf 69' lang='lat'><strong>‘¹⁶</strong></span> <span class='ocrx_word' id='word_1_275' title='bbox 3681 3008 3978 3080; x_wconf 68' lang='lat' dir='ltr'><strong>Wperbfa</strong></span> 
     </span>
    </p>
   </div>
   <div class='ocr_carea' id='block_1_9' title="bbox 867 3125 2370 4185">
    <p class='ocr_par' dir='ltr' id='par_1_14' title="bbox 867 3125 2370 4185">
     <span class='ocr_line' id='line_1_39' title="bbox 867 3125 2365 3208; baseline -0.001 -19"><span class='ocrx_word' id='word_1_276' title='bbox 867 3128 1045 3189; x_wconf 90' lang='lat' dir='ltr'><strong>virus</strong></span> <span class='ocrx_word' id='word_1_277' title='bbox 1086 3127 1401 3208; x_wconf 57' lang='lat' dir='ltr'><strong>superbiat</strong></span> <span class='ocrx_word' id='word_1_278' title='bbox 1438 3125 1689 3189; x_wconf 87' lang='lat' dir='ltr'><strong>edoceri</strong></span> <span class='ocrx_word' id='word_1_279' title='bbox 1730 3126 2103 3207; x_wconf 81' lang='lat' dir='ltr'><strong>poterim·uS‚</strong></span> <span class='ocrx_word' id='word_1_280' title='bbox 2138 3125 2192 3187; x_wconf 91' lang='lat' dir='ltr'><strong>si</strong></span> <span class='ocrx_word' id='word_1_281' title='bbox 2223 3143 2365 3206; x_wconf 90' lang='lat' dir='ltr'><strong>pro-</strong></span> 
     </span>
     <span class='ocr_line' id='line_1_40' title="bbox 870 3222 2366 3306; baseline -0.003 -19"><span class='ocrx_word' id='word_1_282' title='bbox 870 3243 1215 3306; x_wconf 86' lang='lat' dir='ltr'><strong>sequamur</strong></span> <span class='ocrx_word' id='word_1_283' title='bbox 1260 3243 1511 3286; x_wconf 88' lang='lat' dir='ltr'><strong>causam</strong></span> <span class='ocrx_word' id='word_1_284' title='bbox 1558 3223 1998 3305; x_wconf 86' lang='lat' dir='ltr'><strong>originemque</strong></span> <span class='ocrx_word' id='word_1_285' title='bbox 2051 3222 2250 3285; x_wconf 78' lang='lat' dir='ltr'><strong>ruinae</strong></span> <span class='ocrx_word' id='word_1_286' title='bbox 2295 3222 2366 3283; x_wconf 90' lang='lat' dir='ltr'><strong>il-</strong></span> 
     </span>
     <span class='ocr_line' id='line_1_41' title="bbox 870 3321 2366 3403; baseline -0.001 -19"><span class='ocrx_word' id='word_1_287' title='bbox 870 3322 1013 3385; x_wconf 86' lang='lat' dir='ltr'><strong>lius.</strong></span> <span class='ocrx_word' id='word_1_288' title='bbox 1076 3322 1413 3403; x_wconf 87' lang='lat' dir='ltr'><strong>Nunquam</strong></span> <span class='ocrx_word' id='word_1_289' title='bbox 1474 3321 1646 3383; x_wconf 86' lang='lat' dir='ltr'><strong>enim</strong></span> <span class='ocrx_word' id='word_1_290' title='bbox 1708 3328 1973 3402; x_wconf 89' lang='lat' dir='ltr'><strong>possunt</strong></span> <span class='ocrx_word' id='word_1_291' title='bbox 2034 3321 2366 3401; x_wconf 84' lang='lat' dir='ltr'><strong>languores</strong></span> 
     </span>
     <span class='ocr_line' id='line_1_42' title="bbox 871 3418 2369 3516; baseline -0.002 -34"><span class='ocrx_word' id='word_1_292' title='bbox 871 3421 1100 3516; x_wconf 46' lang='lat' dir='ltr'><strong>curari,</strong></span> <span class='ocrx_word' id='word_1_293' title='bbox 1135 3438 1341 3500; x_wconf 90' lang='lat' dir='ltr'><strong>neque</strong></span> <span class='ocrx_word' id='word_1_294' title='bbox 1374 3420 1652 3481; x_wconf 87' lang='lat' dir='ltr'><strong>remedia</strong></span> <span class='ocrx_word' id='word_1_295' title='bbox 1684 3418 2165 3481; x_wconf 82' lang='lat' dir='ltr'><strong>infirmitatibus</strong></span> <span class='ocrx_word' id='word_1_296' title='bbox 2198 3418 2369 3480; x_wconf 87' lang='lat' dir='ltr'><strong>adhi-</strong></span> 
     </span>
     <span class='ocr_line' id='line_1_43' title="bbox 871 3517 2367 3599; baseline -0.002 -19"><span class='ocrx_word' id='word_1_297' title='bbox 871 3518 1029 3592; x_wconf 89' lang='lat' dir='ltr'><strong>beri,</strong></span> <span class='ocrx_word' id='word_1_298' title='bbox 1074 3518 1197 3580; x_wconf 87' lang='lat' dir='ltr'><strong>nisi</strong></span> <span class='ocrx_word' id='word_1_299' title='bbox 1244 3536 1461 3579; x_wconf 90' lang='lat' dir='ltr'><strong>earum</strong></span> <span class='ocrx_word' id='word_1_300' title='bbox 1507 3517 1783 3599; x_wconf 89' lang='lat' dir='ltr'><strong>origines</strong></span> <span class='ocrx_word' id='word_1_301' title='bbox 1833 3518 2011 3599; x_wconf 90' lang='lat' dir='ltr'><strong>prius</strong></span> <span class='ocrx_word' id='word_1_302' title='bbox 2060 3517 2367 3597; x_wconf 87' lang='lat' dir='ltr'><strong>sagaciter</strong></span> 
     </span>
     <span class='ocr_line' id='line_1_44' title="bbox 873 3615 2366 3697; baseline -0.001 -20"><span class='ocrx_word' id='word_1_303' title='bbox 873 3615 1294 3697; x_wconf 87' lang='lat' dir='ltr'><strong>inquirantur.</strong></span> <span class='ocrx_word' id='word_1_304' title='bbox 1357 3616 1471 3677; x_wconf 89' lang='lat' dir='ltr'><strong>Hic</strong></span> <span class='ocrx_word' id='word_1_305' title='bbox 1532 3616 1771 3697; x_wconf 89' lang='lat' dir='ltr'><strong>quippe</strong></span> <span class='ocrx_word' id='word_1_306' title='bbox 1830 3615 2091 3696; x_wconf 88' lang='lat' dir='ltr'><strong>angelus</strong></span> <span class='ocrx_word' id='word_1_307' title='bbox 2150 3615 2366 3676; x_wconf 88' lang='lat' dir='ltr'><strong>divina</strong></span> 
     </span>
     <span class='ocr_line' id='line_1_45' title="bbox 872 3712 2367 3794; baseline -0.001 -17"><span class='ocrx_word' id='word_1_308' title='bbox 872 3714 1157 3777; x_wconf 89' lang='lat' dir='ltr'><strong>claritate</strong></span> <span class='ocrx_word' id='word_1_309' title='bbox 1198 3713 1481 3788; x_wconf 84' lang='lat' dir='ltr'><strong>indutus,</strong></span> <span class='ocrx_word' id='word_1_310' title='bbox 1515 3722 1577 3776; x_wconf 90' lang='lat' dir='ltr'><strong>et</strong></span> <span class='ocrx_word' id='word_1_311' title='bbox 1607 3715 1773 3776; x_wconf 89' lang='lat' dir='ltr'><strong>dono</strong></span> <span class='ocrx_word' id='word_1_312' title='bbox 1803 3732 1875 3775; x_wconf 88' lang='lat' dir='ltr'><strong>ac</strong></span> <span class='ocrx_word' id='word_1_313' title='bbox 1906 3712 2191 3794; x_wconf 85' lang='lat' dir='ltr'><strong>largitate</strong></span> <span class='ocrx_word' id='word_1_314' title='bbox 2225 3713 2367 3775; x_wconf 90' lang='lat' dir='ltr'><strong>Cre-</strong></span> 
     </span>
     <span class='ocr_line' id='line_1_46' title="bbox 870 3811 2366 3893; baseline -0.001 -18"><span class='ocrx_word' id='word_1_315' title='bbox 870 3814 1063 3875; x_wconf 90' lang='lat' dir='ltr'><strong>atoris</strong></span> <span class='ocrx_word' id='word_1_316' title='bbox 1100 3813 1268 3875; x_wconf 90' lang='lat' dir='ltr'><strong>inter</strong></span> <span class='ocrx_word' id='word_1_317' title='bbox 1298 3820 1535 3885; x_wconf 83' lang='lat' dir='ltr'><strong>ceteras</strong></span> <span class='ocrx_word' id='word_1_318' title='bbox 1576 3830 1881 3893; x_wconf 87' lang='lat' dir='ltr'><strong>supernas</strong></span> <span class='ocrx_word' id='word_1_319' title='bbox 1912 3811 2181 3873; x_wconf 90' lang='lat' dir='ltr'><strong>virtutes</strong></span> <span class='ocrx_word' id='word_1_320' title='bbox 2211 3830 2366 3892; x_wconf 85' lang='lat' dir='ltr'><strong>prae-</strong></span> 
     </span>
     <span class='ocr_line' id='line_1_47' title="bbox 870 3910 2365 3993; baseline -0.003 -20"><span class='ocrx_word' id='word_1_321' title='bbox 870 3912 1143 3993; x_wconf 82' lang='lat' dir='ltr'><strong>fulgenS,</strong></span> <span class='ocrx_word' id='word_1_322' title='bbox 1195 3930 1263 3972; x_wconf 92' lang='lat' dir='ltr'><strong>se</strong></span> <span class='ocrx_word' id='word_1_323' title='bbox 1313 3911 1579 3973; x_wconf 86' lang='lat' dir='ltr'><strong>credidit</strong></span> <span class='ocrx_word' id='word_1_324' title='bbox 1628 3910 1915 3972; x_wconf 89' lang='lat' dir='ltr'><strong>obtinere</strong></span> <span class='ocrx_word' id='word_1_325' title='bbox 1964 3910 2365 3990; x_wconf 91' lang='lat' dir='ltr'><strong>splendorem</strong></span> 
     </span>
     <span class='ocr_line' id='line_1_48' title="bbox 868 4005 2370 4091; baseline -0.005 -19"><span class='ocrx_word' id='word_1_326' title='bbox 868 4008 1196 4091; x_wconf 84' lang='lat' dir='ltr'><strong>sapientiae</strong></span> <span class='ocrx_word' id='word_1_327' title='bbox 1221 4007 1887 4089; x_wconf 88' lang='lat' dir='ltr'><strong>pulchritudinemque</strong></span> <span class='ocrx_word' id='word_1_328' title='bbox 1908 4006 2214 4068; x_wconf 88' lang='lat' dir='ltr'><strong>virtutum</strong></span> <span class='ocrx_word' id='word_1_329' title='bbox 2242 4005 2370 4088; x_wconf 92' lang='lat' dir='ltr'><strong>qui-</strong></span> 
     </span>
     <span class='ocr_line' id='line_1_49' title="bbox 870 4104 2368 4185; baseline -0.004 -15"><span class='ocrx_word' id='word_1_330' title='bbox 870 4108 991 4170; x_wconf 92' lang='lat' dir='ltr'><strong>bus</strong></span> <span class='ocrx_word' id='word_1_331' title='bbox 1034 4106 1378 4170; x_wconf 88' lang='lat' dir='ltr'><strong>ornabatur</strong></span> <span class='ocrx_word' id='word_1_332' title='bbox 1419 4125 1497 4168; x_wconf 85' lang='lat' dir='ltr'><strong>ex</strong></span> <span class='ocrx_word' id='word_1_333' title='bbox 1540 4105 1741 4185; x_wconf 85' lang='lat' dir='ltr'><strong>gratia</strong></span> <span class='ocrx_word' id='word_1_334' title='bbox 1784 4104 2160 4176; x_wconf 84' lang='lat' dir='ltr'><strong>ConditoriS,</strong></span> <span class='ocrx_word' id='word_1_335' title='bbox 2195 4111 2368 4185; x_wconf 87' lang='lat' dir='ltr'><strong>pote-</strong></span> 
     </span>
    </p>
   </div>
   <div class='ocr_carea' id='block_1_10' title="bbox 870 4202 2447 4280">
    <p class='ocr_par' dir='ltr' id='par_1_15' title="bbox 870 4202 2447 4280">
     <span class='ocr_line' id='line_1_50' title="bbox 870 4202 2447 4280; baseline -0.001 -10"><span class='ocrx_word' id='word_1_336' title='bbox 870 4214 1027 4270; x_wconf 88' lang='lat' dir='ltr'><strong>state</strong></span> <span class='ocrx_word' id='word_1_337' title='bbox 1074 4226 1204 4269; x_wconf 85' lang='lat' dir='ltr'><strong>suae</strong></span> <span class='ocrx_word' id='word_1_338' title='bbox 1254 4213 1517 4280; x_wconf 83' lang='lat' dir='ltr'><strong>naturae,</strong></span> <span class='ocrx_word' id='word_1_339' title='bbox 1563 4223 1688 4267; x_wconf 93' lang='lat' dir='ltr'><strong>non</strong></span> <span class='ocrx_word' id='word_1_340' title='bbox 1738 4202 2057 4265; x_wconf 87' lang='lat' dir='ltr'><strong>beneficio</strong></span> <span class='ocrx_word' id='word_1_341' title='bbox 2105 4202 2366 4264; x_wconf 90' lang='lat' dir='ltr'><strong>munifi·</strong></span> <span class='ocrx_word' id='word_1_342' title='bbox 2399 4206 2447 4268; x_wconf 93' lang='lat' dir='ltr'>D</span> 
     </span>
    </p>
   </div>
   <div class='ocr_carea' id='block_1_11' title="bbox 871 4301 2371 5367">
    <p class='ocr_par' dir='ltr' id='par_1_16' title="bbox 871 4301 2371 5367">
     <span class='ocr_line' id='line_1_51' title="bbox 872 4301 2364 4386; baseline -0.003 -20"><span class='ocrx_word' id='word_1_343' title='bbox 872 4304 1097 4367; x_wconf 84' lang='lat' dir='ltr'><strong>centiae</strong></span> <span class='ocrx_word' id='word_1_344' title='bbox 1127 4304 1259 4366; x_wconf 90' lang='lat' dir='ltr'><strong>Dei.</strong></span> <span class='ocrx_word' id='word_1_345' title='bbox 1295 4304 1499 4386; x_wconf 88' lang='lat' dir='ltr'><strong>Atque</strong></span> <span class='ocrx_word' id='word_1_346' title='bbox 1530 4302 1612 4365; x_wconf 91' lang='lat' dir='ltr'><strong>ob</strong></span> <span class='ocrx_word' id='word_1_347' title='bbox 1650 4302 1770 4364; x_wconf 91' lang='lat' dir='ltr'><strong>hoc</strong></span> <span class='ocrx_word' id='word_1_348' title='bbox 1804 4301 2029 4373; x_wconf 90' lang='lat' dir='ltr'><strong>elatus,</strong></span> <span class='ocrx_word' id='word_1_349' title='bbox 2062 4308 2364 4381; x_wconf 84' lang='lat' dir='ltr'><strong>tanquam</strong></span> 
     </span>
     <span class='ocr_line' id='line_1_52' title="bbox 871 4398 2365 4485; baseline -0.003 -21"><span class='ocrx_word' id='word_1_350' title='bbox 871 4403 984 4485; x_wconf 92' lang='lat' dir='ltr'><strong>qui</strong></span> <span class='ocrx_word' id='word_1_351' title='bbox 1033 4404 1111 4464; x_wconf 91' lang='lat' dir='ltr'><strong>ad</strong></span> <span class='ocrx_word' id='word_1_352' title='bbox 1162 4402 1657 4464; x_wconf 87' lang='lat' dir='ltr'><strong>conservandam</strong></span> <span class='ocrx_word' id='word_1_353' title='bbox 1710 4399 2123 4461; x_wconf 85' lang='lat' dir='ltr'><strong>eminentiam</strong></span> <span class='ocrx_word' id='word_1_354' title='bbox 2178 4398 2365 4460; x_wconf 88' lang='lat' dir='ltr'><strong>istam</strong></span> 
     </span>
     <span class='ocr_line' id='line_1_53' title="bbox 873 4496 2366 4579; baseline -0.003 -16"><span class='ocrx_word' id='word_1_355' title='bbox 873 4518 998 4563; x_wconf 92' lang='lat' dir='ltr'><strong>non</strong></span> <span class='ocrx_word' id='word_1_356' title='bbox 1047 4500 1354 4579; x_wconf 88' lang='lat' dir='ltr'><strong>indigeret</strong></span> <span class='ocrx_word' id='word_1_357' title='bbox 1396 4498 1613 4560; x_wconf 90' lang='lat' dir='ltr'><strong>divino</strong></span> <span class='ocrx_word' id='word_1_358' title='bbox 1654 4497 1915 4569; x_wconf 88' lang='lat' dir='ltr'><strong>auxilio,</strong></span> <span class='ocrx_word' id='word_1_359' title='bbox 1944 4496 2257 4577; x_wconf 89' lang='lat' dir='ltr'><strong>judicavit</strong></span> <span class='ocrx_word' id='word_1_360' title='bbox 2301 4515 2366 4558; x_wconf 91' lang='lat' dir='ltr'><strong>se</strong></span> 
     </span>
     <span class='ocr_line' id='line_1_54' title="bbox 872 4594 2366 4677; baseline -0.003 -18"><span class='ocrx_word' id='word_1_361' title='bbox 872 4597 1150 4659; x_wconf 87' lang='lat' dir='ltr'><strong>similem</strong></span> <span class='ocrx_word' id='word_1_362' title='bbox 1195 4597 1322 4659; x_wconf 90' lang='lat' dir='ltr'><strong>Deo</strong></span> <span class='ocrx_word' id='word_1_363' title='bbox 1366 4614 1379 4657; x_wconf 75' lang='grc' dir='ltr'><strong><em>ε</em></strong></span> <span class='ocrx_word' id='word_1_364' title='bbox 1425 4602 1641 4677; x_wconf 88' lang='lat' dir='ltr'><strong>utpote</strong></span> <span class='ocrx_word' id='word_1_365' title='bbox 1686 4594 1796 4677; x_wconf 91' lang='lat' dir='ltr'><strong>qui</strong></span> <span class='ocrx_word' id='word_1_366' title='bbox 1843 4594 2040 4656; x_wconf 88' lang='lat' dir='ltr'><strong>instar</strong></span> <span class='ocrx_word' id='word_1_367' title='bbox 2084 4594 2196 4656; x_wconf 90' lang='lat' dir='ltr'><strong>Dei</strong></span> <span class='ocrx_word' id='word_1_368' title='bbox 2239 4611 2366 4655; x_wconf 91' lang='lat' dir='ltr'><strong>non</strong></span> 
     </span>
     <span class='ocr_line' id='line_1_55' title="bbox 872 4691 2370 4774; baseline -0.003 -17"><span class='ocrx_word' id='word_1_369' title='bbox 872 4702 1039 4757; x_wconf 88' lang='lat' dir='ltr'><strong>esset</strong></span> <span class='ocrx_word' id='word_1_370' title='bbox 1085 4694 1378 4774; x_wconf 90' lang='lat' dir='ltr'><strong>indigens</strong></span> <span class='ocrx_word' id='word_1_371' title='bbox 1425 4694 1663 4774; x_wconf 88' lang='lat' dir='ltr'><strong>aliquo,</strong></span> <span class='ocrx_word' id='word_1_372' title='bbox 1708 4692 1991 4755; x_wconf 88' lang='lat' dir='ltr'><strong>confisus</strong></span> <span class='ocrx_word' id='word_1_373' title='bbox 2041 4691 2224 4754; x_wconf 87' lang='lat' dir='ltr'><strong>liberi</strong></span> <span class='ocrx_word' id='word_1_374' title='bbox 2275 4710 2370 4752; x_wconf 92' lang='lat' dir='ltr'><strong>ar-</strong></span> 
     </span>
     <span class='ocr_line' id='line_1_56' title="bbox 872 4790 2368 4872; baseline -0.003 -17"><span class='ocrx_word' id='word_1_375' title='bbox 872 4792 1049 4856; x_wconf 86' lang='lat' dir='ltr'><strong>bitrii</strong></span> <span class='ocrx_word' id='word_1_376' title='bbox 1090 4792 1411 4865; x_wconf 84' lang='lat' dir='ltr'><strong>facultate,</strong></span> <span class='ocrx_word' id='word_1_377' title='bbox 1444 4799 1508 4854; x_wconf 88' lang='lat' dir='ltr'><strong>et</strong></span> <span class='ocrx_word' id='word_1_378' title='bbox 1539 4792 1803 4854; x_wconf 89' lang='lat' dir='ltr'><strong>credens</strong></span> <span class='ocrx_word' id='word_1_379' title='bbox 1834 4791 2048 4853; x_wconf 92' lang='lat' dir='ltr'><strong>omnia</strong></span> <span class='ocrx_word' id='word_1_380' title='bbox 2087 4790 2212 4853; x_wconf 92' lang='lat' dir='ltr'><strong>sibi</strong></span> <span class='ocrx_word' id='word_1_381' title='bbox 2254 4809 2368 4872; x_wconf 91' lang='lat' dir='ltr'><strong>per</strong></span> 
     </span>
     <span class='ocr_line' id='line_1_57' title="bbox 874 4890 2369 4971; baseline -0.003 -15"><span class='ocrx_word' id='word_1_382' title='bbox 874 4894 1051 4956; x_wconf 94' lang='lat' dir='ltr'><strong>illam</strong></span> <span class='ocrx_word' id='word_1_383' title='bbox 1108 4890 1450 4954; x_wconf 79' lang='lat' dir='ltr'><strong>affluenter</strong></span> <span class='ocrx_word' id='word_1_384' title='bbox 1510 4897 1849 4971; x_wconf 90' lang='lat' dir='ltr'><strong>suppetere</strong></span> <span class='ocrx_word' id='word_1_385' title='bbox 1899 4909 2040 4971; x_wconf 82' lang='lat' dir='ltr'><strong>quae</strong></span> <span class='ocrx_word' id='word_1_386' title='bbox 2086 4890 2164 4951; x_wconf 91' lang='lat' dir='ltr'><strong>ad</strong></span> <span class='ocrx_word' id='word_1_387' title='bbox 2224 4908 2369 4952; x_wconf 89' lang='lat' dir='ltr'><strong>con-</strong></span> 
     </span>
     <span class='ocr_line' id='line_1_58' title="bbox 874 4987 2364 5069; baseline -0.005 -14"><span class='ocrx_word' id='word_1_388' title='bbox 874 4991 1363 5055; x_wconf 87' lang='lat' dir='ltr'><strong>summationem</strong></span> <span class='ocrx_word' id='word_1_389' title='bbox 1422 4988 1735 5051; x_wconf 89' lang='lat' dir='ltr'><strong>virtutum</strong></span> <span class='ocrx_word' id='word_1_390' title='bbox 1795 4995 1857 5050; x_wconf 90' lang='lat' dir='ltr'><strong>et</strong></span> <span class='ocrx_word' id='word_1_391' title='bbox 1904 4987 2364 5069; x_wconf 88' lang='lat' dir='ltr'><strong>perennitatem</strong></span> 
     </span>
     <span class='ocr_line' id='line_1_59' title="bbox 874 5085 2368 5167; baseline -0.003 -16"><span class='ocrx_word' id='word_1_392' title='bbox 874 5108 1141 5151; x_wconf 81' lang='lat' dir='ltr'><strong>summae</strong></span> <span class='ocrx_word' id='word_1_393' title='bbox 1203 5085 1616 5148; x_wconf 89' lang='lat' dir='ltr'><strong>beatitudinis</strong></span> <span class='ocrx_word' id='word_1_394' title='bbox 1681 5086 2088 5167; x_wconf 87' lang='lat' dir='ltr'><strong>pertinerent.</strong></span> <span class='ocrx_word' id='word_1_395' title='bbox 2153 5086 2368 5165; x_wconf 88' lang='lat' dir='ltr'><strong>ltaque</strong></span> 
     </span>
     <span class='ocr_line' id='line_1_60' title="bbox 873 5182 2369 5267; baseline -0.002 -19"><span class='ocrx_word' id='word_1_396' title='bbox 873 5187 1007 5249; x_wconf 82' lang='lat' dir='ltr'><strong>haec</strong></span> <span class='ocrx_word' id='word_1_397' title='bbox 1051 5183 1349 5267; x_wconf 85' lang='lat' dir='ltr'><strong>cogitatio</strong></span> <span class='ocrx_word' id='word_1_398' title='bbox 1385 5183 1518 5247; x_wconf 91' lang='lat' dir='ltr'><strong>sola</strong></span> <span class='ocrx_word' id='word_1_399' title='bbox 1561 5183 1729 5246; x_wconf 85' lang='lat' dir='ltr'><strong>facta</strong></span> <span class='ocrx_word' id='word_1_400' title='bbox 1770 5192 1867 5247; x_wconf 91' lang='lat' dir='ltr'><strong>est</strong></span> <span class='ocrx_word' id='word_1_401' title='bbox 1906 5182 2090 5245; x_wconf 87' lang='lat' dir='ltr'><strong>ruina</strong></span> <span class='ocrx_word' id='word_1_402' title='bbox 2126 5182 2186 5244; x_wconf 95' lang='lat' dir='ltr'><strong>ei</strong></span> <span class='ocrx_word' id='word_1_403' title='bbox 2231 5199 2244 5243; x_wconf 92' lang='lat'>:</span> <span class='ocrx_word' id='word_1_404' title='bbox 2287 5182 2369 5245; x_wconf 92' lang='lat' dir='ltr'><strong>ob</strong></span> 
     </span>
     <span class='ocr_line' id='line_1_61' title="bbox 874 5282 2371 5367; baseline -0.002 -20"><span class='ocrx_word' id='word_1_405' title='bbox 874 5304 1067 5367; x_wconf 88' lang='lat' dir='ltr'><strong>quam</strong></span> <span class='ocrx_word' id='word_1_406' title='bbox 1107 5285 1393 5347; x_wconf 87' lang='lat' dir='ltr'><strong>desertus</strong></span> <span class='ocrx_word' id='word_1_407' title='bbox 1422 5302 1459 5345; x_wconf 91' lang='lat' dir='ltr'><strong>a</strong></span> <span class='ocrx_word' id='word_1_408' title='bbox 1487 5283 1637 5357; x_wconf 82' lang='lat' dir='ltr'><strong>Dec,</strong></span> <span class='ocrx_word' id='word_1_409' title='bbox 1670 5299 1799 5364; x_wconf 92' lang='lat' dir='ltr'><strong>quo</strong></span> <span class='ocrx_word' id='word_1_410' title='bbox 1838 5300 1905 5345; x_wconf 89' lang='lat' dir='ltr'><strong>se</strong></span> <span class='ocrx_word' id='word_1_411' title='bbox 1944 5282 2215 5343; x_wconf 86' lang='lat' dir='ltr'><strong>credidit</strong></span> <span class='ocrx_word' id='word_1_412' title='bbox 2242 5298 2371 5344; x_wconf 92' lang='lat' dir='ltr'><strong>non</strong></span> 
     </span>
    </p>
   </div>
   <div class='ocr_carea' id='block_1_12' title="bbox 3037 3097 3410 3170">
    <p class='ocr_par' dir='ltr' id='par_1_17' title="bbox 3037 3097 3410 3170">
     <span class='ocr_line' id='line_1_62' title="bbox 3037 3097 3410 3170; baseline -0.003 -18"><span class='ocrx_word' id='word_1_413' title='bbox 3037 3097 3410 3170; x_wconf 77' lang='lat' dir='ltr'><strong>prodierint.</strong></span> 
     </span>
    </p>
   </div>
   <div class='ocr_carea' id='block_1_13' title="bbox 2478 3320 3976 4189">
    <p class='ocr_par' dir='ltr' id='par_1_18' title="bbox 2627 3320 3975 3404">
     <span class='ocr_line' id='line_1_63' title="bbox 2627 3320 3975 3404; baseline -0.002 -19"><span class='ocrx_word' id='word_1_414' title='bbox 2627 3323 2745 3386; x_wconf 83' lang='lat' dir='ltr'><strong>AEC</strong></span> <span class='ocrx_word' id='word_1_415' title='bbox 2791 3321 3092 3404; x_wconf 91' lang='lat' dir='ltr'><strong>superbia</strong></span> <span class='ocrx_word' id='word_1_416' title='bbox 3133 3329 3228 3383; x_wconf 91' lang='lat' dir='ltr'><strong>est</strong></span> <span class='ocrx_word' id='word_1_417' title='bbox 3272 3320 3496 3402; x_wconf 80' lang='lat' dir='ltr'><strong>primae</strong></span> <span class='ocrx_word' id='word_1_418' title='bbox 3538 3321 3738 3384; x_wconf 85' lang='lat' dir='ltr'><strong>ruinae</strong></span> <span class='ocrx_word' id='word_1_419' title='bbox 3781 3340 3975 3383; x_wconf 90' lang='lat' dir='ltr'><strong>causa</strong></span> 
     </span>
    </p>

    <p class='ocr_par' dir='ltr' id='par_1_19' title="bbox 2478 3419 3976 4189">
     <span class='ocr_line' id='line_1_64' title="bbox 2645 3419 3976 3503; baseline -0.002 -21"><span class='ocrx_word' id='word_1_420' title='bbox 2645 3428 2707 3483; x_wconf 88' lang='lat' dir='ltr'><strong>et</strong></span> <span class='ocrx_word' id='word_1_421' title='bbox 2737 3420 3112 3503; x_wconf 89' lang='lat' dir='ltr'><strong>principalis</strong></span> <span class='ocrx_word' id='word_1_422' title='bbox 3149 3420 3326 3500; x_wconf 89' lang='lat' dir='ltr'><strong>origo</strong></span> <span class='ocrx_word' id='word_1_423' title='bbox 3356 3420 3618 3501; x_wconf 88' lang='lat' dir='ltr'><strong>peccati.</strong></span> <span class='ocrx_word' id='word_1_424' title='bbox 3653 3419 3800 3492; x_wconf 80' lang='lat' dir='ltr'><strong>Quae</strong></span> <span class='ocrx_word' id='word_1_425' title='bbox 3839 3438 3976 3481; x_wconf 89' lang='lat' dir='ltr'><strong>rur-</strong></span> 
     </span>
     <span class='ocr_line' id='line_1_65' title="bbox 2478 3515 3972 3600; baseline -0.001 -19"><span class='ocrx_word' id='word_1_426' title='bbox 2478 3538 2619 3581; x_wconf 91' lang='lat' dir='ltr'><strong>sum</strong></span> <span class='ocrx_word' id='word_1_427' title='bbox 2673 3519 2738 3579; x_wconf 93' lang='lat' dir='ltr'><strong>in</strong></span> <span class='ocrx_word' id='word_1_428' title='bbox 2793 3518 3252 3600; x_wconf 87' lang='lat' dir='ltr'><strong>protoplastum</strong></span> <span class='ocrx_word' id='word_1_429' title='bbox 3305 3534 3565 3598; x_wconf 89' lang='lat' dir='ltr'><strong>serpens</strong></span> <span class='ocrx_word' id='word_1_430' title='bbox 3621 3535 3735 3598; x_wconf 91' lang='lat' dir='ltr'><strong>per</strong></span> <span class='ocrx_word' id='word_1_431' title='bbox 3787 3515 3972 3579; x_wconf 89' lang='lat' dir='ltr'><strong>illum</strong></span> 
     </span>
     <span class='ocr_line' id='line_1_66' title="bbox 2478 3613 3976 3698; baseline -0.001 -21"><span class='ocrx_word' id='word_1_432' title='bbox 2478 3617 2587 3698; x_wconf 93' lang='lat' dir='ltr'><strong>qui</strong></span> <span class='ocrx_word' id='word_1_433' title='bbox 2620 3616 2700 3679; x_wconf 89' lang='lat' dir='ltr'><strong>ab</strong></span> <span class='ocrx_word' id='word_1_434' title='bbox 2729 3636 2803 3679; x_wconf 88' lang='lat' dir='ltr'><strong>ea</strong></span> <span class='ocrx_word' id='word_1_435' title='bbox 2833 3616 3116 3696; x_wconf 87' lang='lat' dir='ltr'><strong>dejectus</strong></span> <span class='ocrx_word' id='word_1_436' title='bbox 3149 3622 3265 3689; x_wconf 84' lang='lat' dir='ltr'><strong>est,</strong></span> <span class='ocrx_word' id='word_1_437' title='bbox 3297 3613 3678 3695; x_wconf 86' lang='lat' dir='ltr'><strong>germinavit</strong></span> <span class='ocrx_word' id='word_1_438' title='bbox 3707 3614 3976 3676; x_wconf 83' lang='lat' dir='ltr'><strong>infirmi-</strong></span> 
     </span>
     <span class='ocr_line' id='line_1_67' title="bbox 2479 3712 3966 3797; baseline -0.001 -20"><span class='ocrx_word' id='word_1_439' title='bbox 2479 3723 2637 3777; x_wconf 85' lang='lat' dir='ltr'><strong>tates</strong></span> <span class='ocrx_word' id='word_1_440' title='bbox 2697 3722 2886 3797; x_wconf 89' lang='lat' dir='ltr'><strong>atque</strong></span> <span class='ocrx_word' id='word_1_441' title='bbox 2945 3713 3240 3775; x_wconf 88' lang='lat' dir='ltr'><strong>materias</strong></span> <span class='ocrx_word' id='word_1_442' title='bbox 3299 3712 3600 3774; x_wconf 90' lang='lat' dir='ltr'><strong>vitiorum</strong></span> <span class='ocrx_word' id='word_1_443' title='bbox 3657 3712 3966 3775; x_wconf 90' lang='lat' dir='ltr'><strong>omnium.</strong></span> 
     </span>
     <span class='ocr_line' id='line_1_68' title="bbox 2479 3809 3970 3892; baseline -0.001 -17"><span class='ocrx_word' id='word_1_444' title='bbox 2479 3814 2642 3875; x_wconf 90' lang='lat' dir='ltr'><strong>Dum</strong></span> <span class='ocrx_word' id='word_1_445' title='bbox 2702 3812 2872 3874; x_wconf 89' lang='lat' dir='ltr'><strong>enim</strong></span> <span class='ocrx_word' id='word_1_446' title='bbox 2938 3811 3207 3872; x_wconf 89' lang='lat' dir='ltr'><strong>credidit</strong></span> <span class='ocrx_word' id='word_1_447' title='bbox 3269 3829 3336 3872; x_wconf 91' lang='lat' dir='ltr'><strong>se</strong></span> <span class='ocrx_word' id='word_1_448' title='bbox 3395 3828 3581 3892; x_wconf 91' lang='lat' dir='ltr'><strong>posse</strong></span> <span class='ocrx_word' id='word_1_449' title='bbox 3641 3809 3970 3891; x_wconf 89' lang='lat' dir='ltr'><strong>acquirere</strong></span> 
     </span>
     <span class='ocr_line' id='line_1_69' title="bbox 2478 3908 3974 3992; baseline -0.001 -19"><span class='ocrx_word' id='word_1_450' title='bbox 2478 3912 2744 3992; x_wconf 89' lang='lat' dir='ltr'><strong>gloriam</strong></span> <span class='ocrx_word' id='word_1_451' title='bbox 2775 3909 3125 3972; x_wconf 88' lang='lat' dir='ltr'><strong>divinitatis</strong></span> <span class='ocrx_word' id='word_1_452' title='bbox 3157 3910 3446 3971; x_wconf 86' lang='lat' dir='ltr'><strong>libertate</strong></span> <span class='ocrx_word' id='word_1_453' title='bbox 3479 3908 3724 3971; x_wconf 89' lang='lat' dir='ltr'><strong>arbitrii</strong></span> <span class='ocrx_word' id='word_1_454' title='bbox 3755 3928 3828 3970; x_wconf 89' lang='lat' dir='ltr'><strong>ac</strong></span> <span class='ocrx_word' id='word_1_455' title='bbox 3859 3928 3974 3971; x_wconf 86' lang='lat' dir='ltr'><strong>sua</strong></span> 
     </span>
     <span class='ocr_line' id='line_1_70' title="bbox 2481 4006 3972 4089; baseline -0.001 -18"><span class='ocrx_word' id='word_1_456' title='bbox 2481 4009 2814 4082; x_wconf 87' lang='lat' dir='ltr'><strong>industria,</strong></span> <span class='ocrx_word' id='word_1_457' title='bbox 2849 4007 3121 4089; x_wconf 89' lang='lat' dir='ltr'><strong>perdidit</strong></span> <span class='ocrx_word' id='word_1_458' title='bbox 3166 4007 3356 4069; x_wconf 91' lang='lat' dir='ltr'><strong>etiam</strong></span> <span class='ocrx_word' id='word_1_459' title='bbox 3409 4006 3583 4069; x_wconf 91' lang='lat' dir='ltr'><strong>illam</strong></span> <span class='ocrx_word' id='word_1_460' title='bbox 3632 4026 3823 4087; x_wconf 89' lang='lat' dir='ltr'><strong>quam</strong></span> <span class='ocrx_word' id='word_1_461' title='bbox 3869 4008 3972 4069; x_wconf 88' lang='lat' dir='ltr'><strong>ad—</strong></span> 
     </span>
     <span class='ocr_line' id='line_1_71' title="bbox 2479 4104 3572 4189; baseline -0.003 -20"><span class='ocrx_word' id='word_1_462' title='bbox 2479 4114 2664 4189; x_wconf 89' lang='lat' dir='ltr'><strong>eptus</strong></span> <span class='ocrx_word' id='word_1_463' title='bbox 2708 4106 2914 4169; x_wconf 85' lang='lat' dir='ltr'><strong>fuerat</strong></span> <span class='ocrx_word' id='word_1_464' title='bbox 2955 4106 3154 4187; x_wconf 87' lang='lat' dir='ltr'><strong>gratia</strong></span> <span class='ocrx_word' id='word_1_465' title='bbox 3198 4104 3572 4167; x_wconf 78' lang='lat' dir='ltr'><strong>ConditoriS.</strong></span> 
     </span>
    </p>
   </div>
   <div class='ocr_carea' id='block_1_14' title="bbox 2880 4390 3565 4455">
    <p class='ocr_par' dir='ltr' id='par_1_20' title="bbox 2880 4390 3565 4455">
     <span class='ocr_line' id='line_1_72' title="bbox 2880 4390 3565 4455; baseline 0 0"><span class='ocrx_word' id='word_1_466' title='bbox 2880 4390 3382 4455; x_wconf 91' lang='lat' dir='ltr'><strong>CAPITULUM</strong></span> <span class='ocrx_word' id='word_1_467' title='bbox 3448 4390 3565 4455; x_wconf 91' lang='lat' dir='ltr'><strong>VI.</strong></span> 
     </span>
    </p>
   </div>
   <div class='ocr_carea' id='block_1_15' title="bbox 2477 4573 3974 4828">
    <p class='ocr_par' dir='ltr' id='par_1_21' title="bbox 2477 4573 3974 4828">
     <span class='ocr_line' id='line_1_73' title="bbox 2477 4573 3973 4649; baseline -0.005 -13"><span class='ocrx_word' id='word_1_468' title='bbox 2477 4578 2648 4648; x_wconf 82' lang='lat' dir='ltr'><strong>Quod</strong></span> <span class='ocrx_word' id='word_1_469' title='bbox 2675 4576 2978 4649; x_wconf 78' lang='lat' dir='ltr'><strong>superbiae</strong></span> <span class='ocrx_word' id='word_1_470' title='bbox 2997 4576 3216 4630; x_wconf 78' lang='lat' dir='ltr'><strong>vitium</strong></span> <span class='ocrx_word' id='word_1_471' title='bbox 3235 4574 3504 4647; x_wconf 78' lang='lat' dir='ltr'><strong>primum</strong></span> <span class='ocrx_word' id='word_1_472' title='bbox 3531 4574 3616 4628; x_wconf 77' lang='lat' dir='ltr'><strong>sit</strong></span> <span class='ocrx_word' id='word_1_473' title='bbox 3633 4573 3874 4645; x_wconf 73' lang='lat' dir='ltr'><strong>oriqine</strong></span> <span class='ocrx_word' id='word_1_474' title='bbox 3899 4590 3973 4631; x_wconf 82' lang='lat' dir='ltr'><strong>ac</strong></span> 
     </span>
     <span class='ocr_line' id='line_1_74' title="bbox 2548 4663 3974 4739; baseline -0.002 -17"><span class='ocrx_word' id='word_1_475' title='bbox 2548 4674 2831 4739; x_wconf 81' lang='lat' dir='ltr'><strong>tempore,</strong></span> <span class='ocrx_word' id='word_1_476' title='bbox 2874 4665 3152 4737; x_wconf 75' lang='lat' dir='ltr'><strong>quamvis</strong></span> <span class='ocrx_word' id='word_1_477' title='bbox 3193 4664 3275 4718; x_wconf 73' lang='lat' dir='ltr'><strong>sit</strong></span> <span class='ocrx_word' id='word_1_478' title='bbox 3317 4663 3594 4719; x_wconf 77' lang='lat' dir='ltr'><strong>ultimum</strong></span> <span class='ocrx_word' id='word_1_479' title='bbox 3643 4663 3710 4717; x_wconf 74' lang='lat' dir='ltr'><strong>in</strong></span> <span class='ocrx_word' id='word_1_480' title='bbox 3757 4663 3974 4719; x_wconf 79' lang='lat' dir='ltr'><strong>ordine</strong></span> 
     </span>
     <span class='ocr_line' id='line_1_75' title="bbox 2550 4755 3052 4828; baseline -0.008 -16"><span class='ocrx_word' id='word_1_481' title='bbox 2550 4755 3052 4828; x_wconf 73' lang='lat' dir='ltr'><strong>impuqnationia.</strong></span> 
     </span>
    </p>
   </div>
   <div class='ocr_carea' id='block_1_16' title="bbox 2480 4983 3976 5363">
    <p class='ocr_par' dir='ltr' id='par_1_22' title="bbox 2480 4983 3976 5363">
     <span class='ocr_line' id='line_1_76' title="bbox 2610 4983 3976 5068; baseline -0.001 -21"><span class='ocrx_word' id='word_1_482' title='bbox 2610 4985 2915 5049; x_wconf 87' lang='lat' dir='ltr'><strong>XEMPLO</strong></span> <span class='ocrx_word' id='word_1_483' title='bbox 2946 4986 3158 5068; x_wconf 88' lang='lat' dir='ltr'><strong>itaque</strong></span> <span class='ocrx_word' id='word_1_484' title='bbox 3188 5002 3261 5047; x_wconf 89' lang='lat' dir='ltr'><strong>ac</strong></span> <span class='ocrx_word' id='word_1_485' title='bbox 3293 4983 3669 5046; x_wconf 88' lang='lat' dir='ltr'><strong>testimoniis</strong></span> <span class='ocrx_word' id='word_1_486' title='bbox 3699 4984 3976 5067; x_wconf 89' lang='lat' dir='ltr'><strong>Scriptu-</strong></span> 
     </span>
     <span class='ocr_line' id='line_1_77' title="bbox 2631 5082 3973 5164; baseline -0.001 -19"><span class='ocrx_word' id='word_1_487' title='bbox 2631 5103 2843 5145; x_wconf 91' lang='lat' dir='ltr'><strong>rarum</strong></span> <span class='ocrx_word' id='word_1_488' title='bbox 2874 5083 3271 5164; x_wconf 87' lang='lat' dir='ltr'><strong>apertissime</strong></span> <span class='ocrx_word' id='word_1_489' title='bbox 3302 5082 3771 5163; x_wconf 89' lang='lat' dir='ltr'><strong>comprobatur,</strong></span> <span class='ocrx_word' id='word_1_490' title='bbox 3803 5083 3973 5164; x_wconf 91' lang='lat' dir='ltr'><strong>quod</strong></span> 
     </span>
     <span class='ocr_line' id='line_1_78' title="bbox 2480 5179 3976 5263; baseline 0 -20"><span class='ocrx_word' id='word_1_491' title='bbox 2480 5182 2630 5243; x_wconf 88' lang='lat' dir='ltr'><strong>licet</strong></span> <span class='ocrx_word' id='word_1_492' title='bbox 2667 5181 2969 5263; x_wconf 88' lang='lat' dir='ltr'><strong>superbia</strong></span> <span class='ocrx_word' id='word_1_493' title='bbox 3006 5182 3088 5243; x_wconf 92' lang='lat' dir='ltr'><strong>sit</strong></span> <span class='ocrx_word' id='word_1_494' title='bbox 3119 5180 3430 5261; x_wconf 89' lang='lat' dir='ltr'><strong>posterior</strong></span> <span class='ocrx_word' id='word_1_495' title='bbox 3467 5179 3532 5242; x_wconf 91' lang='lat' dir='ltr'><strong>in</strong></span> <span class='ocrx_word' id='word_1_496' title='bbox 3571 5180 3792 5242; x_wconf 90' lang='lat' dir='ltr'><strong>ordine</strong></span> <span class='ocrx_word' id='word_1_497' title='bbox 3829 5196 3976 5243; x_wconf 90' lang='lat' dir='ltr'><strong>con-</strong></span> 
     </span>
     <span class='ocr_line' id='line_1_79' title="bbox 2480 5277 3975 5363; baseline -0.001 -22"><span class='ocrx_word' id='word_1_498' title='bbox 2480 5279 2802 5363; x_wconf 80' lang='lat' dir='ltr'><strong>flictuum,</strong></span> <span class='ocrx_word' id='word_1_499' title='bbox 2855 5278 3096 5360; x_wconf 88' lang='lat' dir='ltr'><strong>origine</strong></span> <span class='ocrx_word' id='word_1_500' title='bbox 3156 5286 3369 5343; x_wconf 91' lang='lat' dir='ltr'><strong>tamen</strong></span> <span class='ocrx_word' id='word_1_501' title='bbox 3419 5277 3698 5341; x_wconf 88' lang='lat' dir='ltr'><strong>anterior</strong></span> <span class='ocrx_word' id='word_1_502' title='bbox 3743 5284 3861 5351; x_wconf 89' lang='lat' dir='ltr'><strong>est,</strong></span> <span class='ocrx_word' id='word_1_503' title='bbox 3909 5285 3975 5341; x_wconf 88' lang='lat' dir='ltr'><strong>et</strong></span> 
     </span>
    </p>
   </div>
  </div>
 </body>
</html>
