<?xml version="1.0" encoding="UTF-8"?>
<!DOCTYPE html PUBLIC "-//W3C//DTD XHTML 1.0 Transitional//EN"
    "http://www.w3.org/TR/xhtml1/DTD/xhtml1-transitional.dtd">
<html xmlns="http://www.w3.org/1999/xhtml" xml:lang="en" lang="en">
 <head>
  <title>
</title>
<meta http-equiv="Content-Type" content="text/html;charset=utf-8" />
  <meta name='ocr-system' content='tesseract 3.04.00' />
  <meta name='ocr-capabilities' content='ocr_page ocr_carea ocr_par ocr_line ocrx_word'/>
</head>
<body>
  <div class='ocr_page' id='page_1' title='image "./doctorisecstati03denigoog_0382.png"; bbox 0 0 4359 6267; ppageno 0'>
   <div class='ocr_carea' id='block_1_1' title="bbox 610 1658 846 1706">
    <p class='ocr_par' dir='ltr' id='par_1_1' title="bbox 610 1658 846 1706">
     <span class='ocr_line' id='line_1_1' title="bbox 610 1658 846 1706; baseline -0.008 -4"><span class='ocrx_word' id='word_1_1' title='bbox 610 1658 764 1702; x_wconf 78' lang='lat' dir='ltr'><strong>Galat.</strong></span> <span class='ocrx_word' id='word_1_2' title='bbox 788 1672 846 1706; x_wconf 88' lang='grc' dir='ltr'>ιιι,</span> 
     </span>
    </p>
   </div>
   <div class='ocr_carea' id='block_1_2' title="bbox 581 4198 647 4238">
    <p class='ocr_par' dir='ltr' id='par_1_2' title="bbox 581 4198 647 4238">
     <span class='ocr_line' id='line_1_2' title="bbox 581 4198 647 4238; baseline 0 0"><span class='ocrx_word' id='word_1_3' title='bbox 581 4198 647 4238; x_wconf 77' lang='grc'><strong>13.</strong></span> 
     </span>
    </p>
   </div>
   <div class='ocr_carea' id='block_1_3' title="bbox 875 461 996 526">
    <p class='ocr_par' dir='ltr' id='par_1_3' title="bbox 875 461 996 526">
     <span class='ocr_line' id='line_1_3' title="bbox 875 461 996 526; baseline -0.017 0"><span class='ocrx_word' id='word_1_4' title='bbox 875 461 996 526; x_wconf 78' lang='lat'><strong>374</strong></span> 
     </span>
    </p>
   </div>
   <div class='ocr_carea' id='block_1_4' title="bbox 1557 481 3303 530">
    <p class='ocr_par' dir='ltr' id='par_1_4' title="bbox 1557 481 3303 530">
     <span class='ocr_line' id='line_1_4' title="bbox 1557 481 3303 530; baseline 0.001 -2"><span class='ocrx_word' id='word_1_5' title='bbox 1557 481 1974 529; x_wconf 75' lang='lat' dir='ltr'><strong>COLLATIomm</strong></span> <span class='ocrx_word' id='word_1_6' title='bbox 2017 483 2100 528; x_wconf 88' lang='lat' dir='ltr'><strong>SS.</strong></span> <span class='ocrx_word' id='word_1_7' title='bbox 2137 482 2382 528; x_wconf 67' lang='lat' dir='ltr'><strong>mmm!</strong></span> <span class='ocrx_word' id='word_1_8' title='bbox 2422 482 2596 528; x_wconf 80' lang='lat' dir='ltr'><strong>LIBER</strong></span> <span class='ocrx_word' id='word_1_9' title='bbox 2638 483 2702 528; x_wconf 88' lang='lat'><strong>11.</strong></span> <span class='ocrx_word' id='word_1_10' title='bbox 2748 501 2829 511; x_wconf 92' lang='lat'><strong>-·</strong></span> <span class='ocrx_word' id='word_1_11' title='bbox 2868 481 3155 530; x_wconf 76' lang='lat' dir='ltr'><strong>coLLA‘rlo</strong></span> <span class='ocrx_word' id='word_1_12' title='bbox 3194 484 3303 530; x_wconf 82' lang='lat' dir='ltr'><strong>xxt</strong></span> 
     </span>
    </p>
   </div>
   <div class='ocr_carea' id='block_1_5' title="bbox 877 651 4005 738">
    <p class='ocr_par' dir='ltr' id='par_1_5' title="bbox 877 651 4005 738">
     <span class='ocr_line' id='line_1_5' title="bbox 877 651 4005 738; baseline 0.001 -25"><span class='ocrx_word' id='word_1_13' title='bbox 877 651 1075 714; x_wconf 80' lang='lat' dir='ltr'><strong>cimas</strong></span> <span class='ocrx_word' id='word_1_14' title='bbox 1119 671 1287 725; x_wconf 78' lang='lat' dir='ltr'><strong>suaS,</strong></span> <span class='ocrx_word' id='word_1_15' title='bbox 1328 659 1518 735; x_wconf 90' lang='lat' dir='ltr'><strong>atque</strong></span> <span class='ocrx_word' id='word_1_16' title='bbox 1561 671 1678 735; x_wconf 89' lang='lat' dir='ltr'><strong>per</strong></span> <span class='ocrx_word' id='word_1_17' title='bbox 1715 653 1836 715; x_wconf 92' lang='lat' dir='ltr'><strong>hoc</strong></span> <span class='ocrx_word' id='word_1_18' title='bbox 1881 652 2217 735; x_wconf 65' lang='lat' dir='ltr'><strong>praeceptis</strong></span> <span class='ocrx_word' id='word_1_19' title='bbox 2262 653 2370 714; x_wconf 89' lang='lat' dir='ltr'><strong>Dei</strong></span> <span class='ocrx_word' id='word_1_20' title='bbox 2406 651 2456 714; x_wconf 84' lang='lat' dir='ltr'>A</span> <span class='ocrx_word' id='word_1_21' title='bbox 2488 655 2712 730; x_wconf 88' lang='lat' dir='ltr'><strong>cultas,</strong></span> <span class='ocrx_word' id='word_1_22' title='bbox 2747 655 2837 718; x_wconf 92' lang='lat' dir='ltr'><strong>ibi</strong></span> <span class='ocrx_word' id='word_1_23' title='bbox 2876 663 2939 718; x_wconf 90' lang='lat' dir='ltr'><strong>et</strong></span> <span class='ocrx_word' id='word_1_24' title='bbox 2977 655 3398 738; x_wconf 74' lang='lat' dir='ltr'><strong>negligentia3</strong></span> <span class='ocrx_word' id='word_1_25' title='bbox 3431 655 3540 717; x_wconf 92' lang='lat' dir='ltr'><strong>ubi</strong></span> <span class='ocrx_word' id='word_1_26' title='bbox 3572 653 4005 738; x_wconf 78' lang='lat' dir='ltr'><strong>negligentia,</strong></span> 
     </span>
    </p>
   </div>
   <div class='ocr_carea' id='block_1_6' title="bbox 875 750 2377 1227">
    <p class='ocr_par' dir='ltr' id='par_1_6' title="bbox 875 750 2377 1227">
     <span class='ocr_line' id='line_1_6' title="bbox 875 750 2375 832; baseline 0 -20"><span class='ocrx_word' id='word_1_27' title='bbox 875 750 1199 813; x_wconf 87' lang='lat' dir='ltr'><strong>veteribus</strong></span> <span class='ocrx_word' id='word_1_28' title='bbox 1225 752 1626 826; x_wconf 83' lang='lat' dir='ltr'><strong>famulantur,</strong></span> <span class='ocrx_word' id='word_1_29' title='bbox 1642 753 1916 813; x_wconf 81' lang='lat' dir='ltr'><strong>necdum</strong></span> <span class='ocrx_word' id='word_1_30' title='bbox 1937 751 2375 832; x_wconf 90' lang='lat' dir='ltr'><strong>evangelicum</strong></span> 
     </span>
     <span class='ocr_line' id='line_1_7' title="bbox 878 848 2375 936; baseline 0.001 -27"><span class='ocrx_word' id='word_1_31' title='bbox 878 848 1134 911; x_wconf 88' lang='lat' dir='ltr'><strong>culmen</strong></span> <span class='ocrx_word' id='word_1_32' title='bbox 1167 851 1540 922; x_wconf 88' lang='lat' dir='ltr'><strong>ascendunt,</strong></span> <span class='ocrx_word' id='word_1_33' title='bbox 1573 857 1884 936; x_wconf 77' lang='lat' dir='ltr'><strong>quantum</strong></span> <span class='ocrx_word' id='word_1_34' title='bbox 1917 849 2152 911; x_wconf 87' lang='lat' dir='ltr'><strong>distent</strong></span> <span class='ocrx_word' id='word_1_35' title='bbox 2190 849 2270 911; x_wconf 94' lang='lat' dir='ltr'><strong>ab</strong></span> <span class='ocrx_word' id='word_1_36' title='bbox 2305 849 2375 910; x_wconf 90' lang='lat' dir='ltr'><strong>il-</strong></span> 
     </span>
     <span class='ocr_line' id='line_1_8' title="bbox 881 947 2376 1029; baseline 0.001 -22"><span class='ocrx_word' id='word_1_37' title='bbox 881 947 939 1008; x_wconf 94' lang='lat' dir='ltr'><strong>lo</strong></span> <span class='ocrx_word' id='word_1_38' title='bbox 982 947 1092 1029; x_wconf 91' lang='lat' dir='ltr'><strong>qui</strong></span> <span class='ocrx_word' id='word_1_39' title='bbox 1137 965 1264 1010; x_wconf 92' lang='lat' dir='ltr'><strong>non</strong></span> <span class='ocrx_word' id='word_1_40' title='bbox 1307 948 1590 1011; x_wconf 88' lang='lat' dir='ltr'><strong>offerunt</strong></span> <span class='ocrx_word' id='word_1_41' title='bbox 1632 948 1910 1010; x_wconf 90' lang='lat' dir='ltr'><strong>decimas</strong></span> <span class='ocrx_word' id='word_1_42' title='bbox 1957 967 2126 1022; x_wconf 89' lang='lat' dir='ltr'><strong>suas,</strong></span> <span class='ocrx_word' id='word_1_43' title='bbox 2173 948 2376 1010; x_wconf 91' lang='lat' dir='ltr'><strong>mani-</strong></span> 
     </span>
     <span class='ocr_line' id='line_1_9' title="bbox 876 1044 2375 1128; baseline 0.001 -22"><span class='ocrx_word' id='word_1_44' title='bbox 876 1044 1036 1107; x_wconf 91' lang='lat' dir='ltr'><strong>feste</strong></span> <span class='ocrx_word' id='word_1_45' title='bbox 1067 1047 1456 1128; x_wconf 89' lang='lat' dir='ltr'><strong>conspicitis.</strong></span> <span class='ocrx_word' id='word_1_46' title='bbox 1482 1046 1760 1121; x_wconf 88' lang='lat' dir='ltr'><strong>Qualiter</strong></span> <span class='ocrx_word' id='word_1_47' title='bbox 1788 1047 1961 1108; x_wconf 91' lang='lat' dir='ltr'><strong>enim</strong></span> <span class='ocrx_word' id='word_1_48' title='bbox 1994 1046 2205 1108; x_wconf 88' lang='lat' dir='ltr'><strong>valent</strong></span> <span class='ocrx_word' id='word_1_49' title='bbox 2237 1063 2375 1107; x_wconf 87' lang='lat' dir='ltr'><strong>esse</strong></span> 
     </span>
     <span class='ocr_line' id='line_1_10' title="bbox 876 1144 2377 1227; baseline 0.001 -22"><span class='ocrx_word' id='word_1_50' title='bbox 876 1144 1219 1226; x_wconf 83' lang='lat' dir='ltr'><strong>participes</strong></span> <span class='ocrx_word' id='word_1_51' title='bbox 1256 1145 1637 1227; x_wconf 82' lang='lat' dir='ltr'><strong>evangelicae</strong></span> <span class='ocrx_word' id='word_1_52' title='bbox 1674 1146 1912 1226; x_wconf 81' lang='lat' dir='ltr'><strong>gratiae,</strong></span> <span class='ocrx_word' id='word_1_53' title='bbox 1944 1145 2055 1227; x_wconf 89' lang='lat' dir='ltr'><strong>qui</strong></span> <span class='ocrx_word' id='word_1_54' title='bbox 2097 1152 2377 1207; x_wconf 89' lang='lat' dir='ltr'><strong>coutem-</strong></span> 
     </span>
    </p>
   </div>
   <div class='ocr_carea' id='block_1_7' title="bbox 876 1243 2379 1325">
    <p class='ocr_par' dir='ltr' id='par_1_7' title="bbox 876 1243 2379 1325">
     <span class='ocr_line' id='line_1_11' title="bbox 876 1243 2379 1325; baseline 0 -22"><span class='ocrx_word' id='word_1_55' title='bbox 876 1250 1038 1304; x_wconf 88' lang='lat' dir='ltr'><strong>nunt</strong></span> <span class='ocrx_word' id='word_1_56' title='bbox 1075 1243 1343 1325; x_wconf 89' lang='lat' dir='ltr'><strong>implere</strong></span> <span class='ocrx_word' id='word_1_57' title='bbox 1383 1244 1619 1307; x_wconf 92' lang='lat' dir='ltr'><strong>leviora</strong></span> <span class='ocrx_word' id='word_1_58' title='bbox 1660 1244 1816 1325; x_wconf 89' lang='lat' dir='ltr'><strong>legis</strong></span> <span class='ocrx_word' id='word_1_59' title='bbox 1856 1250 2192 1325; x_wconf 82' lang='lat' dir='ltr'><strong>praecepta,</strong></span> <span class='ocrx_word' id='word_1_60' title='bbox 2226 1259 2379 1325; x_wconf 93' lang='lat' dir='ltr'><strong>quo-</strong></span> 
     </span>
    </p>
   </div>
   <div class='ocr_carea' id='block_1_8' title="bbox 877 1339 2377 1619">
    <p class='ocr_par' dir='ltr' id='par_1_8' title="bbox 877 1339 2377 1619">
     <span class='ocr_line' id='line_1_12' title="bbox 877 1339 2375 1425; baseline 0.001 -24"><span class='ocrx_word' id='word_1_61' title='bbox 877 1359 1020 1402; x_wconf 89' lang='lat' dir='ltr'><strong>rum</strong></span> <span class='ocrx_word' id='word_1_62' title='bbox 1051 1339 1421 1404; x_wconf 80' lang='lat' dir='ltr'><strong>facilitatem</strong></span> <span class='ocrx_word' id='word_1_63' title='bbox 1453 1343 1799 1425; x_wconf 89' lang='lat' dir='ltr'><strong>imperiosa</strong></span> <span class='ocrx_word' id='word_1_64' title='bbox 1832 1342 2027 1405; x_wconf 90' lang='lat' dir='ltr'><strong>verba</strong></span> <span class='ocrx_word' id='word_1_65' title='bbox 2061 1341 2375 1422; x_wconf 89' lang='lat' dir='ltr'><strong>legislato-</strong></span> 
     </span>
     <span class='ocr_line' id='line_1_13' title="bbox 879 1439 2377 1515; baseline 0 -15"><span class='ocrx_word' id='word_1_66' title='bbox 879 1439 967 1500; x_wconf 85' lang='lat' dir='ltr'><strong>ris</strong></span> <span class='ocrx_word' id='word_1_67' title='bbox 999 1439 1065 1501; x_wconf 91' lang='lat' dir='ltr'><strong>in</strong></span> <span class='ocrx_word' id='word_1_68' title='bbox 1096 1447 1342 1502; x_wconf 89' lang='lat' dir='ltr'><strong>tantum</strong></span> <span class='ocrx_word' id='word_1_69' title='bbox 1383 1448 1717 1515; x_wconf 81' lang='lat' dir='ltr'><strong>testantur,</strong></span> <span class='ocrx_word' id='word_1_70' title='bbox 1751 1449 1822 1502; x_wconf 91' lang='lat' dir='ltr'><strong>ut</strong></span> <span class='ocrx_word' id='word_1_71' title='bbox 1863 1439 2377 1503; x_wconf 76' lang='lat' dir='ltr'><strong>maledictionem</strong></span> 
     </span>
     <span class='ocr_line' id='line_1_14' title="bbox 878 1537 2371 1619; baseline 0.002 -21"><span class='ocrx_word' id='word_1_72' title='bbox 878 1547 1190 1619; x_wconf 82' lang='lat' dir='ltr'><strong>proponat</strong></span> <span class='ocrx_word' id='word_1_73' title='bbox 1229 1557 1356 1602; x_wconf 92' lang='lat' dir='ltr'><strong>non</strong></span> <span class='ocrx_word' id='word_1_74' title='bbox 1397 1539 1886 1602; x_wconf 88' lang='lat' dir='ltr'><strong>observantibus</strong></span> <span class='ocrx_word' id='word_1_75' title='bbox 1922 1557 2017 1612; x_wconf 89' lang='lat' dir='ltr'><strong>ea,</strong></span> <span class='ocrx_word' id='word_1_76' title='bbox 2052 1537 2323 1600; x_wconf 90' lang='lat' dir='ltr'><strong>dicendo</strong></span> <span class='ocrx_word' id='word_1_77' title='bbox 2358 1557 2371 1601; x_wconf 91' lang='lat'>:</span> 
     </span>
    </p>
   </div>
   <div class='ocr_carea' id='block_1_9' title="bbox 877 1627 2393 1719">
    <p class='ocr_par' dir='ltr' id='par_1_9' title="bbox 877 1627 2393 1719">
     <span class='ocr_line' id='line_1_15' title="bbox 877 1627 2393 1719; baseline -0.001 -21"><span class='ocrx_word' id='word_1_78' title='bbox 877 1637 1244 1699; x_wconf 84' lang='lat' dir='ltr'><strong>Maledictus</strong></span> <span class='ocrx_word' id='word_1_79' title='bbox 1287 1638 1492 1700; x_wconf 92' lang='lat' dir='ltr'><strong>omnis</strong></span> <span class='ocrx_word' id='word_1_80' title='bbox 1534 1638 1644 1719; x_wconf 93' lang='lat' dir='ltr'><strong>qui</strong></span> <span class='ocrx_word' id='word_1_81' title='bbox 1685 1655 1814 1699; x_wconf 89' lang='lat' dir='ltr'><strong>non</strong></span> <span class='ocrx_word' id='word_1_82' title='bbox 1857 1635 2278 1719; x_wconf 83' lang='lat' dir='ltr'><strong>permanserit</strong></span> <span class='ocrx_word' id='word_1_83' title='bbox 2308 1627 2393 1697; x_wconf 70' lang='lat' dir='ltr'><strong>in&#39;</strong></span> 
     </span>
    </p>
   </div>
   <div class='ocr_carea' id='block_1_10' title="bbox 874 4202 2451 4287">
    <p class='ocr_par' dir='ltr' id='par_1_10' title="bbox 874 4202 2451 4287">
     <span class='ocr_line' id='line_1_16' title="bbox 874 4202 2451 4287; baseline -0.001 -22"><span class='ocrx_word' id='word_1_84' title='bbox 874 4204 1294 4287; x_wconf 89' lang='lat' dir='ltr'><strong>plenitudinis</strong></span> <span class='ocrx_word' id='word_1_85' title='bbox 1326 4203 1578 4276; x_wconf 89' lang='lat' dir='ltr'><strong>Christi,</strong></span> <span class='ocrx_word' id='word_1_86' title='bbox 1604 4204 1897 4284; x_wconf 87' lang='lat' dir='ltr'><strong>quamvis</strong></span> <span class='ocrx_word' id='word_1_87' title='bbox 1925 4203 2259 4266; x_wconf 88' lang='lat' dir='ltr'><strong>videantur</strong></span> <span class='ocrx_word' id='word_1_88' title='bbox 2290 4202 2371 4264; x_wconf 89' lang='lat' dir='ltr'><strong>la-</strong></span> <span class='ocrx_word' id='word_1_89' title='bbox 2402 4210 2451 4271; x_wconf 94' lang='lat' dir='ltr'>D</span> 
     </span>
    </p>
   </div>
   <div class='ocr_carea' id='block_1_11' title="bbox 871 4303 2371 5370">
    <p class='ocr_par' dir='ltr' id='par_1_11' title="bbox 872 4303 2371 4781">
     <span class='ocr_line' id='line_1_17' title="bbox 875 4303 2369 4384; baseline -0.001 -19"><span class='ocrx_word' id='word_1_90' title='bbox 875 4312 1005 4366; x_wconf 86' lang='lat' dir='ltr'><strong>tere</strong></span> <span class='ocrx_word' id='word_1_91' title='bbox 1047 4304 1293 4384; x_wconf 84' lang='lat' dir='ltr'><strong>fulgore</strong></span> <span class='ocrx_word' id='word_1_92' title='bbox 1345 4303 1660 4383; x_wconf 74' lang='lat' dir='ltr'><strong>maJ&#39;orum</strong></span> <span class='ocrx_word' id='word_1_93' title='bbox 1703 4303 1880 4365; x_wconf 87' lang='lat' dir='ltr'><strong>velut</strong></span> <span class='ocrx_word' id='word_1_94' title='bbox 1923 4309 2239 4365; x_wconf 81' lang='lat' dir='ltr'><strong>astrorum</strong></span> <span class='ocrx_word' id='word_1_95' title='bbox 2281 4309 2369 4364; x_wconf 87' lang='lat' dir='ltr'><strong>te-</strong></span> 
     </span>
     <span class='ocr_line' id='line_1_18' title="bbox 875 4400 2370 4476; baseline -0.002 -11"><span class='ocrx_word' id='word_1_96' title='bbox 875 4403 982 4476; x_wconf 90' lang='lat' dir='ltr'><strong>cti,</strong></span> <span class='ocrx_word' id='word_1_97' title='bbox 1016 4411 1226 4465; x_wconf 88' lang='lat' dir='ltr'><strong>tamen</strong></span> <span class='ocrx_word' id='word_1_98' title='bbox 1259 4402 1386 4464; x_wconf 90' lang='lat' dir='ltr'><strong>sint</strong></span> <span class='ocrx_word' id='word_1_99' title='bbox 1411 4401 1603 4464; x_wconf 90' lang='lat' dir='ltr'><strong>alieni</strong></span> <span class='ocrx_word' id='word_1_100' title='bbox 1634 4420 1670 4463; x_wconf 93' lang='lat' dir='ltr'><strong>a</strong></span> <span class='ocrx_word' id='word_1_101' title='bbox 1701 4400 1980 4463; x_wconf 91' lang='lat' dir='ltr'><strong>tenebris</strong></span> <span class='ocrx_word' id='word_1_102' title='bbox 2024 4400 2370 4463; x_wconf 89' lang='lat' dir='ltr'><strong>maledicti-</strong></span> 
     </span>
     <span class='ocr_line' id='line_1_19' title="bbox 873 4499 2368 4582; baseline -0.001 -18"><span class='ocrx_word' id='word_1_103' title='bbox 873 4519 1072 4564; x_wconf 91' lang='lat' dir='ltr'><strong>onum</strong></span> <span class='ocrx_word' id='word_1_104' title='bbox 1121 4501 1443 4582; x_wconf 87' lang='lat' dir='ltr'><strong>legalium,</strong></span> <span class='ocrx_word' id='word_1_105' title='bbox 1491 4519 1609 4562; x_wconf 90' lang='lat' dir='ltr'><strong>nec</strong></span> <span class='ocrx_word' id='word_1_106' title='bbox 1656 4500 2032 4563; x_wconf 89' lang='lat' dir='ltr'><strong>addicantur</strong></span> <span class='ocrx_word' id='word_1_107' title='bbox 2078 4499 2368 4562; x_wconf 87' lang='lat' dir='ltr'><strong>cladibus</strong></span> 
     </span>
     <span class='ocr_line' id='line_1_20' title="bbox 874 4599 2371 4681; baseline -0.001 -20"><span class='ocrx_word' id='word_1_108' title='bbox 874 4601 1188 4662; x_wconf 89' lang='lat' dir='ltr'><strong>malorum</strong></span> <span class='ocrx_word' id='word_1_109' title='bbox 1219 4599 1645 4681; x_wconf 82' lang='lat' dir='ltr'><strong>praesentium,</strong></span> <span class='ocrx_word' id='word_1_110' title='bbox 1661 4618 1867 4681; x_wconf 91' lang='lat' dir='ltr'><strong>neque</strong></span> <span class='ocrx_word' id='word_1_111' title='bbox 1897 4599 2218 4681; x_wconf 88' lang='lat' dir='ltr'><strong>supplicio</strong></span> <span class='ocrx_word' id='word_1_112' title='bbox 2249 4607 2371 4662; x_wconf 91' lang='lat' dir='ltr'><strong>tor-</strong></span> 
     </span>
     <span class='ocr_line' id='line_1_21' title="bbox 872 4706 1480 4781; baseline -0.003 -21"><span class='ocrx_word' id='word_1_113' title='bbox 872 4708 1188 4781; x_wconf 86' lang='lat' dir='ltr'><strong>queantur</strong></span> <span class='ocrx_word' id='word_1_114' title='bbox 1227 4706 1480 4762; x_wconf 84' lang='lat' dir='ltr'><strong>aeterno.</strong></span> 
     </span>
    </p>

    <p class='ocr_par' dir='ltr' id='par_1_12' title="bbox 871 4796 2368 5370">
     <span class='ocr_line' id='line_1_22' title="bbox 953 4796 2367 4880; baseline 0 -20"><span class='ocrx_word' id='word_1_115' title='bbox 953 4797 1238 4860; x_wconf 90' lang='lat' dir='ltr'><strong>Christus</strong></span> <span class='ocrx_word' id='word_1_116' title='bbox 1283 4797 1494 4879; x_wconf 90' lang='lat' dir='ltr'><strong>itaque</strong></span> <span class='ocrx_word' id='word_1_117' title='bbox 1538 4796 1787 4859; x_wconf 91' lang='lat' dir='ltr'><strong>nullum</strong></span> <span class='ocrx_word' id='word_1_118' title='bbox 1831 4797 2166 4880; x_wconf 82' lang='lat' dir='ltr'><strong>adstringit</strong></span> <span class='ocrx_word' id='word_1_119' title='bbox 2211 4817 2367 4880; x_wconf 79' lang='lat' dir='ltr'><strong>prae-</strong></span> 
     </span>
     <span class='ocr_line' id='line_1_23' title="bbox 872 4894 2362 4978; baseline -0.001 -19"><span class='ocrx_word' id='word_1_120' title='bbox 872 4904 1059 4978; x_wconf 86' lang='lat' dir='ltr'><strong>cepto</strong></span> <span class='ocrx_word' id='word_1_121' title='bbox 1090 4897 1170 4959; x_wconf 88' lang='lat' dir='ltr'><strong>ad</strong></span> <span class='ocrx_word' id='word_1_122' title='bbox 1203 4896 1453 4958; x_wconf 87' lang='lat' dir='ltr'><strong>excelsa</strong></span> <span class='ocrx_word' id='word_1_123' title='bbox 1484 4894 1592 4957; x_wconf 90' lang='lat' dir='ltr'><strong>illa</strong></span> <span class='ocrx_word' id='word_1_124' title='bbox 1631 4895 2046 4977; x_wconf 80' lang='lat' dir='ltr'><strong>perfectionis</strong></span> <span class='ocrx_word' id='word_1_125' title='bbox 2087 4895 2362 4978; x_wconf 82' lang='lat' dir='ltr'><strong>fastigia,</strong></span> 
     </span>
     <span class='ocr_line' id='line_1_24' title="bbox 873 4994 2367 5077; baseline -0.001 -19"><span class='ocrx_word' id='word_1_126' title='bbox 873 4997 983 5058; x_wconf 90' lang='lat' dir='ltr'><strong>sed</strong></span> <span class='ocrx_word' id='word_1_127' title='bbox 1035 5003 1337 5077; x_wconf 90' lang='lat' dir='ltr'><strong>provocat</strong></span> <span class='ocrx_word' id='word_1_128' title='bbox 1387 4994 1572 5056; x_wconf 87' lang='lat' dir='ltr'><strong>liberi</strong></span> <span class='ocrx_word' id='word_1_129' title='bbox 1622 4994 1868 5056; x_wconf 91' lang='lat' dir='ltr'><strong>arbitrii</strong></span> <span class='ocrx_word' id='word_1_130' title='bbox 1920 5002 2252 5076; x_wconf 84' lang='lat' dir='ltr'><strong>potestate,</strong></span> <span class='ocrx_word' id='word_1_131' title='bbox 2304 5002 2367 5056; x_wconf 90' lang='lat' dir='ltr'><strong>et</strong></span> 
     </span>
     <span class='ocr_line' id='line_1_25' title="bbox 871 5093 2361 5175; baseline -0.002 -17"><span class='ocrx_word' id='word_1_132' title='bbox 871 5095 1113 5158; x_wconf 88' lang='lat' dir='ltr'><strong>salubri</strong></span> <span class='ocrx_word' id='word_1_133' title='bbox 1154 5093 1421 5158; x_wconf 90' lang='lat' dir='ltr'><strong>consilio</strong></span> <span class='ocrx_word' id='word_1_134' title='bbox 1461 5112 1534 5155; x_wconf 90' lang='lat' dir='ltr'><strong>ac</strong></span> <span class='ocrx_word' id='word_1_135' title='bbox 1578 5093 1892 5156; x_wconf 90' lang='lat' dir='ltr'><strong>desiderio</strong></span> <span class='ocrx_word' id='word_1_136' title='bbox 1932 5094 2361 5175; x_wconf 77' lang='lat' dir='ltr'><strong>perfectIOnis.</strong></span> 
     </span>
     <span class='ocr_line' id='line_1_26' title="bbox 871 5192 2368 5275; baseline -0.002 -18"><span class='ocrx_word' id='word_1_137' title='bbox 871 5195 990 5258; x_wconf 88' lang='lat' dir='ltr'><strong>Ubi</strong></span> <span class='ocrx_word' id='word_1_138' title='bbox 1040 5195 1213 5257; x_wconf 90' lang='lat' dir='ltr'><strong>enim</strong></span> <span class='ocrx_word' id='word_1_139' title='bbox 1263 5200 1677 5275; x_wconf 85' lang='lat' dir='ltr'><strong>praeceptum,</strong></span> <span class='ocrx_word' id='word_1_140' title='bbox 1731 5192 1820 5254; x_wconf 93' lang='lat' dir='ltr'><strong>ibi</strong></span> <span class='ocrx_word' id='word_1_141' title='bbox 1870 5192 2255 5271; x_wconf 85' lang='lat' dir='ltr'><strong>necessitas3</strong></span> <span class='ocrx_word' id='word_1_142' title='bbox 2305 5201 2368 5254; x_wconf 90' lang='lat' dir='ltr'><strong>et</strong></span> 
     </span>
     <span class='ocr_line' id='line_1_27' title="bbox 873 5290 2366 5370; baseline -0.001 -14"><span class='ocrx_word' id='word_1_143' title='bbox 873 5293 986 5356; x_wconf 89' lang='lat' dir='ltr'><strong>uhi</strong></span> <span class='ocrx_word' id='word_1_144' title='bbox 1036 5292 1400 5368; x_wconf 81' lang='lat' dir='ltr'><strong>uecessitaS,</strong></span> <span class='ocrx_word' id='word_1_145' title='bbox 1453 5291 1542 5353; x_wconf 90' lang='lat' dir='ltr'><strong>ibi</strong></span> <span class='ocrx_word' id='word_1_146' title='bbox 1594 5290 1984 5370; x_wconf 83' lang='lat' dir='ltr'><strong>difficultas;</strong></span> <span class='ocrx_word' id='word_1_147' title='bbox 2033 5290 2141 5353; x_wconf 91' lang='lat' dir='ltr'><strong>ubi</strong></span> <span class='ocrx_word' id='word_1_148' title='bbox 2194 5291 2366 5354; x_wconf 83' lang='lat' dir='ltr'><strong>diffi-</strong></span> 
     </span>
    </p>
   </div>
   <div class='ocr_carea' id='block_1_12' title="bbox 2488 751 4012 1231">
    <p class='ocr_par' dir='ltr' id='par_1_13' title="bbox 2488 751 4012 1231">
     <span class='ocr_line' id='line_1_28' title="bbox 2490 751 4012 836; baseline 0 -23"><span class='ocrx_word' id='word_1_149' title='bbox 2490 751 2578 814; x_wconf 92' lang='lat' dir='ltr'><strong>ibi</strong></span> <span class='ocrx_word' id='word_1_150' title='bbox 2625 761 2685 815; x_wconf 89' lang='lat' dir='ltr'><strong>et</strong></span> <span class='ocrx_word' id='word_1_151' title='bbox 2730 762 3105 836; x_wconf 78' lang='lat' dir='ltr'><strong>peccatum;</strong></span> <span class='ocrx_word' id='word_1_152' title='bbox 3151 753 3257 816; x_wconf 89' lang='lat' dir='ltr'><strong>ubi</strong></span> <span class='ocrx_word' id='word_1_153' title='bbox 3306 762 3661 836; x_wconf 85' lang='lat' dir='ltr'><strong>peccatum,</strong></span> <span class='ocrx_word' id='word_1_154' title='bbox 3704 754 3793 815; x_wconf 91' lang='lat' dir='ltr'><strong>ibi</strong></span> <span class='ocrx_word' id='word_1_155' title='bbox 3836 770 4012 814; x_wconf 86' lang='lat' dir='ltr'><strong>con-</strong></span> 
     </span>
     <span class='ocr_line' id='line_1_29' title="bbox 2489 854 4011 935; baseline -0.001 -22"><span class='ocrx_word' id='word_1_156' title='bbox 2489 860 2827 934; x_wconf 87' lang='lat' dir='ltr'><strong>sequenter</strong></span> <span class='ocrx_word' id='word_1_157' title='bbox 2867 861 2929 914; x_wconf 90' lang='lat' dir='ltr'><strong>et</strong></span> <span class='ocrx_word' id='word_1_158' title='bbox 2969 872 3176 935; x_wconf 89' lang='lat' dir='ltr'><strong>poena.</strong></span> <span class='ocrx_word' id='word_1_159' title='bbox 3212 855 3403 916; x_wconf 91' lang='lat' dir='ltr'><strong>Porro</strong></span> <span class='ocrx_word' id='word_1_160' title='bbox 3441 854 3872 916; x_wconf 89' lang='lat' dir='ltr'><strong>custodientes</strong></span> <span class='ocrx_word' id='word_1_161' title='bbox 3920 871 4011 913; x_wconf 84' lang='lat' dir='ltr'><strong>ea</strong></span> 
     </span>
     <span class='ocr_line' id='line_1_30' title="bbox 2488 949 4009 1034; baseline 0.001 -24"><span class='ocrx_word' id='word_1_162' title='bbox 2488 968 2630 1031; x_wconf 82' lang='lat' dir='ltr'><strong>quae</strong></span> <span class='ocrx_word' id='word_1_163' title='bbox 2655 949 2964 1030; x_wconf 84' lang='lat' dir='ltr'><strong>jubentur</strong></span> <span class='ocrx_word' id='word_1_164' title='bbox 2993 951 3327 1014; x_wconf 82' lang='lat' dir='ltr'><strong>severitate</strong></span> <span class='ocrx_word' id='word_1_165' title='bbox 3359 950 3513 1034; x_wconf 90' lang='lat' dir='ltr'><strong>legis</strong></span> <span class='ocrx_word' id='word_1_166' title='bbox 3542 949 3839 1034; x_wconf 80' lang='lat' dir='ltr'><strong>praefixae,</strong></span> <span class='ocrx_word' id='word_1_167' title='bbox 3882 969 4009 1032; x_wconf 85' lang='lat' dir='ltr'><strong>po-</strong></span> 
     </span>
     <span class='ocr_line' id='line_1_31' title="bbox 2491 1048 4007 1131; baseline 0.002 -24"><span class='ocrx_word' id='word_1_168' title='bbox 2491 1048 2615 1110; x_wconf 89' lang='lat' dir='ltr'><strong>tius</strong></span> <span class='ocrx_word' id='word_1_169' title='bbox 2664 1067 2917 1130; x_wconf 88' lang='lat' dir='ltr'><strong>poenam</strong></span> <span class='ocrx_word' id='word_1_170' title='bbox 2967 1049 3290 1130; x_wconf 88' lang='lat' dir='ltr'><strong>effugiunt</strong></span> <span class='ocrx_word' id='word_1_171' title='bbox 3340 1069 3484 1131; x_wconf 83' lang='lat' dir='ltr'><strong>quae</strong></span> <span class='ocrx_word' id='word_1_172' title='bbox 3536 1050 3910 1112; x_wconf 86' lang='lat' dir='ltr'><strong>minabatur</strong></span> <span class='ocrx_word' id='word_1_173' title='bbox 3962 1068 4007 1110; x_wconf 86' lang='lat' dir='ltr'><strong>a</strong></span> 
     </span>
     <span class='ocr_line' id='line_1_32' title="bbox 2488 1147 3881 1231; baseline 0.002 -24"><span class='ocrx_word' id='word_1_174' title='bbox 2488 1147 2625 1228; x_wconf 88' lang='lat' dir='ltr'><strong>lege</strong></span> <span class='ocrx_word' id='word_1_175' title='bbox 2670 1147 2799 1223; x_wconf 93' lang='lat' dir='ltr'><strong>illa,</strong></span> <span class='ocrx_word' id='word_1_176' title='bbox 2847 1168 3039 1230; x_wconf 91' lang='lat' dir='ltr'><strong>quam</strong></span> <span class='ocrx_word' id='word_1_177' title='bbox 3085 1149 3346 1230; x_wconf 83' lang='lat' dir='ltr'><strong>praemia</strong></span> <span class='ocrx_word' id='word_1_178' title='bbox 3389 1156 3881 1231; x_wconf 85' lang='lat' dir='ltr'><strong>consequantur.</strong></span> 
     </span>
    </p>
   </div>
   <div class='ocr_carea' id='block_1_13' title="bbox 2898 1411 3577 1476">
    <p class='ocr_par' dir='ltr' id='par_1_14' title="bbox 2898 1411 3577 1476">
     <span class='ocr_line' id='line_1_33' title="bbox 2898 1411 3577 1476; baseline -0.003 0"><span class='ocrx_word' id='word_1_179' title='bbox 2898 1412 3402 1476; x_wconf 88' lang='lat' dir='ltr'>CAPITULUM</span> <span class='ocrx_word' id='word_1_180' title='bbox 3460 1411 3577 1474; x_wconf 88' lang='lat' dir='ltr'><strong>VI.</strong></span> 
     </span>
    </p>
   </div>
   <div class='ocr_carea' id='block_1_14' title="bbox 2489 1559 3999 1722">
    <p class='ocr_par' dir='ltr' id='par_1_15' title="bbox 2489 1559 3999 1722">
     <span class='ocr_line' id='line_1_34' title="bbox 2489 1559 3999 1632; baseline 0 -16"><span class='ocrx_word' id='word_1_181' title='bbox 2489 1561 2661 1629; x_wconf 80' lang='lat' dir='ltr'><strong>Quod</strong></span> <span class='ocrx_word' id='word_1_182' title='bbox 2688 1560 2845 1616; x_wconf 75' lang='lat' dir='ltr'><strong>sieut</strong></span> <span class='ocrx_word' id='word_1_183' title='bbox 2872 1561 3201 1632; x_wconf 63' lang='lat' dir='ltr'><strong>Evangelii</strong></span> <span class='ocrx_word' id='word_1_184' title='bbox 3226 1563 3439 1631; x_wconf 74' lang='lat' dir='ltr'><strong>qratia</strong></span> <span class='ocrx_word' id='word_1_185' title='bbox 3467 1560 3757 1616; x_wconf 79' lang='lat' dir='ltr'><strong>tribuerit</strong></span> <span class='ocrx_word' id='word_1_186' title='bbox 3776 1559 3999 1632; x_wconf 79' lang='lat' dir='ltr'><strong>perse-</strong></span> 
     </span>
     <span class='ocr_line' id='line_1_35' title="bbox 2556 1650 3999 1722; baseline -0.002 -17"><span class='ocrx_word' id='word_1_187' title='bbox 2556 1651 2672 1705; x_wconf 76' lang='lat' dir='ltr'><strong>ctis</strong></span> <span class='ocrx_word' id='word_1_188' title='bbox 2703 1666 2890 1722; x_wconf 75' lang='lat' dir='ltr'><strong>reqna</strong></span> <span class='ocrx_word' id='word_1_189' title='bbox 2927 1650 3231 1712; x_wconf 75' lang='lat' dir='ltr'><strong>emtarum,</strong></span> <span class='ocrx_word' id='word_1_190' title='bbox 3262 1651 3353 1706; x_wconf 75' lang='lat' dir='ltr'><strong>sic</strong></span> <span class='ocrx_word' id='word_1_191' title='bbox 3388 1651 3657 1720; x_wconf 73' lang='lat' dir='ltr'><strong>qratiose</strong></span> <span class='ocrx_word' id='word_1_192' title='bbox 3692 1655 3999 1705; x_wconf 73' lang='lat' dir='ltr'><strong>sustentet</strong></span> 
     </span>
    </p>
   </div>
   <div class='ocr_carea' id='block_1_15' title="bbox 577 1724 3997 4188">
    <p class='ocr_par' dir='ltr' id='par_1_16' title="bbox 577 1724 3997 4188">
     <span class='ocr_line' id='line_1_36' title="bbox 579 1724 2857 1834; baseline -0 -39"><span class='ocrx_word' id='word_1_193' title='bbox 579 1724 821 1834; x_wconf 53' lang='lat' dir='ltr'><strong>ssflvnl&#39;ggf·</strong></span> <span class='ocrx_word' id='word_1_194' title='bbox 877 1733 1178 1796; x_wconf 89' lang='lat' dir='ltr'><strong>omnibus</strong></span> <span class='ocrx_word' id='word_1_195' title='bbox 1223 1754 1365 1816; x_wconf 79' lang='lat' dir='ltr'><strong>quae</strong></span> <span class='ocrx_word' id='word_1_196' title='bbox 1402 1735 1638 1817; x_wconf 88' lang='lat' dir='ltr'><strong>scripta</strong></span> <span class='ocrx_word' id='word_1_197' title='bbox 1686 1741 1836 1798; x_wconf 89' lang='lat' dir='ltr'><strong>sunt</strong></span> <span class='ocrx_word' id='word_1_198' title='bbox 1872 1734 1939 1797; x_wconf 91' lang='lat' dir='ltr'><strong>in</strong></span> <span class='ocrx_word' id='word_1_199' title='bbox 1978 1734 2143 1797; x_wconf 92' lang='lat' dir='ltr'><strong>libro</strong></span> <span class='ocrx_word' id='word_1_200' title='bbox 2193 1733 2369 1814; x_wconf 89' lang='lat' dir='ltr'><strong>legis,</strong></span> <span class='ocrx_word' id='word_1_201' title='bbox 2560 1740 2857 1810; x_wconf 75' lang='lat' dir='ltr'><strong>infirmos.</strong></span> 
     </span>
     <span class='ocr_line' id='line_1_37' title="bbox 876 1831 2458 1915; baseline -0.001 -22"><span class='ocrx_word' id='word_1_202' title='bbox 876 1839 945 1893; x_wconf 91' lang='lat' dir='ltr'><strong>ut</strong></span> <span class='ocrx_word' id='word_1_203' title='bbox 983 1832 1174 1896; x_wconf 88' lang='lat' dir='ltr'><strong>faciat</strong></span> <span class='ocrx_word' id='word_1_204' title='bbox 1211 1837 1323 1896; x_wconf 69' lang='lat' dir='ltr'><strong>ea?</strong></span> <span class='ocrx_word' id='word_1_205' title='bbox 1367 1835 1434 1896; x_wconf 91' lang='lat' dir='ltr'><strong>In</strong></span> <span class='ocrx_word' id='word_1_206' title='bbox 1475 1835 1817 1915; x_wconf 88' lang='lat' dir='ltr'><strong>Evangelio</strong></span> <span class='ocrx_word' id='word_1_207' title='bbox 1856 1840 2068 1896; x_wconf 84' lang='lat' dir='ltr'><strong>aut-em</strong></span> <span class='ocrx_word' id='word_1_208' title='bbox 2114 1840 2373 1914; x_wconf 89' lang='lat' dir='ltr'><strong>propter</strong></span> <span class='ocrx_word' id='word_1_209' title='bbox 2410 1831 2458 1892; x_wconf 92' lang='lat' dir='ltr'>B</span> 
     </span>
     <span class='ocr_line' id='line_1_38' title="bbox 578 1931 3995 2018; baseline 0.001 -27"><span class='ocrx_word' id='word_1_210' title='bbox 578 1948 844 2000; x_wconf 61' lang='lat' dir='ltr'><strong>uaccam,</strong></span> <span class='ocrx_word' id='word_1_211' title='bbox 876 1931 1321 1995; x_wconf 85' lang='lat' dir='ltr'><strong>excellentiam</strong></span> <span class='ocrx_word' id='word_1_212' title='bbox 1380 1933 1822 1995; x_wconf 88' lang='lat' dir='ltr'><strong>mandatorum</strong></span> <span class='ocrx_word' id='word_1_213' title='bbox 1881 1932 2116 1994; x_wconf 84' lang='lat' dir='ltr'><strong>dicitur</strong></span> <span class='ocrx_word' id='word_1_214' title='bbox 2178 1951 2192 1995; x_wconf 76' lang='grc' dir='ltr'>ε</span> <span class='ocrx_word' id='word_1_215' title='bbox 2255 1931 2371 2003; x_wconf 90' lang='lat' dir='ltr'><strong>Qui</strong></span> <span class='ocrx_word' id='word_1_216' title='bbox 2632 1937 3167 2000; x_wconf 82' lang='lat' dir='ltr'><strong>UEMADMODUM</strong></span> <span class='ocrx_word' id='word_1_217' title='bbox 3210 1954 3360 2018; x_wconf 74' lang='lat' dir='ltr'><strong>ergo</strong></span> <span class='ocrx_word' id='word_1_218' title='bbox 3400 1935 3805 2017; x_wconf 81' lang='lat' dir='ltr'><strong>evangelicus</strong></span> <span class='ocrx_word' id='word_1_219' title='bbox 3852 1953 3995 1997; x_wconf 86' lang='lat' dir='ltr'><strong>ser-</strong></span> 
     </span>
     <span class='ocr_line' id='line_1_39' title="bbox 583 1937 3997 2139; baseline -0.003 -49"><span class='ocrx_word' id='word_1_220' title='bbox 583 2015 648 2055; x_wconf 78' lang='lat'><strong>¹²·</strong></span> <span class='ocrx_word' id='word_1_221' title='bbox 876 2037 1083 2110; x_wconf 90' lang='lat' dir='ltr'><strong>potest</strong></span> <span class='ocrx_word' id='word_1_222' title='bbox 1129 2048 1378 2112; x_wconf 88' lang='lat' dir='ltr'><strong>capere,</strong></span> <span class='ocrx_word' id='word_1_223' title='bbox 1421 2031 1647 2112; x_wconf 86' lang='lat' dir='ltr'><strong>capiat.</strong></span> <span class='ocrx_word' id='word_1_224' title='bbox 1701 2030 1838 2092; x_wconf 86' lang='lat' dir='ltr'><strong>Illic</strong></span> <span class='ocrx_word' id='word_1_225' title='bbox 1889 2029 2371 2093; x_wconf 89' lang='lat' dir='ltr'><strong>comminatoria</strong></span> <span class='ocrx_word' id='word_1_226' title='bbox 2492 1937 2622 2139; x_wconf 75' lang='lat' dir='ltr'>Q</span> <span class='ocrx_word' id='word_1_227' title='bbox 2649 2055 2754 2100; x_wconf 92' lang='lat' dir='ltr'><strong>mo</strong></span> <span class='ocrx_word' id='word_1_228' title='bbox 2792 2036 2987 2099; x_wconf 74' lang='lat' dir='ltr'><strong>fortes</strong></span> <span class='ocrx_word' id='word_1_229' title='bbox 3030 2036 3305 2099; x_wconf 71' lang='lat' dir='ltr'><strong>sustollit</strong></span> <span class='ocrx_word' id='word_1_230' title='bbox 3342 2037 3419 2097; x_wconf 67' lang='lat' dir='ltr'><strong>ad</strong></span> <span class='ocrx_word' id='word_1_231' title='bbox 3460 2036 3587 2098; x_wconf 66' lang='lat' dir='ltr'><strong>alta</strong></span> <span class='ocrx_word' id='word_1_232' title='bbox 3624 2044 3813 2117; x_wconf 66' lang='lat' dir='ltr'><strong>atque</strong></span> <span class='ocrx_word' id='word_1_233' title='bbox 3846 2053 3997 2116; x_wconf 67' lang='lat' dir='ltr'><strong>per.</strong></span> 
     </span>
     <span class='ocr_line' id='line_1_40' title="bbox 875 2128 3991 2216; baseline 0.003 -27"><span class='ocrx_word' id='word_1_234' title='bbox 875 2128 1231 2210; x_wconf 87' lang='lat' dir='ltr'><strong>compulsio</strong></span> <span class='ocrx_word' id='word_1_235' title='bbox 1275 2129 1652 2211; x_wconf 86' lang='lat' dir='ltr'><strong>legislatoris</strong></span> <span class='ocrx_word' id='word_1_236' title='bbox 1697 2129 2074 2211; x_wconf 90' lang='lat' dir='ltr'><strong>parvitatem</strong></span> <span class='ocrx_word' id='word_1_237' title='bbox 2118 2129 2373 2190; x_wconf 89' lang='lat' dir='ltr'><strong>manda·</strong></span> <span class='ocrx_word' id='word_1_238' title='bbox 2483 2134 2669 2210; x_wconf 89' lang='lat' dir='ltr'><strong>fecta,</strong></span> <span class='ocrx_word' id='word_1_239' title='bbox 2705 2136 2791 2198; x_wconf 92' lang='lat' dir='ltr'><strong>ita</strong></span> <span class='ocrx_word' id='word_1_240' title='bbox 2819 2153 2946 2198; x_wconf 90' lang='lat' dir='ltr'><strong>non</strong></span> <span class='ocrx_word' id='word_1_241' title='bbox 2988 2136 3227 2216; x_wconf 87' lang='lat' dir='ltr'><strong>patitur</strong></span> <span class='ocrx_word' id='word_1_242' title='bbox 3257 2133 3550 2197; x_wconf 87' lang='lat' dir='ltr'><strong>infirmos</strong></span> <span class='ocrx_word' id='word_1_243' title='bbox 3581 2133 3863 2214; x_wconf 87' lang='lat' dir='ltr'><strong>demergi</strong></span> <span class='ocrx_word' id='word_1_244' title='bbox 3906 2133 3991 2194; x_wconf 86' lang='lat' dir='ltr'><strong>ad</strong></span> 
     </span>
     <span class='ocr_line' id='line_1_41' title="bbox 577 2227 3988 2315; baseline 0.003 -30"><span class='ocrx_word' id='word_1_245' title='bbox 577 2235 1084 2292; x_wconf 76' lang='lat' dir='ltr'><strong>Deu1.1v.26.t01·um</strong></span> <span class='ocrx_word' id='word_1_246' title='bbox 1123 2228 1233 2290; x_wconf 91' lang='lat' dir='ltr'><strong>Dei</strong></span> <span class='ocrx_word' id='word_1_247' title='bbox 1274 2229 1684 2300; x_wconf 87' lang='lat' dir='ltr'><strong>demonstrat,</strong></span> <span class='ocrx_word' id='word_1_248' title='bbox 1728 2227 1946 2290; x_wconf 90' lang='lat' dir='ltr'><strong>dicens</strong></span> <span class='ocrx_word' id='word_1_249' title='bbox 1987 2245 2000 2288; x_wconf 76' lang='grc' dir='ltr'>ε</span> <span class='ocrx_word' id='word_1_250' title='bbox 2039 2227 2371 2290; x_wconf 89' lang='lat' dir='ltr'><strong>Contestor</strong></span> <span class='ocrx_word' id='word_1_251' title='bbox 2483 2233 2646 2313; x_wconf 83' lang='lat' dir='ltr'><strong>ima3</strong></span> <span class='ocrx_word' id='word_1_252' title='bbox 2706 2235 2817 2296; x_wconf 88' lang='lat' dir='ltr'><strong>sed</strong></span> <span class='ocrx_word' id='word_1_253' title='bbox 2873 2233 3173 2315; x_wconf 85' lang='lat' dir='ltr'><strong>perfectis</strong></span> <span class='ocrx_word' id='word_1_254' title='bbox 3230 2233 3456 2295; x_wconf 85' lang='lat' dir='ltr'><strong>tribuit</strong></span> <span class='ocrx_word' id='word_1_255' title='bbox 3512 2232 3988 2314; x_wconf 83' lang='lat' dir='ltr'><strong>plenitudinem</strong></span> 
     </span>
     <span class='ocr_line' id='line_1_42' title="bbox 872 2326 3990 2412; baseline -0.003 -13"><span class='ocrx_word' id='word_1_256' title='bbox 872 2327 1054 2389; x_wconf 86' lang='lat' dir='ltr'><strong>vobis</strong></span> <span class='ocrx_word' id='word_1_257' title='bbox 1085 2327 1272 2388; x_wconf 82' lang='lat' dir='ltr'><strong>hodie</strong></span> <span class='ocrx_word' id='word_1_258' title='bbox 1305 2327 1540 2390; x_wconf 80' lang='lat' dir='ltr'><strong>coelum</strong></span> <span class='ocrx_word' id='word_1_259' title='bbox 1570 2334 1634 2388; x_wconf 80' lang='lat' dir='ltr'><strong>et</strong></span> <span class='ocrx_word' id='word_1_260' title='bbox 1662 2334 1918 2400; x_wconf 79' lang='lat' dir='ltr'><strong>terram,</strong></span> <span class='ocrx_word' id='word_1_261' title='bbox 1952 2327 2122 2408; x_wconf 88' lang='lat' dir='ltr'><strong>quod</strong></span> <span class='ocrx_word' id='word_1_262' title='bbox 2153 2326 2208 2387; x_wconf 87' lang='lat' dir='ltr'><strong>si</strong></span> <span class='ocrx_word' id='word_1_263' title='bbox 2242 2341 2369 2386; x_wconf 88' lang='lat' dir='ltr'><strong>non</strong></span> <span class='ocrx_word' id='word_1_264' title='bbox 2481 2332 2915 2406; x_wconf 79' lang='lat' dir='ltr'><strong>beatitudinis,</strong></span> <span class='ocrx_word' id='word_1_265' title='bbox 2959 2331 3212 2394; x_wconf 80' lang='lat' dir='ltr'><strong>veniam</strong></span> <span class='ocrx_word' id='word_1_266' title='bbox 3252 2349 3402 2394; x_wconf 82' lang='lat' dir='ltr'><strong>vero</strong></span> <span class='ocrx_word' id='word_1_267' title='bbox 3447 2331 3547 2392; x_wconf 88' lang='lat' dir='ltr'><strong>his</strong></span> <span class='ocrx_word' id='word_1_268' title='bbox 3591 2331 3701 2412; x_wconf 85' lang='lat' dir='ltr'><strong>qui</strong></span> <span class='ocrx_word' id='word_1_269' title='bbox 3746 2329 3990 2410; x_wconf 80' lang='lat' dir='ltr'><strong>fragili-</strong></span> 
     </span>
     <span class='ocr_line' id='line_1_43' title="bbox 871 2423 3987 2506; baseline -0.004 -21"><span class='ocrx_word' id='word_1_270' title='bbox 871 2425 1302 2487; x_wconf 88' lang='lat' dir='ltr'><strong>custodieritis</strong></span> <span class='ocrx_word' id='word_1_271' title='bbox 1342 2432 1657 2506; x_wconf 85' lang='lat' dir='ltr'><strong>praecepta</strong></span> <span class='ocrx_word' id='word_1_272' title='bbox 1696 2425 1949 2487; x_wconf 88' lang='lat' dir='ltr'><strong>Domini</strong></span> <span class='ocrx_word' id='word_1_273' title='bbox 1990 2424 2102 2488; x_wconf 92' lang='lat' dir='ltr'><strong>Dei</strong></span> <span class='ocrx_word' id='word_1_274' title='bbox 2147 2423 2365 2498; x_wconf 88' lang='lat' dir='ltr'><strong>vestri,</strong></span> <span class='ocrx_word' id='word_1_275' title='bbox 2482 2439 2605 2493; x_wconf 65' lang='lat' dir='ltr'><strong>tate</strong></span> <span class='ocrx_word' id='word_1_276' title='bbox 2648 2431 3013 2494; x_wconf 71' lang='lat' dir='ltr'><strong>vincuntur,</strong></span> <span class='ocrx_word' id='word_1_277' title='bbox 3050 2431 3177 2492; x_wconf 69' lang='lat' dir='ltr'><strong>Lex</strong></span> <span class='ocrx_word' id='word_1_278' title='bbox 3220 2430 3392 2492; x_wconf 62' lang='lat' dir='ltr'><strong>enim</strong></span> <span class='ocrx_word' id='word_1_279' title='bbox 3443 2429 3779 2492; x_wconf 65' lang='lat' dir='ltr'><strong>collocavit</strong></span> <span class='ocrx_word' id='word_1_280' title='bbox 3828 2447 3987 2490; x_wconf 90' lang='lat' dir='ltr'><strong>con-</strong></span> 
     </span>
     <span class='ocr_line' id='line_1_44' title="bbox 872 2522 3988 2610; baseline 0.001 -25"><span class='ocrx_word' id='word_1_281' title='bbox 872 2523 1165 2605; x_wconf 89' lang='lat' dir='ltr'><strong>peribitis</strong></span> <span class='ocrx_word' id='word_1_282' title='bbox 1212 2543 1249 2586; x_wconf 91' lang='lat' dir='ltr'><strong>a</strong></span> <span class='ocrx_word' id='word_1_283' title='bbox 1295 2522 1458 2585; x_wconf 83' lang='lat' dir='ltr'><strong>facie</strong></span> <span class='ocrx_word' id='word_1_284' title='bbox 1512 2533 1709 2586; x_wconf 80' lang='lat' dir='ltr'><strong>terrae.</strong></span> <span class='ocrx_word' id='word_1_285' title='bbox 1753 2525 1822 2585; x_wconf 92' lang='lat' dir='ltr'><strong>In</strong></span> <span class='ocrx_word' id='word_1_286' title='bbox 1875 2523 2217 2604; x_wconf 88' lang='lat' dir='ltr'><strong>Evangelio</strong></span> <span class='ocrx_word' id='word_1_287' title='bbox 2262 2541 2369 2584; x_wconf 89' lang='lat' dir='ltr'><strong>au·</strong></span> <span class='ocrx_word' id='word_1_288' title='bbox 2481 2537 2873 2591; x_wconf 90' lang='lat' dir='ltr'><strong>summantes</strong></span> <span class='ocrx_word' id='word_1_289' title='bbox 2905 2537 3221 2610; x_wconf 84' lang='lat' dir='ltr'><strong>praecepta</strong></span> <span class='ocrx_word' id='word_1_290' title='bbox 3250 2547 3363 2590; x_wconf 91' lang='lat' dir='ltr'><strong>sua</strong></span> <span class='ocrx_word' id='word_1_291' title='bbox 3394 2535 3697 2609; x_wconf 87' lang='lat' dir='ltr'><strong>tanquam</strong></span> <span class='ocrx_word' id='word_1_292' title='bbox 3730 2526 3795 2588; x_wconf 90' lang='lat' dir='ltr'><strong>in</strong></span> <span class='ocrx_word' id='word_1_293' title='bbox 3826 2545 3988 2608; x_wconf 88' lang='lat' dir='ltr'><strong>quo-</strong></span> 
     </span>
     <span class='ocr_line' id='line_1_45' title="bbox 871 2622 3982 2709; baseline 0.001 -25"><span class='ocrx_word' id='word_1_294' title='bbox 871 2630 1000 2684; x_wconf 90' lang='lat' dir='ltr'><strong>tem</strong></span> <span class='ocrx_word' id='word_1_295' title='bbox 1057 2622 1458 2704; x_wconf 85' lang='lat' dir='ltr'><strong>significatur</strong></span> <span class='ocrx_word' id='word_1_296' title='bbox 1519 2622 1994 2703; x_wconf 77' lang='lat' dir='ltr'><strong>magnificentia</strong></span> <span class='ocrx_word' id='word_1_297' title='bbox 2053 2622 2371 2685; x_wconf 85' lang='lat' dir='ltr'><strong>mandato-</strong></span> <span class='ocrx_word' id='word_1_298' title='bbox 2481 2629 2628 2690; x_wconf 89' lang='lat' dir='ltr'><strong>dam</strong></span> <span class='ocrx_word' id='word_1_299' title='bbox 2671 2628 3027 2690; x_wconf 89' lang='lat' dir='ltr'><strong>meditullio</strong></span> <span class='ocrx_word' id='word_1_300' title='bbox 3073 2627 3283 2690; x_wconf 90' lang='lat' dir='ltr'><strong>meriti</strong></span> <span class='ocrx_word' id='word_1_301' title='bbox 3328 2627 3684 2709; x_wconf 90' lang='lat' dir='ltr'><strong>utriusque,</strong></span> <span class='ocrx_word' id='word_1_302' title='bbox 3730 2633 3982 2688; x_wconf 88' lang='lat' dir='ltr'><strong>tantum</strong></span> 
     </span>
     <span class='ocr_line' id='line_1_46' title="bbox 873 2721 3983 2808; baseline 0.001 -25"><span class='ocrx_word' id='word_1_303' title='bbox 873 2740 1014 2784; x_wconf 92' lang='lat' dir='ltr'><strong>rum</strong></span> <span class='ocrx_word' id='word_1_304' title='bbox 1042 2723 1241 2802; x_wconf 86' lang='lat' dir='ltr'><strong>magis</strong></span> <span class='ocrx_word' id='word_1_305' title='bbox 1267 2722 1652 2804; x_wconf 83' lang='lat' dir='ltr'><strong>proprietate</strong></span> <span class='ocrx_word' id='word_1_306' title='bbox 1676 2728 1736 2783; x_wconf 86' lang='lat' dir='ltr'><strong>et</strong></span> <span class='ocrx_word' id='word_1_307' title='bbox 1765 2721 2125 2784; x_wconf 87' lang='lat' dir='ltr'><strong>conditione</strong></span> <span class='ocrx_word' id='word_1_308' title='bbox 2152 2722 2371 2784; x_wconf 86' lang='lat' dir='ltr'><strong>exhor·</strong></span> <span class='ocrx_word' id='word_1_309' title='bbox 2480 2745 2779 2808; x_wconf 89' lang='lat' dir='ltr'><strong>separans</strong></span> <span class='ocrx_word' id='word_1_310' title='bbox 2826 2746 2863 2788; x_wconf 92' lang='lat' dir='ltr'><strong>a</strong></span> <span class='ocrx_word' id='word_1_311' title='bbox 2908 2726 3109 2808; x_wconf 87' lang='lat' dir='ltr'><strong>gloria</strong></span> <span class='ocrx_word' id='word_1_312' title='bbox 3162 2726 3613 2808; x_wconf 87' lang='lat' dir='ltr'><strong>perfectorum,</strong></span> <span class='ocrx_word' id='word_1_313' title='bbox 3665 2733 3983 2807; x_wconf 90' lang='lat' dir='ltr'><strong>quantum</strong></span> 
     </span>
     <span class='ocr_line' id='line_1_47' title="bbox 577 2820 3985 2904; baseline -0.001 -18"><span class='ocrx_word' id='word_1_314' title='bbox 577 2843 840 2894; x_wconf 59' lang='lat' dir='ltr'><strong>Maiiam,</strong></span> <span class='ocrx_word' id='word_1_315' title='bbox 870 2821 1062 2882; x_wconf 87' lang='lat' dir='ltr'><strong>tantis</strong></span> <span class='ocrx_word' id='word_1_316' title='bbox 1090 2839 1282 2903; x_wconf 89' lang='lat' dir='ltr'><strong>quam</strong></span> <span class='ocrx_word' id='word_1_317' title='bbox 1309 2821 1703 2901; x_wconf 79' lang='lat' dir='ltr'><strong>imperantiS,</strong></span> <span class='ocrx_word' id='word_1_318' title='bbox 1728 2840 1930 2903; x_wconf 92' lang='lat' dir='ltr'><strong>quum</strong></span> <span class='ocrx_word' id='word_1_319' title='bbox 1957 2820 2275 2902; x_wconf 89' lang='lat' dir='ltr'><strong>loquitur:</strong></span> <span class='ocrx_word' id='word_1_320' title='bbox 2302 2820 2365 2882; x_wconf 91' lang='lat' dir='ltr'><strong>Si</strong></span> <span class='ocrx_word' id='word_1_321' title='bbox 2480 2825 2753 2887; x_wconf 88' lang='lat' dir='ltr'><strong>secernit</strong></span> <span class='ocrx_word' id='word_1_322' title='bbox 2772 2845 2809 2886; x_wconf 91' lang='lat' dir='ltr'><strong>a</strong></span> <span class='ocrx_word' id='word_1_323' title='bbox 2832 2825 3237 2887; x_wconf 88' lang='lat' dir='ltr'><strong>damnatione</strong></span> <span class='ocrx_word' id='word_1_324' title='bbox 3261 2823 3985 2904; x_wconf 79' lang='lat' dir='ltr'><strong>transgressorquuod</strong></span> 
     </span>
     <span class='ocr_line' id='line_1_48' title="bbox 577 2912 3986 3004; baseline 0 -22"><span class='ocrx_word' id='word_1_325' title='bbox 577 2912 644 2952; x_wconf 83' lang='lat'><strong>²¹·</strong></span> <span class='ocrx_word' id='word_1_326' title='bbox 871 2919 968 2982; x_wconf 89' lang='lat' dir='ltr'><strong>vis</strong></span> <span class='ocrx_word' id='word_1_327' title='bbox 1015 2919 1334 3001; x_wconf 89' lang='lat' dir='ltr'><strong>perfectus</strong></span> <span class='ocrx_word' id='word_1_328' title='bbox 1379 2937 1539 2993; x_wconf 90' lang='lat' dir='ltr'><strong>esse,</strong></span> <span class='ocrx_word' id='word_1_329' title='bbox 1587 2919 1687 2982; x_wconf 88' lang='lat' dir='ltr'><strong>sac</strong></span> <span class='ocrx_word' id='word_1_330' title='bbox 1731 2919 1850 2981; x_wconf 92' lang='lat' dir='ltr'><strong>hoc</strong></span> <span class='ocrx_word' id='word_1_331' title='bbox 1894 2920 1998 2982; x_wconf 89' lang='lat' dir='ltr'><strong>vel</strong></span> <span class='ocrx_word' id='word_1_332' title='bbox 2044 2919 2220 2981; x_wconf 92' lang='lat' dir='ltr'><strong>illud.</strong></span> <span class='ocrx_word' id='word_1_333' title='bbox 2271 2919 2364 2981; x_wconf 91' lang='lat' dir='ltr'><strong>lbi</strong></span> <span class='ocrx_word' id='word_1_334' title='bbox 2479 2921 2740 3002; x_wconf 92' lang='lat' dir='ltr'><strong>quidem</strong></span> <span class='ocrx_word' id='word_1_335' title='bbox 2764 2941 2956 3004; x_wconf 89' lang='lat' dir='ltr'><strong>quam</strong></span> <span class='ocrx_word' id='word_1_336' title='bbox 2991 2920 3351 2983; x_wconf 89' lang='lat' dir='ltr'><strong>miserabile</strong></span> <span class='ocrx_word' id='word_1_337' title='bbox 3382 2921 3812 3003; x_wconf 87' lang='lat' dir='ltr'><strong>infimumque</strong></span> <span class='ocrx_word' id='word_1_338' title='bbox 3835 2938 3986 2983; x_wconf 88' lang='lat' dir='ltr'><strong>eon-</strong></span> 
     </span>
     <span class='ocr_line' id='line_1_49' title="bbox 870 3014 3978 3103; baseline 0 -23"><span class='ocrx_word' id='word_1_339' title='bbox 870 3019 1110 3101; x_wconf 76' lang='lat' dir='ltr'><strong>Moyses</strong></span> <span class='ocrx_word' id='word_1_340' title='bbox 1160 3017 1435 3100; x_wconf 89' lang='lat' dir='ltr'><strong>imponit</strong></span> <span class='ocrx_word' id='word_1_341' title='bbox 1457 3017 1916 3080; x_wconf 72' lang='lat' dir='ltr'><strong>“inexcusabile</strong></span> <span class='ocrx_word' id='word_1_342' title='bbox 1965 3019 2215 3100; x_wconf 90' lang='lat' dir='ltr'><strong>pondus</strong></span> <span class='ocrx_word' id='word_1_343' title='bbox 2267 3037 2363 3080; x_wconf 89' lang='lat' dir='ltr'><strong>re·</strong></span> <span class='ocrx_word' id='word_1_344' title='bbox 2404 3014 2447 3078; x_wconf 92' lang='lat' dir='ltr'>C</span> <span class='ocrx_word' id='word_1_345' title='bbox 2478 3020 2678 3094; x_wconf 87' lang='lat' dir='ltr'><strong>sistat,</strong></span> <span class='ocrx_word' id='word_1_346' title='bbox 2712 3020 3086 3103; x_wconf 88' lang='lat' dir='ltr'><strong>perpendite</strong></span> <span class='ocrx_word' id='word_1_347' title='bbox 3124 3039 3201 3082; x_wconf 82' lang='lat' dir='ltr'><strong>ex</strong></span> <span class='ocrx_word' id='word_1_348' title='bbox 3239 3027 3403 3082; x_wconf 87' lang='lat' dir='ltr'><strong>statu</strong></span> <span class='ocrx_word' id='word_1_349' title='bbox 3440 3021 3586 3083; x_wconf 78' lang='lat' dir='ltr'><strong>vitae</strong></span> <span class='ocrx_word' id='word_1_350' title='bbox 3622 3019 3978 3101; x_wconf 81' lang='lat' dir='ltr'><strong>praesentiS,</strong></span> 
     </span>
     <span class='ocr_line' id='line_1_50' title="bbox 869 3116 3984 3201; baseline 0 -23"><span class='ocrx_word' id='word_1_351' title='bbox 869 3117 1240 3181; x_wconf 90' lang='lat' dir='ltr'><strong>cusantibus</strong></span> <span class='ocrx_word' id='word_1_352' title='bbox 1274 3117 1506 3198; x_wconf 84' lang='lat' dir='ltr'><strong>legem3</strong></span> <span class='ocrx_word' id='word_1_353' title='bbox 1536 3116 1641 3179; x_wconf 88' lang='lat' dir='ltr'><strong>hic</strong></span> <span class='ocrx_word' id='word_1_354' title='bbox 1669 3117 1897 3179; x_wconf 92' lang='lat' dir='ltr'><strong>Paulus</strong></span> <span class='ocrx_word' id='word_1_355' title='bbox 1927 3117 2204 3179; x_wconf 87' lang='lat' dir='ltr'><strong>occurrit</strong></span> <span class='ocrx_word' id='word_1_356' title='bbox 2234 3125 2368 3180; x_wconf 87' lang='lat' dir='ltr'><strong>tan-</strong></span> <span class='ocrx_word' id='word_1_357' title='bbox 2477 3126 2540 3180; x_wconf 92' lang='lat' dir='ltr'><strong>et</strong></span> <span class='ocrx_word' id='word_1_358' title='bbox 2579 3119 3049 3201; x_wconf 88' lang='lat' dir='ltr'><strong>comparatione</strong></span> <span class='ocrx_word' id='word_1_359' title='bbox 3090 3138 3217 3201; x_wconf 90' lang='lat' dir='ltr'><strong>qua</strong></span> <span class='ocrx_word' id='word_1_360' title='bbox 3252 3118 3685 3180; x_wconf 88' lang='lat' dir='ltr'><strong>miserrimum</strong></span> <span class='ocrx_word' id='word_1_361' title='bbox 3730 3126 3984 3200; x_wconf 81' lang='lat' dir='ltr'><strong>reputa-</strong></span> 
     </span>
     <span class='ocr_line' id='line_1_51' title="bbox 867 3215 3981 3300; baseline 0.001 -24"><span class='ocrx_word' id='word_1_362' title='bbox 867 3222 1006 3277; x_wconf 90' lang='lat' dir='ltr'><strong>tum</strong></span> <span class='ocrx_word' id='word_1_363' title='bbox 1057 3215 1326 3278; x_wconf 89' lang='lat' dir='ltr'><strong>consilio</strong></span> <span class='ocrx_word' id='word_1_364' title='bbox 1374 3215 1737 3277; x_wconf 88' lang='lat' dir='ltr'><strong>volentibus</strong></span> <span class='ocrx_word' id='word_1_365' title='bbox 1794 3224 1856 3276; x_wconf 88' lang='lat' dir='ltr'><strong>et</strong></span> <span class='ocrx_word' id='word_1_366' title='bbox 1911 3215 2365 3278; x_wconf 87' lang='lat' dir='ltr'><strong>festinantibus</strong></span> <span class='ocrx_word' id='word_1_367' title='bbox 2478 3224 2601 3291; x_wconf 91' lang='lat' dir='ltr'><strong>tur,</strong></span> <span class='ocrx_word' id='word_1_368' title='bbox 2636 3218 2691 3280; x_wconf 92' lang='lat' dir='ltr'><strong>si</strong></span> <span class='ocrx_word' id='word_1_369' title='bbox 2723 3218 2867 3300; x_wconf 88' lang='lat' dir='ltr'><strong>quis</strong></span> <span class='ocrx_word' id='word_1_370' title='bbox 2894 3218 2975 3280; x_wconf 88' lang='lat' dir='ltr'><strong>ad</strong></span> <span class='ocrx_word' id='word_1_371' title='bbox 3005 3217 3125 3280; x_wconf 90' lang='lat' dir='ltr'><strong>hoc</strong></span> <span class='ocrx_word' id='word_1_372' title='bbox 3156 3217 3404 3280; x_wconf 88' lang='lat' dir='ltr'><strong>studeat</strong></span> <span class='ocrx_word' id='word_1_373' title='bbox 3432 3224 3494 3278; x_wconf 87' lang='lat' dir='ltr'><strong>et</strong></span> <span class='ocrx_word' id='word_1_374' title='bbox 3524 3217 3767 3279; x_wconf 89' lang='lat' dir='ltr'><strong>laboret</strong></span> <span class='ocrx_word' id='word_1_375' title='bbox 3794 3217 3981 3279; x_wconf 89' lang='lat' dir='ltr'><strong>dum-</strong></span> 
     </span>
     <span class='ocr_line' id='line_1_52' title="bbox 865 3313 3980 3395; baseline 0.001 -21"><span class='ocrx_word' id='word_1_376' title='bbox 865 3313 947 3375; x_wconf 89' lang='lat' dir='ltr'><strong>ad</strong></span> <span class='ocrx_word' id='word_1_377' title='bbox 977 3313 1182 3395; x_wconf 90' lang='lat' dir='ltr'><strong>ipsam</strong></span> <span class='ocrx_word' id='word_1_378' title='bbox 1213 3313 1690 3395; x_wconf 89' lang='lat' dir='ltr'><strong>perfectionem.</strong></span> <span class='ocrx_word' id='word_1_379' title='bbox 1727 3313 1863 3376; x_wconf 90' lang='lat' dir='ltr'><strong>Non</strong></span> <span class='ocrx_word' id='word_1_380' title='bbox 1894 3314 2070 3376; x_wconf 88' lang='lat' dir='ltr'><strong>enim</strong></span> <span class='ocrx_word' id='word_1_381' title='bbox 2100 3321 2236 3376; x_wconf 88' lang='lat' dir='ltr'><strong>erat</strong></span> <span class='ocrx_word' id='word_1_382' title='bbox 2264 3332 2367 3394; x_wconf 89' lang='lat' dir='ltr'><strong>ge·</strong></span> <span class='ocrx_word' id='word_1_383' title='bbox 2477 3324 2647 3378; x_wconf 87' lang='lat' dir='ltr'><strong>taxat</strong></span> <span class='ocrx_word' id='word_1_384' title='bbox 2690 3336 2770 3379; x_wconf 91' lang='lat' dir='ltr'><strong>ne</strong></span> <span class='ocrx_word' id='word_1_385' title='bbox 2814 3335 2958 3379; x_wconf 90' lang='lat' dir='ltr'><strong>reus</strong></span> <span class='ocrx_word' id='word_1_386' title='bbox 3002 3317 3167 3378; x_wconf 89' lang='lat' dir='ltr'><strong>inter</strong></span> <span class='ocrx_word' id='word_1_387' title='bbox 3206 3315 3507 3378; x_wconf 82' lang='lat' dir='ltr'><strong>honestos</strong></span> <span class='ocrx_word' id='word_1_388' title='bbox 3548 3315 3878 3388; x_wconf 86' lang='lat' dir='ltr'><strong>habeatur,</strong></span> <span class='ocrx_word' id='word_1_389' title='bbox 3912 3323 3980 3377; x_wconf 88' lang='lat' dir='ltr'><strong>et</strong></span> 
     </span>
     <span class='ocr_line' id='line_1_53' title="bbox 865 3412 3978 3496; baseline 0 -21"><span class='ocrx_word' id='word_1_390' title='bbox 865 3413 1164 3475; x_wconf 88' lang='lat' dir='ltr'><strong>neraliter</strong></span> <span class='ocrx_word' id='word_1_391' title='bbox 1202 3413 1727 3496; x_wconf 85' lang='lat' dir='ltr'><strong>praecipiendum,</strong></span> <span class='ocrx_word' id='word_1_392' title='bbox 1765 3431 1970 3496; x_wconf 90' lang='lat' dir='ltr'><strong>neque</strong></span> <span class='ocrx_word' id='word_1_393' title='bbox 2009 3415 2106 3494; x_wconf 90' lang='lat' dir='ltr'><strong>(ut</strong></span> <span class='ocrx_word' id='word_1_394' title='bbox 2151 3413 2237 3475; x_wconf 89' lang='lat' dir='ltr'><strong>ita</strong></span> <span class='ocrx_word' id='word_1_395' title='bbox 2277 3412 2368 3474; x_wconf 87' lang='lat' dir='ltr'><strong>di·</strong></span> <span class='ocrx_word' id='word_1_396' title='bbox 2480 3433 2605 3478; x_wconf 90' lang='lat' dir='ltr'><strong>non</strong></span> <span class='ocrx_word' id='word_1_397' title='bbox 2655 3415 2847 3477; x_wconf 89' lang='lat' dir='ltr'><strong>etiam</strong></span> <span class='ocrx_word' id='word_1_398' title='bbox 2899 3423 2967 3476; x_wconf 90' lang='lat' dir='ltr'><strong>ut</strong></span> <span class='ocrx_word' id='word_1_399' title='bbox 3016 3415 3181 3477; x_wconf 84' lang='lat' dir='ltr'><strong>inter</strong></span> <span class='ocrx_word' id='word_1_400' title='bbox 3222 3431 3331 3478; x_wconf 88' lang='lat' dir='ltr'><strong>eos</strong></span> <span class='ocrx_word' id='word_1_401' title='bbox 3381 3414 3465 3476; x_wconf 89' lang='lat' dir='ltr'><strong>sit</strong></span> <span class='ocrx_word' id='word_1_402' title='bbox 3515 3414 3822 3496; x_wconf 83' lang='lat' dir='ltr'><strong>locupleS,</strong></span> <span class='ocrx_word' id='word_1_403' title='bbox 3866 3415 3978 3476; x_wconf 90' lang='lat' dir='ltr'><strong>ho-</strong></span> 
     </span>
     <span class='ocr_line' id='line_1_54' title="bbox 867 3510 3264 3595; baseline 0.001 -23"><span class='ocrx_word' id='word_1_404' title='bbox 867 3511 1098 3592; x_wconf 85' lang='lat' dir='ltr'><strong>xerim)</strong></span> <span class='ocrx_word' id='word_1_405' title='bbox 1138 3510 1219 3573; x_wconf 90' lang='lat' dir='ltr'><strong>ab</strong></span> <span class='ocrx_word' id='word_1_406' title='bbox 1261 3510 1562 3574; x_wconf 90' lang='lat' dir='ltr'><strong>omnibus</strong></span> <span class='ocrx_word' id='word_1_407' title='bbox 1604 3511 1904 3574; x_wconf 87' lang='lat' dir='ltr'><strong>canonice</strong></span> <span class='ocrx_word' id='word_1_408' title='bbox 1949 3511 2361 3593; x_wconf 84' lang='lat' dir='ltr'><strong>exigendum,</strong></span> <span class='ocrx_word' id='word_1_409' title='bbox 2480 3514 2786 3577; x_wconf 89' lang='lat' dir='ltr'><strong>norabilis</strong></span> <span class='ocrx_word' id='word_1_410' title='bbox 2828 3522 2891 3577; x_wconf 90' lang='lat' dir='ltr'><strong>et</strong></span> <span class='ocrx_word' id='word_1_411' title='bbox 2932 3513 3264 3595; x_wconf 89' lang='lat' dir='ltr'><strong>gloriosus.</strong></span> 
     </span>
     <span class='ocr_line' id='line_1_55' title="bbox 867 3609 2366 3693; baseline 0 -21"><span class='ocrx_word' id='word_1_412' title='bbox 867 3610 1039 3691; x_wconf 89' lang='lat' dir='ltr'><strong>quod</strong></span> <span class='ocrx_word' id='word_1_413' title='bbox 1081 3609 1473 3692; x_wconf 90' lang='lat' dir='ltr'><strong>apprehendi</strong></span> <span class='ocrx_word' id='word_1_414' title='bbox 1519 3628 1646 3673; x_wconf 92' lang='lat' dir='ltr'><strong>non</strong></span> <span class='ocrx_word' id='word_1_415' title='bbox 1691 3617 1898 3693; x_wconf 90' lang='lat' dir='ltr'><strong>potest</strong></span> <span class='ocrx_word' id='word_1_416' title='bbox 1939 3610 2019 3673; x_wconf 90' lang='lat' dir='ltr'><strong>ab</strong></span> <span class='ocrx_word' id='word_1_417' title='bbox 2062 3610 2366 3673; x_wconf 90' lang='lat' dir='ltr'><strong>omnibus</strong></span> 
     </span>
     <span class='ocr_line' id='line_1_56' title="bbox 867 3708 2369 3792; baseline 0 -20"><span class='ocrx_word' id='word_1_418' title='bbox 867 3709 950 3772; x_wconf 94' lang='lat' dir='ltr'><strong>ob</strong></span> <span class='ocrx_word' id='word_1_419' title='bbox 991 3729 1173 3772; x_wconf 89' lang='lat' dir='ltr'><strong>suam</strong></span> <span class='ocrx_word' id='word_1_420' title='bbox 1211 3708 1670 3771; x_wconf 88' lang='lat' dir='ltr'><strong>sublimitatem</strong></span> <span class='ocrx_word' id='word_1_421' title='bbox 1703 3710 2068 3783; x_wconf 86' lang='lat' dir='ltr'><strong>mirificam,</strong></span> <span class='ocrx_word' id='word_1_422' title='bbox 2103 3711 2215 3772; x_wconf 88' lang='lat' dir='ltr'><strong>sed</strong></span> <span class='ocrx_word' id='word_1_423' title='bbox 2262 3728 2369 3792; x_wconf 90' lang='lat' dir='ltr'><strong>po-</strong></span> 
     </span>
     <span class='ocr_line' id='line_1_57' title="bbox 870 3779 3585 3891; baseline 0.001 -22"><span class='ocrx_word' id='word_1_424' title='bbox 870 3809 996 3870; x_wconf 91' lang='lat' dir='ltr'><strong>tius</strong></span> <span class='ocrx_word' id='word_1_425' title='bbox 1037 3815 1462 3890; x_wconf 86' lang='lat' dir='ltr'><strong>provocantur</strong></span> <span class='ocrx_word' id='word_1_426' title='bbox 1497 3825 1718 3871; x_wconf 90' lang='lat' dir='ltr'><strong>omnes</strong></span> <span class='ocrx_word' id='word_1_427' title='bbox 1757 3809 1958 3890; x_wconf 87' lang='lat' dir='ltr'><strong>gratia</strong></span> <span class='ocrx_word' id='word_1_428' title='bbox 1994 3817 2185 3891; x_wconf 91' lang='lat' dir='ltr'><strong>atque</strong></span> <span class='ocrx_word' id='word_1_429' title='bbox 2226 3826 2370 3871; x_wconf 90' lang='lat' dir='ltr'><strong>con·</strong></span> <span class='ocrx_word' id='word_1_430' title='bbox 2863 3779 3367 3844; x_wconf 68' lang='lat' dir='ltr'><strong>GAPITULUM</strong></span> <span class='ocrx_word' id='word_1_431' title='bbox 3434 3779 3585 3842; x_wconf 77' lang='lat' dir='ltr'><strong>VH·</strong></span> 
     </span>
     <span class='ocr_line' id='line_1_58' title="bbox 871 3907 3978 4001; baseline 0.001 -33"><span class='ocrx_word' id='word_1_432' title='bbox 871 3907 1016 3970; x_wconf 90' lang='lat' dir='ltr'><strong>silio</strong></span> <span class='ocrx_word' id='word_1_433' title='bbox 1050 3927 1064 3971; x_wconf 73' lang='grc' dir='ltr'>ε</span> <span class='ocrx_word' id='word_1_434' title='bbox 1098 3915 1168 3969; x_wconf 90' lang='lat' dir='ltr'><strong>ut</strong></span> <span class='ocrx_word' id='word_1_435' title='bbox 1211 3907 1421 3987; x_wconf 86' lang='lat' dir='ltr'><strong>magni</strong></span> <span class='ocrx_word' id='word_1_436' title='bbox 1455 3908 1705 3970; x_wconf 87' lang='lat' dir='ltr'><strong>valeant</strong></span> <span class='ocrx_word' id='word_1_437' title='bbox 1744 3925 1868 3970; x_wconf 92' lang='lat' dir='ltr'><strong>non</strong></span> <span class='ocrx_word' id='word_1_438' title='bbox 1910 3908 2231 3970; x_wconf 88' lang='lat' dir='ltr'><strong>immerito</strong></span> <span class='ocrx_word' id='word_1_439' title='bbox 2272 3925 2371 3970; x_wconf 92' lang='lat' dir='ltr'><strong>co-</strong></span> <span class='ocrx_word' id='word_1_440' title='bbox 2482 3931 2653 3998; x_wconf 67' lang='lat' dir='ltr'><em>Quod</em></span> <span class='ocrx_word' id='word_1_441' title='bbox 2696 3931 2765 3986; x_wconf 68' lang='lat' dir='ltr'><strong>fn</strong></span> <span class='ocrx_word' id='word_1_442' title='bbox 2816 3935 3027 3986; x_wconf 62' lang='lat' dir='ltr'><strong>nostra</strong></span> <span class='ocrx_word' id='word_1_443' title='bbox 3072 3934 3373 4001; x_wconf 58' lang='lat' dir='ltr'><strong>potestate</strong></span> <span class='ocrx_word' id='word_1_444' title='bbox 3432 3929 3537 3992; x_wconf 59' lang='lat' dir='ltr'><strong>git,</strong></span> <span class='ocrx_word' id='word_1_445' title='bbox 3588 3944 3674 3985; x_wconf 67' lang='lat' dir='ltr'><strong>an</strong></span> <span class='ocrx_word' id='word_1_446' title='bbox 3726 3927 3978 3984; x_wconf 58' lang='lat' dir='ltr'><strong>velimus</strong></span> 
     </span>
     <span class='ocr_line' id='line_1_59' title="bbox 873 4006 3977 4090; baseline 0.001 -23"><span class='ocrx_word' id='word_1_447' title='bbox 873 4006 1082 4068; x_wconf 87' lang='lat' dir='ltr'><strong>ronari</strong></span> <span class='ocrx_word' id='word_1_448' title='bbox 1114 4006 1504 4088; x_wconf 87' lang='lat' dir='ltr'><strong>perfectione</strong></span> <span class='ocrx_word' id='word_1_449' title='bbox 1537 4006 1884 4086; x_wconf 84' lang='lat' dir='ltr'><strong>virtutum3</strong></span> <span class='ocrx_word' id='word_1_450' title='bbox 1919 4007 2097 4088; x_wconf 91' lang='lat' dir='ltr'><strong>parvi</strong></span> <span class='ocrx_word' id='word_1_451' title='bbox 2128 4013 2367 4080; x_wconf 90' lang='lat' dir='ltr'><strong>autem,</strong></span> <span class='ocrx_word' id='word_1_452' title='bbox 2550 4035 2675 4075; x_wconf 71' lang='lat' dir='ltr'><strong>esse</strong></span> <span class='ocrx_word' id='word_1_453' title='bbox 2718 4019 2828 4074; x_wconf 71' lang='lat' dir='ltr'><strong>sub</strong></span> <span class='ocrx_word' id='word_1_454' title='bbox 2883 4019 3095 4090; x_wconf 71' lang='lat' dir='ltr'><strong>qratia</strong></span> <span class='ocrx_word' id='word_1_455' title='bbox 3144 4018 3495 4090; x_wconf 75' lang='lat' dir='ltr'><strong>Evanqelii,</strong></span> <span class='ocrx_word' id='word_1_456' title='bbox 3542 4033 3625 4074; x_wconf 82' lang='lat' dir='ltr'><strong>an</strong></span> <span class='ocrx_word' id='word_1_457' title='bbox 3670 4017 3780 4075; x_wconf 78' lang='lat' dir='ltr'><strong>sub</strong></span> <span class='ocrx_word' id='word_1_458' title='bbox 3828 4018 3977 4090; x_wconf 64' lang='grc' dir='ltr'><strong>ἱερὴ</strong></span> 
     </span>
     <span class='ocr_line' id='line_1_60' title="bbox 595 4105 3434 4188; baseline -0.001 -22"><span class='ocrx_word' id='word_1_459' title='bbox 595 4131 843 4188; x_wconf 43' lang='grc' dir='ltr'><strong>Ερμιημ,</strong></span> <span class='ocrx_word' id='word_1_460' title='bbox 874 4105 984 4186; x_wconf 92' lang='lat' dir='ltr'><strong>qui</strong></span> <span class='ocrx_word' id='word_1_461' title='bbox 1017 4105 1285 4188; x_wconf 91' lang='lat' dir='ltr'><strong>implere</strong></span> <span class='ocrx_word' id='word_1_462' title='bbox 1314 4122 1442 4167; x_wconf 92' lang='lat' dir='ltr'><strong>non</strong></span> <span class='ocrx_word' id='word_1_463' title='bbox 1473 4113 1736 4186; x_wconf 83' lang='lat' dir='ltr'><strong>possunt</strong></span> <span class='ocrx_word' id='word_1_464' title='bbox 1772 4123 2135 4167; x_wconf 87' lang='lat' dir='ltr'><strong>mensuram</strong></span> <span class='ocrx_word' id='word_1_465' title='bbox 2167 4105 2370 4168; x_wconf 83' lang='lat' dir='ltr'><strong>aetatis</strong></span> <span class='ocrx_word' id='word_1_466' title='bbox 2558 4115 2811 4165; x_wconf 83' lang='lat' dir='ltr'><strong>terrore.</strong></span> <span class='ocrx_word' id='word_1_467' title='bbox 3426 4132 3434 4138; x_wconf 94' lang='lat'>·</span> 
     </span>
    </p>
   </div>
   <div class='ocr_carea' id='block_1_16' title="bbox 2478 4305 3979 5373">
    <p class='ocr_par' dir='ltr' id='par_1_17' title="bbox 2634 4305 3978 4387">
     <span class='ocr_line' id='line_1_61' title="bbox 2634 4305 3978 4387; baseline -0.003 -18"><span class='ocrx_word' id='word_1_468' title='bbox 2634 4307 2776 4370; x_wconf 88' lang='lat' dir='ltr'><strong>INC</strong></span> <span class='ocrx_word' id='word_1_469' title='bbox 2842 4305 2903 4367; x_wconf 90' lang='lat' dir='ltr'><strong>in</strong></span> <span class='ocrx_word' id='word_1_470' title='bbox 2974 4313 3188 4367; x_wconf 90' lang='lat' dir='ltr'><strong>nostra</strong></span> <span class='ocrx_word' id='word_1_471' title='bbox 3256 4312 3565 4387; x_wconf 81' lang='lat' dir='ltr'><strong>potestate</strong></span> <span class='ocrx_word' id='word_1_472' title='bbox 3627 4305 3825 4366; x_wconf 90' lang='lat' dir='ltr'><strong>situm</strong></span> <span class='ocrx_word' id='word_1_473' title='bbox 3885 4309 3978 4366; x_wconf 87' lang='lat' dir='ltr'><strong>est</strong></span> 
     </span>
    </p>

    <p class='ocr_par' dir='ltr' id='par_1_18' title="bbox 2478 4401 3979 5373">
     <span class='ocr_line' id='line_1_62' title="bbox 2652 4401 3975 4484; baseline -0.005 -16"><span class='ocrx_word' id='word_1_474' title='bbox 2652 4424 2844 4480; x_wconf 89' lang='lat' dir='ltr'><strong>nunc,</strong></span> <span class='ocrx_word' id='word_1_475' title='bbox 2876 4425 2957 4467; x_wconf 94' lang='lat' dir='ltr'><strong>an</strong></span> <span class='ocrx_word' id='word_1_476' title='bbox 2995 4405 3268 4466; x_wconf 90' lang='lat' dir='ltr'><strong>velimus</strong></span> <span class='ocrx_word' id='word_1_477' title='bbox 3308 4422 3447 4466; x_wconf 90' lang='lat' dir='ltr'><strong>esse</strong></span> <span class='ocrx_word' id='word_1_478' title='bbox 3490 4403 3613 4465; x_wconf 90' lang='lat' dir='ltr'><strong>sub</strong></span> <span class='ocrx_word' id='word_1_479' title='bbox 3654 4401 3975 4484; x_wconf 82' lang='lat' dir='ltr'><strong>Evangelii</strong></span> 
     </span>
     <span class='ocr_line' id='line_1_63' title="bbox 2480 4502 3975 4586; baseline -0.003 -19"><span class='ocrx_word' id='word_1_480' title='bbox 2480 4505 2701 4586; x_wconf 87' lang='lat' dir='ltr'><strong>gratia,</strong></span> <span class='ocrx_word' id='word_1_481' title='bbox 2732 4524 2813 4567; x_wconf 89' lang='lat' dir='ltr'><strong>an</strong></span> <span class='ocrx_word' id='word_1_482' title='bbox 2852 4503 2972 4566; x_wconf 91' lang='lat' dir='ltr'><strong>sub</strong></span> <span class='ocrx_word' id='word_1_483' title='bbox 3013 4502 3169 4584; x_wconf 92' lang='lat' dir='ltr'><strong>legis</strong></span> <span class='ocrx_word' id='word_1_484' title='bbox 3210 4509 3483 4580; x_wconf 86' lang='lat' dir='ltr'><strong>terrore3</strong></span> <span class='ocrx_word' id='word_1_485' title='bbox 3524 4502 3678 4583; x_wconf 89' lang='lat' dir='ltr'><strong>quia</strong></span> <span class='ocrx_word' id='word_1_486' title='bbox 3720 4519 3975 4563; x_wconf 89' lang='lat' dir='ltr'><strong>necesse</strong></span> 
     </span>
     <span class='ocr_line' id='line_1_64' title="bbox 2480 4599 3973 4684; baseline -0.003 -18"><span class='ocrx_word' id='word_1_487' title='bbox 2480 4613 2577 4667; x_wconf 90' lang='lat' dir='ltr'><strong>est</strong></span> <span class='ocrx_word' id='word_1_488' title='bbox 2625 4619 3149 4684; x_wconf 90' lang='lat' dir='ltr'><strong>unumquemque</strong></span> <span class='ocrx_word' id='word_1_489' title='bbox 3209 4600 3528 4682; x_wconf 89' lang='lat' dir='ltr'><strong>pertinere</strong></span> <span class='ocrx_word' id='word_1_490' title='bbox 3576 4601 3653 4662; x_wconf 87' lang='lat' dir='ltr'><strong>ad</strong></span> <span class='ocrx_word' id='word_1_491' title='bbox 3712 4599 3973 4662; x_wconf 86' lang='lat' dir='ltr'><strong>alteram</strong></span> 
     </span>
     <span class='ocr_line' id='line_1_65' title="bbox 2480 4698 3979 4784; baseline -0.003 -21"><span class='ocrx_word' id='word_1_492' title='bbox 2480 4701 2758 4784; x_wconf 88' lang='lat' dir='ltr'><strong>partium</strong></span> <span class='ocrx_word' id='word_1_493' title='bbox 2789 4700 3037 4774; x_wconf 90' lang='lat' dir='ltr'><strong>harum,</strong></span> <span class='ocrx_word' id='word_1_494' title='bbox 3054 4699 3406 4762; x_wconf 91' lang='lat' dir='ltr'><strong>secundum</strong></span> <span class='ocrx_word' id='word_1_495' title='bbox 3438 4698 3809 4781; x_wconf 83' lang='lat' dir='ltr'><strong>qualitatem</strong></span> <span class='ocrx_word' id='word_1_496' title='bbox 3838 4715 3979 4779; x_wconf 88' lang='lat' dir='ltr'><strong>ope-</strong></span> 
     </span>
     <span class='ocr_line' id='line_1_66' title="bbox 2480 4797 3977 4879; baseline -0.003 -18"><span class='ocrx_word' id='word_1_497' title='bbox 2480 4800 2566 4862; x_wconf 88' lang='lat' dir='ltr'><strong>ris</strong></span> <span class='ocrx_word' id='word_1_498' title='bbox 2610 4799 2729 4861; x_wconf 91' lang='lat' dir='ltr'><strong>sui.</strong></span> <span class='ocrx_word' id='word_1_499' title='bbox 2765 4799 2921 4862; x_wconf 88' lang='lat' dir='ltr'><strong>Nam</strong></span> <span class='ocrx_word' id='word_1_500' title='bbox 2960 4799 3163 4879; x_wconf 85' lang='lat' dir='ltr'><strong>gratia</strong></span> <span class='ocrx_word' id='word_1_501' title='bbox 3198 4797 3431 4861; x_wconf 89' lang='lat' dir='ltr'><strong>Christi</strong></span> <span class='ocrx_word' id='word_1_502' title='bbox 3473 4797 3747 4879; x_wconf 87' lang='lat' dir='ltr'><strong>suscipit</strong></span> <span class='ocrx_word' id='word_1_503' title='bbox 3782 4805 3977 4858; x_wconf 88' lang='lat' dir='ltr'><strong>trans·</strong></span> 
     </span>
     <span class='ocr_line' id='line_1_67' title="bbox 2480 4894 3975 4977; baseline -0.005 -16"><span class='ocrx_word' id='word_1_504' title='bbox 2480 4898 2820 4961; x_wconf 87' lang='lat' dir='ltr'><strong>cendentes</strong></span> <span class='ocrx_word' id='word_1_505' title='bbox 2852 4897 3069 4977; x_wconf 90' lang='lat' dir='ltr'><strong>legem,</strong></span> <span class='ocrx_word' id='word_1_506' title='bbox 3083 4896 3182 4958; x_wconf 87' lang='lat' dir='ltr'><strong>lex</strong></span> <span class='ocrx_word' id='word_1_507' title='bbox 3208 4914 3358 4959; x_wconf 87' lang='lat' dir='ltr'><strong>vero</strong></span> <span class='ocrx_word' id='word_1_508' title='bbox 3389 4896 3620 4958; x_wconf 89' lang='lat' dir='ltr'><strong>retinet</strong></span> <span class='ocrx_word' id='word_1_509' title='bbox 3645 4894 3975 4956; x_wconf 88' lang='lat' dir='ltr'><strong>inferiores</strong></span> 
     </span>
     <span class='ocr_line' id='line_1_68' title="bbox 2480 4992 3967 5078; baseline -0.004 -20"><span class='ocrx_word' id='word_1_510' title='bbox 2480 5004 2782 5078; x_wconf 90' lang='lat' dir='ltr'><strong>tanquam</strong></span> <span class='ocrx_word' id='word_1_511' title='bbox 2824 4995 3143 5058; x_wconf 88' lang='lat' dir='ltr'><strong>debitores</strong></span> <span class='ocrx_word' id='word_1_512' title='bbox 3188 5012 3335 5057; x_wconf 90' lang='lat' dir='ltr'><strong>suos</strong></span> <span class='ocrx_word' id='word_1_513' title='bbox 3376 5003 3439 5056; x_wconf 91' lang='lat' dir='ltr'><strong>et</strong></span> <span class='ocrx_word' id='word_1_514' title='bbox 3477 4994 3601 5056; x_wconf 90' lang='lat' dir='ltr'><strong>sibi</strong></span> <span class='ocrx_word' id='word_1_515' title='bbox 3644 4992 3967 5056; x_wconf 78' lang='lat' dir='ltr'><strong>obnoxios„</strong></span> 
     </span>
     <span class='ocr_line' id='line_1_69' title="bbox 2478 5093 3975 5175; baseline -0.005 -18"><span class='ocrx_word' id='word_1_516' title='bbox 2478 5096 2643 5158; x_wconf 88' lang='lat' dir='ltr'><strong>Reus</strong></span> <span class='ocrx_word' id='word_1_517' title='bbox 2692 5113 2968 5175; x_wconf 89' lang='lat' dir='ltr'><strong>namque</strong></span> <span class='ocrx_word' id='word_1_518' title='bbox 3016 5093 3314 5174; x_wconf 87' lang='lat' dir='ltr'><strong>legalium</strong></span> <span class='ocrx_word' id='word_1_519' title='bbox 3364 5100 3828 5175; x_wconf 83' lang='lat' dir='ltr'><strong>praeceptorum</strong></span> <span class='ocrx_word' id='word_1_520' title='bbox 3869 5107 3975 5151; x_wconf 89' lang='lat' dir='ltr'><strong>ne-</strong></span> 
     </span>
     <span class='ocr_line' id='line_1_70' title="bbox 2479 5189 3973 5276; baseline -0.003 -21"><span class='ocrx_word' id='word_1_521' title='bbox 2479 5212 2800 5276; x_wconf 89' lang='lat' dir='ltr'><strong>quaquam</strong></span> <span class='ocrx_word' id='word_1_522' title='bbox 2856 5190 3095 5254; x_wconf 88' lang='lat' dir='ltr'><strong>valebit</strong></span> <span class='ocrx_word' id='word_1_523' title='bbox 3151 5191 3583 5272; x_wconf 87' lang='lat' dir='ltr'><strong>evangelicam</strong></span> <span class='ocrx_word' id='word_1_524' title='bbox 3644 5189 3973 5272; x_wconf 88' lang='lat' dir='ltr'><strong>perfectio—</strong></span> 
     </span>
     <span class='ocr_line' id='line_1_71' title="bbox 2478 5288 3970 5373; baseline -0.003 -20"><span class='ocrx_word' id='word_1_525' title='bbox 2478 5310 2626 5354; x_wconf 91' lang='lat' dir='ltr'><strong>nem</strong></span> <span class='ocrx_word' id='word_1_526' title='bbox 2664 5291 2997 5371; x_wconf 88' lang='lat' dir='ltr'><strong>attingere,</strong></span> <span class='ocrx_word' id='word_1_527' title='bbox 3032 5290 3325 5373; x_wconf 86' lang='lat' dir='ltr'><strong>quamvis</strong></span> <span class='ocrx_word' id='word_1_528' title='bbox 3370 5289 3643 5352; x_wconf 89' lang='lat' dir='ltr'><strong>inaniter</strong></span> <span class='ocrx_word' id='word_1_529' title='bbox 3670 5288 3970 5372; x_wconf 87' lang='lat' dir='ltr'><strong>glorietur</strong></span> 
     </span>
    </p>
   </div>
  </div>
 </body>
</html>
