4359 6267
825 473 946 538 200
1554 493 1971 542 GOLLATIONUH
2011 495 2097 540 ss,
2132 494 2377 540 runnu
2418 495 2593 540 mmm
2633 495 2673 539 ι.
2720 512 2801 522 --
2841 492 3128 541 commo
3168 494 3207 540 v

826 662 1034 744 ripere
1066 681 1344 744 pugnam
1385 666 1737 726 secundum
1769 665 2153 746 exigentiam
2194 663 2323 726 bel·
2353 665 2403 726 Α
2432 664 2740 746 triumphi
2790 683 3123 727 successus
3173 664 3419 726 faciunt
3467 681 3581 726 nos
3633 681 3941 745 compen-

828 759 871 821 li
917 779 1030 822 seu
1075 760 1215 822 vitii
1259 780 1386 843 quo
1429 762 1770 845 specialius
1819 762 2201 826 infestatur:
2237 763 2323 824 ita
2432 764 2670 826 diosius
2712 764 3047 847 pervenire
3091 764 3168 825 ad
3211 762 3677 844 plenitudinem
3727 760 3941 844 perfe-

828 867 896 920 ut
938 877 1196 921 necesse
1239 861 1321 921 sit
1368 881 1568 923 unum
1614 862 1895 942 primum
1946 861 2321 923 conflictum
2432 861 2659 924 ctionis
2705 862 3175 944 puritatemque
3220 861 3447 923 cordis,

828 957 989 1018 inire
1017 956 1319 1020 adversus
1361 967 1694 1040 peccatum
1734 958 1903 1041 quod
1933 960 2196 1021 tertium
2227 967 2323 1021 est
2510 960 2851 1041 Hucusque
2902 960 3204 1040 Serapion
3249 959 3581 1041 disputans
3626 957 3809 1020 nobis
3853 957 3938 1018 de

826 1056 892 1118 in
923 1056 1143 1117 ordine
1173 1064 1317 1120 octo
1347 1057 1800 1139 principalium
1831 1058 2172 1136 vitiorum3
2214 1058 2323 1120 ali·
2432 1066 2654 1120 natura
2712 1066 2854 1120 octo
2912 1057 3365 1139 principalium
3418 1057 3744 1130 vitiorum,
3796 1064 3931 1117 tam

827 1174 936 1216 um
965 1172 1116 1217 vero
1151 1163 1369 1217 contra
1398 1155 1626 1217 vitium
1667 1164 1964 1238 quartum
2004 1164 2113 1219 aut
2143 1157 2324 1238 quin·
2432 1155 2640 1218 lucide
2682 1156 2985 1218 reseravit
3023 1174 3254 1236 genera
3296 1155 3665 1237 passionum
3699 1155 3764 1215 in
3792 1171 3933 1216 cor-

827 1261 986 1326 tum,
1020 1261 1082 1315 et
1114 1254 1199 1316 ita
1236 1255 1315 1316 de
1350 1255 1599 1327 ceteris,
1635 1264 1823 1337 prout
1860 1254 1992 1316 hoo
2020 1262 2130 1316 aut
2162 1254 2320 1316 illud
2430 1255 2508 1316 de
2547 1263 2764 1317 nostro
2795 1255 3149 1328 latentium,
3184 1273 3455 1336 quarum
3496 1271 3719 1315 causas
3748 1261 3813 1314 et
3842 1250 3933 1313 af-

827 1353 1056 1413 vitium
1088 1353 1288 1433 magis
1327 1361 1546 1434 regnat
1574 1361 1684 1415 aut
1713 1353 1892 1416 saevit
1922 1353 1988 1415 in
2020 1352 2226 1426 nobiS,
2260 1360 2323 1414 et
2430 1353 2711 1415 finitates
2763 1370 2891 1415 non
2940 1362 3305 1435 poteramus
3348 1361 3494 1414 ante
3548 1368 3931 1432 cognoscere

830 1458 1017 1532 prout
1059 1451 1283 1514 modus
1335 1452 1831 1533 impugnationis
1880 1453 2165 1534 requirit.
2211 1453 2323 1513 De·
2430 1471 2637 1534 neque
2688 1453 3071 1526 discernere,
3115 1471 3316 1534 quum
3369 1460 3582 1514 tamen
3630 1450 3712 1512 ab
3770 1450 3930 1531 ipsis

829 1549 1022 1631 nique
1078 1558 1326 1630 oportet
1374 1569 1488 1612 nos
1548 1551 1879 1613 instituere
1937 1558 2126 1633 atque
2185 1569 2322 1632 per·
2430 1558 2825 1613 vastaremur
2872 1569 2985 1612 seu
3039 1551 3563 1632 impugnaremur
3613 1549 3926 1631 quotidie,

827 1666 1012 1728 agere
1064 1649 1353 1711 ordinem
1413 1649 1777 1730 praeliorum
1832 1656 2050 1711 contra
2105 1667 2323 1731 pecca·
2433 1658 2500 1712 ut
2551 1649 2916 1711 videremur
2958 1648 3141 1710 nobis
3202 1648 3571 1730 conspicere
3624 1666 3731 1709 eas
3788 1655 3927 1708 tan-

828 1753 911 1820 ta,
945 1747 1296 1844 secundum
1341 1748 1509 1830 quod
1557 1755 1898 1830 proventus
1938 1748 2219 1810 victoriae
2258 1756 2321 1809 et
2429 1766 2620 1828 quam
2667 1747 2733 1809 in
2778 1746 3036 1829 speculo
3078 1753 3222 1808 ante
3266 1764 3380 1808 nos
3424 1746 3681 1828 positaS.
