4359 6267
1326 536 1405 581 οε
1448 536 1777 581 msrrrtrris
1821 536 1906 581 SS.
1942 536 2205 583 runnu.
2251 555 2332 565 —
2371 538 2547 585 mann
2587 540 2628 585 x
3412 522 3528 587 107

420 702 755 786 Quumque
787 704 1055 767 occultis
1092 704 1604 786 instigationibus
1634 723 1783 767 eum
1826 704 1920 765 in-
1949 703 2002 767 A
2033 713 2168 767 tum
2207 707 2424 788 gloriae
2461 727 2534 770 ac
2573 709 2842 783 decoriS,
2877 710 2985 772 sed
3028 710 3526 791 ignominiosum

416 801 707 863 duxisset
752 803 832 864 ad
882 803 1266 875 exeundum,
1320 802 1657 884 praefigens
1704 804 1760 865 ei
1813 803 1921 865 ho-
2030 806 2456 867 excusationis
2488 806 3117 870 velamen.Dissoluti
3148 826 3299 870 vero
3327 808 3527 889 segni-

414 917 553 960 ram
584 918 713 980 qua
741 901 965 975 exiret,
998 908 1109 961 aut
1137 900 1349 963 locum
1380 900 1490 962 ubi
1524 902 1918 983 praeveniens
2031 900 2117 961 tie
2164 901 2302 973 ista,
2345 908 2408 962 et
2451 903 2790 964 sustentari
2835 912 3173 966 renuentes
3219 923 3524 966 manuum

414 1006 836 1079 exspectaret,
880 1000 1016 1082 ipse
1064 999 1127 1060 in
1181 1000 1563 1061 monasterio
1610 999 1914 1072 substitit,
2031 1015 2243 1079 opere,
2277 999 2446 1080 quod
2488 1000 2826 1080 Apostolus
2876 1001 3309 1064 indesinenter
3350 1019 3524 1063 exer-

412 1102 721 1176 tanquam
752 1096 935 1159 illum
967 1098 1257 1179 protinus
1288 1105 1642 1159 secuturus.
1660 1097 1735 1159 Et
1764 1098 1915 1158 dum
2032 1096 2165 1157 cuit
2195 1102 2256 1157 et
2289 1095 2472 1158 nobis
2512 1116 2806 1160 exercere
2839 1099 3162 1180 praecepit,
3197 1098 3401 1161 solent
3433 1098 3523 1161 uti

417 1192 527 1253 ille
566 1211 644 1254 ex
677 1194 1061 1257 verecundia
1098 1195 1196 1256 sui
1238 1212 1525 1257 recessus
1565 1213 1691 1258 non
1729 1196 1916 1257 aude·
2028 1192 2412 1274 quibusdam
2444 1196 2822 1257 testimoniis
2863 1196 3354 1278 Scripturarum,
3386 1197 3524 1278 qui-

415 1298 515 1351 ret
562 1291 641 1351 ad
694 1292 1172 1366 monasterium,
1216 1293 1293 1354 de
1342 1311 1469 1374 quo
1511 1292 1779 1373 aufugit,
1824 1312 1916 1355 re-
2028 1290 2147 1352 bus
2186 1300 2505 1372 apponant
2546 1312 2674 1355 suae
2716 1294 2957 1356 inertiae
2996 1295 3312 1376 quoddam
3356 1295 3524 1357 vela-

416 1388 577 1462 dire,
607 1388 830 1451 infelix
859 1398 1081 1453 auctor
1110 1390 1275 1471 sugae
1304 1390 1478 1452 illius
1510 1392 1574 1453 in
1609 1400 1918 1454 monaste·
2028 1406 2196 1461 men,
2245 1389 2526 1451 dicentes
2575 1392 2885 1472 scriptum
2933 1410 3072 1454 esse
3108 1410 3121 1454 :
3156 1393 3520 1475 Operamini
3575 1421 3814 1476 Joannx„

416 1485 515 1547 rio
548 1486 799 1549 mansit.
835 1488 965 1549 Hoc
997 1507 1198 1550 unum
1228 1488 1595 1569 exemplum
1636 1488 1919 1550 sussiciat
2027 1505 2153 1549 non
2188 1486 2406 1549 cibum
2439 1489 2547 1569 qui
2593 1490 2777 1569 perit,
2811 1490 2922 1551 sed
2953 1510 3100 1553 eum
3132 1492 3243 1573 qui
3274 1510 3521 1574 perma-
3551 1485 3618 1527 ²⁷·

418 1584 710 1665 posuisse
758 1585 835 1647 de
884 1604 1115 1666 genere
1166 1586 1533 1666 hujusmodi
1585 1587 1917 1650 hominum
2028 1591 2137 1645 net
2176 1585 2242 1645 in
2273 1586 2468 1647 vitam
2508 1594 2848 1667 aeternam;
2881 1596 2964 1661 et,
2993 1590 3164 1651 Meus
3205 1589 3388 1651 cibus
3428 1598 3522 1652 est
3553 1618 3813 1671 nidmu,

418 1698 537 1762 pro
596 1682 1045 1763 incipientium
1100 1684 1391 1746 cautione
1450 1702 1464 1746 :
1527 1702 1655 1767 quo
1713 1692 1920 1766 pateat
2031 1689 2101 1743 ut
2140 1682 2372 1744 faciam
2411 1684 2799 1747 voluntatem
2847 1686 3042 1748 Patris
3089 1687 3233 1749 mei.
3271 1688 3390 1749 Sed
3433 1696 3524 1750 te·

158 1790 317 1835 εαιε.
418 1779 749 1841 evidenter
772 1789 1013 1861 quanta
1042 1780 1206 1842 mala
1235 1782 1440 1862 pariat
1467 1782 1922 1862 otiositas,jux-
2031 1780 2326 1844 stimonia
2357 1782 2475 1843 ista
2505 1792 2648 1844 sunt
2673 1785 2864 1864 panni
2897 1785 2974 1846 de
3005 1785 3315 1847 soliditate
3346 1805 3528 1848 evan-

102 1868 257 1903 ‘¹¹¹³'
282 1857 355 1896 ²⁹·
418 1884 483 1937 ta
512 1876 894 1958 ScripturaS,
928 1878 1025 1940 vel
1059 1897 1199 1959 quae
1228 1879 1387 1941 vitia
1425 1880 1493 1941 in
1536 1887 1747 1942 mente
1788 1898 1917 1943 mo-
1955 1882 2002 1944 B
2031 1878 2248 1958 gelicae
2300 1880 2587 1942 lectionis
2636 1881 2924 1955 abscissi,
2975 1884 3084 1965 qui
3134 1884 3212 1945 ad
3262 1883 3381 1951 hoo
3431 1904 3526 1947 as-

130 1988 385 2036 lcor.1v.
418 1974 607 2035 nachi
664 1975 917 2057 gignat3
970 1976 1070 2037 vel
1130 1978 1665 2058 quemadmodum
1726 1997 1918 2060 prava
2032 1984 2394 2049 sumuntur,
2448 1984 2518 2038 ut
2571 1978 2781 2059 potius
2843 1987 3052 2059 tegant
3111 1981 3526 2061 ignominiam

104 2054 173 2091 ³³·
418 2073 739 2155 colloquia
782 2073 981 2136 bonos
1026 2091 1232 2137 mores
1276 2084 1705 2158 corrumpant.
2031 2073 2366 2135 otiositatis
2407 2082 2469 2136 et
2498 2077 2898 2139 verecundiae
2939 2085 3188 2150 nostrae,
3224 2098 3418 2160 quam
3461 2086 3530 2141 ut

2032 2170 2405 2233 calefaciant
2433 2180 2623 2254 atque
2661 2182 2967 2236 exornent
2999 2194 3112 2237 nos
3151 2176 3425 2257 pretiosa
3455 2196 3528 2238 ac

1458 2330 1461 2335 ,
2032 2268 2313 2350 perfecta
2363 2270 2470 2331 illa
2520 2279 2692 2333 veste
2740 2273 3073 2346 virtutum,
3124 2294 3315 2355 quam
3366 2275 3529 2356 sapi-

764 2327 1268 2391 CAPITULUM
1328 2328 1576 2391 XVIII·
2030 2384 2143 2427 ens
2195 2367 2303 2429 illa
2351 2367 2583 2430 mulier
2631 2368 3000 2433 fortitudine
3043 2391 3118 2433 ac
3162 2373 3387 2435 decore
3439 2374 3530 2434 in—

477 2474 563 2529 De
588 2473 855 2530 diversis
888 2476 1253 2531 testimoniis
1283 2476 1627 2532 Salomonis
1654 2481 1867 2532 contra
2031 2464 2204 2538 duta,
2237 2466 2622 2527 describitur
2663 2467 2726 2528 in
2768 2467 3122 2531 Proverbiis
3163 2470 3393 2533 secisse
3425 2471 3526 2534 vel

1026 2566 1319 2621 acediam.
2030 2561 2176 2634 sibi,
2212 2562 2310 2623 vel
2355 2564 2493 2625 viro
2536 2581 2669 2626 suo,
2714 2564 2800 2626 De
2840 2584 2966 2647 qua
3009 2575 3072 2628 et
3119 2566 3209 2628 ibi
3260 2568 3525 2650 subjun-

2028 2660 2200 2740 gitur
2228 2678 2242 2721 :
2277 2661 2666 2724 Fortitudine
2697 2670 2759 2724 et
2791 2663 3014 2726 decore
3051 2665 3272 2727 induta
3311 2676 3427 2741 est,
3461 2675 3525 2730 et
3568 2687 3818 2739 prowm,
3890 2657 3905 2669 ⁹

3552 2751 3619 2798 25.
3657 2752 3782 2805 juxta

565 2759 718 2822 UOD
758 2760 869 2821 otii
906 2760 1135 2821 vitium
1175 2761 1367 2823 etiam
1408 2761 1918 2843 sapientissimus
2033 2757 2238 2820 laetata
2278 2766 2374 2821 est
2418 2759 2482 2821 in
2527 2760 2751 2823 diebus
2795 2762 3180 2824 novissimis,
3553 2811 3670 2855 Lxx·

584 2857 880 2920 Salomon
918 2857 1394 2921 evidentissime
1434 2867 1607 2921 notat
1648 2860 1711 2921 in
1762 2858 1919 2921 mul·
2110 2856 2376 2938 Insuper
2405 2858 2483 2919 de
2523 2858 2640 2920 hoc
2680 2858 2923 2921 inertiae
2964 2860 3186 2923 morbo
3226 2862 3522 2926 Salomon

164 2977 303 3017 Prae.
422 2955 505 3017 tis
546 2955 723 3028 lociS‚
757 2956 1047 3029 dicendO,
1083 2958 1212 3025 Qui
1237 2967 1525 3018 sectatur
1552 2960 1785 3029 otium,
1820 2980 1916 3019 re·
2030 2953 2117 3013 ait
2166 2971 2180 3014 ε
2237 2957 2364 3016 Vt'ae
2411 2956 2586 3014 m‘lzil
2632 2957 3047 3031 operantium
3097 2967 3323 3018 stratae
3371 2969 3524 3020 sunt
3553 2989 3818 3042 mid-mm,

110 3052 255 3085 “m-
278 3041 351 3080 ¹⁹·
408 3055 709 3129 plebitur
738 3064 1153 3130 paupertate,
1186 3062 1339 3137 puta
1376 3056 1641 3131 visibili,
1676 3065 1785 3118 aut
1824 3057 1918 3119 in-
1956 3059 1999 3122 C
2031 3054 2264 3127 spinz'S,
2307 3052 2368 3112 id
2416 3060 2510 3113 est
2561 3052 2688 3113 illis
2737 3072 2808 3114 ac
2859 3054 3302 3118 consimilibus
3350 3057 3524 3118 vitiis
3549 3052 3674 3106 juxt·
3693 3052 3808 3095 Lxx.

416 3150 684 3225 visibili,
717 3152 869 3233 quia
912 3170 1170 3214 necesse
1209 3160 1305 3215 est
1342 3172 1599 3217 omnem
1643 3156 1917 3217 otiosum
2031 3167 2171 3228 quae
2220 3149 2558 3230 Apostolus
2617 3168 2810 3230 supra
2864 3150 2996 3230 jam
3057 3152 3216 3213 dixit
3265 3154 3342 3215 de
3395 3154 3525 3217 otio

417 3249 687 3311 diversis
728 3250 902 3311 vitiis
946 3249 1285 3331 implicari,
1327 3259 1391 3314 et
1433 3252 1713 3314 alienum
1758 3272 1919 3315 sem·
2031 3247 2225 3307 nasci·
2264 3247 2337 3308 El
2378 3248 2606 3308 iterum
2651 3247 2944 3309 Salomon
2982 3268 2995 3311 :
3028 3252 3112 3310 In
3152 3254 3523 3323 desideriis,
3589 3274 3705 3318 [bid.
3734 3290 3819 3327 ιιι,

417 3364 536 3427 per
560 3347 865 3410 exsistere
896 3366 933 3409 a
964 3350 1500 3431 contemplatione
1532 3351 1751 3413 divina
1790 3350 1918 3432 spi·
2031 3343 2262 3425 inquit,
2297 3354 2386 3405 est
2425 3348 2635 3405 omnis
2667 3348 2924 3407 otiosus,
2961 3347 3050 3409 De
3089 3348 3323 3429 quibus
3367 3350 3526 3411 dixit
3554 3338 3785 3442 ffixff'm‘

417 3445 887 3527 ritualibusque
917 3446 1279 3519 divitiis‚de
1311 3448 1547 3529 quibus
1576 3448 1664 3509 ait
1696 3448 1917 3510 beatus
2028 3442 2368 3524 Apostolus
2403 3461 2416 3504 ε
2451 3442 2701 3505 Nullius
2743 3443 2984 3526 aliquid
3026 3446 3414 3509 desideretis
3453 3447 3526 3509 Et
3557 3470 3819 3524 ineam,

130 3560 369 3611 ιι·ω·.ι,5.
416 3542 759 3625 Apostolus
794 3560 807 3604 :
842 3542 1000 3616 Quia
1043 3544 1109 3605 in
1152 3544 1451 3607 omnibus
1494 3545 1723 3607 divites
1768 3546 1917 3607 sacti
2030 3540 2262 3602 iterum
2299 3558 2312 3601 :
2343 3544 2560 3601 Multa
2591 3544 2766 3601 mala
2796 3545 3016 3603 docuit
3047 3546 3354 3607 otiositas
3381 3546 3528 3619 Quae
3559 3536 3752 3639 ¹¹23oeae

416 3641 573 3703 estis
621 3640 688 3703 in
746 3640 878 3715 illo,
932 3642 997 3703 in
1046 3642 1222 3705 omni
1273 3642 1468 3705 verbo
1516 3652 1579 3705 et
1628 3644 1695 3705 in
1742 3644 1919 3705 omni
2027 3638 2366 3719 Apostolus
2408 3638 2736 3701 evidenter
2775 3650 3106 3704 enumerat
3147 3642 3212 3705 in
3252 3643 3352 3705 his
3385 3663 3528 3726 quae
3555 3661 3790 3708 xxx...,2o.

419 3738 705 3801 scientia.
2030 3755 2224 3818 supra
2266 3738 2701 3818 exposuimuS,
2746 3738 2966 3801 dicens
3001 3758 3014 3801 :
3049 3740 3219 3803 Nihil
3263 3759 3526 3823 operan-
3553 3765 3818 3819 umam,

502 3836 688 3899 Porro
728 3836 807 3897 de
845 3835 962 3898 hac
1001 3836 1114 3899 otii
1155 3844 1525 3919 paupertate
1568 3838 1721 3899 alibi
1765 3856 1919 3920 quo·
2030 3841 2146 3909 ωε,
2180 3835 2291 3897 sed
2322 3835 2570 3897 curiose
2601 3843 2874 3915 agentes.
2902 3837 3058 3898 Huic
3087 3856 3340 3919 quoque
3370 3840 3527 3902 vitio
3556 3831 3620 3872 ¹¹·

114 3950 387 3999 Pronum.
416 3952 545 4017 que
586 3934 679 3997 sic
728 3934 1041 4015 scriptum
1088 3942 1186 3997 est
1229 3952 1243 3996 ε
1284 3939 1373 3997 Ec
1418 3938 1732 3997 vestietur
1774 3956 1917 3997 con·
2032 3933 2366 4013 subjunxit
2395 3941 2458 3995 et
2489 3933 2647 3994 illud
2681 3953 2694 3997 :
2731 3933 2996 4015 Operam
3030 3936 3191 3997 detis
3227 3945 3296 3998 ut
3324 3938 3524 4018 quieti
3555 3934 3816 4007 ιΤιιωζιν,

112 4016 357 4117 ffifmu
415 4034 615 4093 scissa
651 4040 821 4092 veste
862 4040 923 4091 et
950 4050 1250 4107 pannosa
1288 4035 1499 4093 omnis
1539 4035 1919 4095 somnio-ulo·
2032 4031 2169 4092 sitis
2191 4048 2208 4109 3
2250 4038 2313 4091 et
2351 4030 2602 4104 deinde,
2638 4032 2712 4094 Ut
2757 4039 2965 4094 vestra
3008 4035 3256 4114 negotia
3303 4037 3520 4114 agatis,
3554 4023 3621 4063 ¹¹·

416 4152 548 4191 sus.
608 4130 767 4193 Nam
826 4130 1067 4212 absque
1126 4131 1323 4193 dubio
1380 4150 1507 4195 non
1567 4133 1921 4195 merebitur
2029 4135 2092 4190 et
2121 4129 2384 4191 honeste
2415 4128 2750 4190 ambuletis
2781 4130 2860 4191 ad
2891 4147 2997 4191 eos
3029 4131 3140 4211 qui
3167 4130 3323 4193 foris
3354 4140 3522 4207 sunt,

416 4229 710 4292 adornari
753 4228 864 4291 illo
904 4229 1397 4309 incorruptionis
1430 4232 1811 4294 vestimento
1840 4233 1917 4294 de
1949 4242 1998 4303 D
2028 4235 2091 4287 et
2133 4226 2374 4289 nullius
2414 4227 2657 4308 aliquid
2698 4227 3088 4289 desideretis.
3125 4228 3290 4301 Quos
3330 4230 3522 4291 etiam

136 4345 385 4395 nonna.
416 4344 548 4409 quo
593 4326 781 4407 jubet
826 4326 1165 4407 Apostolus
1214 4345 1227 4388 :
1279 4328 1527 4391 Induite
1577 4329 1917 4392 Dominum
2030 4324 2419 4387 inordinatos
2450 4344 2521 4387 ae
2560 4325 2827 4387 rebelles
2859 4326 3126 4400 vocavit,
3149 4327 3525 4408 praecipiens

112 4411 633 4519 'am-„lesum
678 4424 1037 4503 Christum;
1078 4433 1141 4486 et
1183 4425 1436 4498 iterum,
1472 4427 1680 4489 lnduti
1727 4428 1921 4490 lorica
2028 4422 2330 4485 studiosis
2390 4423 2754 4505 quibusque
2816 4432 2884 4485 ut
2941 4432 3271 4506 segregent
3323 4444 3390 4487 se
3445 4426 3527 4487 ab

112 4536 153 4575 a.
413 4522 683 4604 justitiae
724 4530 789 4585 et
832 4522 1129 4585 caritatis.
1175 4524 1261 4585 De
1305 4542 1431 4605 quo
1474 4526 1665 4587 etiam
1709 4525 1919 4588 Domi·
2027 4520 2155 4583 illis
2193 4538 2206 4582 ε
2241 4520 2638 4583 Subtrahatis
2687 4538 2818 4593 VOS,
2863 4520 3180 4603 inquienS‚
3221 4522 3302 4585 ab
3347 4524 3523 4585 omni
3556 4538 3818 4588 urticam,

415 4640 543 4682 nus
600 4620 680 4681 ad
728 4619 1075 4683 Jerusalem
1136 4621 1418 4703 loquitur
1477 4642 1591 4704 per
1647 4624 1917 4705 Prophe·
2026 4617 2219 4680 fratre
2248 4618 2614 4681 ambulante
2646 4618 2998 4681 inordinate
3029 4628 3092 4682 et
3123 4620 3428 4702 inquiete,
3463 4629 3527 4682 et
3555 4604 3596 4643 ⁶·

134 4738 199 4781 ιε.
228 4752 297 4789 m,
324 4742 365 4781 ι.
418 4726 589 4781 tam:
616 4718 919 4799 Exsurge,
942 4737 1229 4800 exsurge,
1249 4721 1620 4795 Jerusalem,
1646 4722 1915 4784 induere
2027 4734 2155 4777 non
2201 4716 2552 4778 secundum
2593 4715 2997 4778 traditionem
3034 4737 3226 4799 quam
3270 4736 3526 4799 accepe-

416 4816 822 4879 vestimentis
864 4816 1079 4898 gloriae
1121 4825 1265 4881 tuae.
1303 4818 1700 4901 Quicumque
1742 4821 1915 4882 enim
2029 4821 2178 4874 runt
2222 4832 2260 4874 a
2301 4812 2504 4875 nobis.

416 4924 756 4997 superatus
797 4933 1021 4979 somno
1049 4917 1163 4979 otii
1203 4917 1337 4981 sive
1366 4919 1621 4993 acediae,
1656 4919 1918 5001 elegerit

417 5012 656 5093 operiri
686 5030 814 5075 non
848 5012 1060 5077 labore
1092 5034 1221 5079 suae
1251 5015 1597 5091 industriae,
1631 5017 1743 5079 sed
1772 5035 1921 5099 pan·

418 5110 525 5172 nis
570 5129 683 5172 seu
726 5111 904 5173 vitiis
953 5131 1083 5175 suae
1130 5113 1395 5187 inertiae,
1438 5132 1597 5196 quos
1645 5114 1919 5177 abscidit
2399 5075 2900 5140 CAPITULUM
2963 5077 3148 5141 XIX·

418 5208 501 5270 de
544 5208 944 5289 plenitudine
992 5229 1065 5273 ac
1109 5228 1371 5293 corpore
1421 5212 1913 5295 Scripturarum,
2029 5232 2202 5299 Quod
2227 5232 2474 5287 Fratres
2514 5232 2584 5286 t'n
2609 5232 2868 5303 AEqypto
2904 5233 3034 5289 suis
3061 5231 3342 5288 manibus
3381 5249 3522 5306 ope.

422 5306 745 5387 coaptabit
792 5306 1157 5388 ignominiae
1216 5330 1347 5373 suae
1404 5328 1532 5373 non
1582 5312 1922 5375 vestimen·
2102 5327 2338 5384 rentur,
2383 5327 2449 5377 ut
2491 5336 2613 5377 non
2649 5320 2840 5378 solum
2878 5322 3276 5395 satisfaciant
3329 5340 3527 5380 neces-
