4359 6267
62 3272 64 3323 --
61 1264 87 3263 -—-——-—-*——————-——————-——-..
73 1091 88 1210 ’,Ε-
74 740 95 1080 ,—
75 131 97 313 —

411 705 746 779 Capitulum
775 706 891 761 VII.
924 705 1002 761 De
1031 704 1358 777 appetenda
1393 702 1584 759 cordis
1615 706 1774 760 tran-

489 794 774 867 quillitate
821 836 1768 851 ...........
1816 792 1918 849 138

413 883 746 956 Capitulum
769 886 910 940 VIII.
935 885 1012 939 De
1042 881 1351 956 principali
1383 884 1593 938 conatu
1622 882 1776 938 circa

486 973 1038 1045 contemplationem
1089 971 1444 1035 divinorum,
1483 974 1542 1027 et
1581 971 1652 1026 de
1697 971 1776 1027 si-

487 1060 821 1117 militudine
849 1061 1042 1117 Marioe
1070 1064 1128 1119 et
1163 1061 1404 1117 Marthae
1480 1104 1492 1115 .
1573 1104 1584 1115 .
1666 1103 1678 1115 .
1759 1103 1770 1115 .
1815 1060 1918 1115 139

411 1149 746 1222 Capitulum
786 1151 874 1207 IX.
917 1149 1316 1223 Interrogatio.
1354 1148 1604 1221 qualiter
1640 1164 1775 1219 ope-

485 1239 634 1295 ratio
660 1239 944 1296 virtutum
985 1256 1102 1295 non
1141 1242 1467 1310 perseveret
1504 1254 1639 1295 cum
1673 1238 1774 1293 ho·

488 1329 647 1386 mine
727 1369 1766 1386 ............
1815 1326 1918 1381 139

1693 535 1880 583 moax
1921 535 2257 583 emanans
3398 519 3513 583 491

2098 721 2201 776 per
2230 703 2702 762 indiscretionem
2710 748 3369 761 ........
3415 705 3519 761 153

2025 792 2355 865 Capitulum
2382 795 2489 849 Vll.
2516 795 2592 850 De
2622 794 2860 852 alterius
2890 794 3177 860 illusione,
3196 810 3372 867 quam

2095 899 2199 953 per
2226 882 2698 940 indiscretionem
2738 882 2986 939 incurrit
2992 926 3369 939 .....
3418 882 3521 937 154

2025 970 2355 1043 Capitulum
2403 972 2543 1027 VIII.
2592 973 2667 1027 De
2719 972 2883 1044 lapsu
2930 975 2986 1028 et
3041 971 3376 1044 deceptione

2097 1060 2368 1117 monachi
2402 1061 2851 1132 lilesopotameni
2895 1105 3371 1118 ......
3418 1061 3521 1117 154

2023 1148 2353 1221 Capitulum
2386 1148 2475 1203 IX.
2509 1150 2891 1222 Interrogatio
2919 1151 2989 1207 de
3024 1150 3379 1223 acquirenda

2093 1254 2231 1293 vera
2260 1237 2604 1296 discretione
2611 1283 3368 1297 .........
3416 1238 3518 1295 154

2025 1325 2355 1398 Capitulum
2404 1328 2467 1383 X.
2517 1329 2851 1400 Responsio,
2902 1330 3151 1403 qualiter
3198 1330 3378 1403 possi-

415 1417 752 1490 Capitulum
802 1420 863 1474 X.
915 1418 1231 1491 Responsio
1277 1416 1503 1475 abbatis
1547 1414 1774 1489 Moysis,

490 1510 648 1580 quod
706 1508 955 1565 cessabit
1009 1524 1212 1564 earum
1271 1507 1442 1571 actio,
1500 1507 1600 1563 sed
1657 1520 1774 1560 non

488 1615 714 1655 merces
733 1639 1773 1654 ............
1817 1593 1921 1651 140

416 1688 748 1760 Capitulum
795 1689 886 1743 XI.
927 1688 1005 1743 De
1053 1687 1310 1743 caritatis
1357 1686 1773 1760 perpetuitate.
1818 1684 1921 1742 140

415 1776 750 1850 Capitulum
799 1777 916 1833 XII.
966 1776 1344 1849 lutei-rogatio
1392 1777 1462 1832 de
1521 1792 1780 1847 perseve-

485 1866 681 1923 rantia
719 1865 1040 1939 spiritualis
1069 1866 1310 1922 theoriae
1389 1907 1774 1921 .....
1818 1864 1914 1919 141

415 1956 748 2028 Capitulum
797 1956 940 2011 XIII.
979 1954 1296 2026 Responsio
1341 1956 1413 2012 de
1460 1954 1776 2011 directione

489 2044 684 2101 cordis
713 2044 773 2100 in
804 2046 1008 2109 Deum,
1041 2046 1098 2099 et
1125 2044 1196 2099 de
1233 2060 1414 2115 regno
1444 2042 1541 2099 Dei
1579 2058 1782 2114 regno·

489 2152 602 2206 que
640 2132 842 2190 Zabuli
921 2176 1774 2189 ..........
1819 2131 1918 2188 141

419 2222 751 2296 Capitulum
798 2224 938 2278 XIV.
989 2224 1066 2279 De
1116 2221 1332 2278 animae
1380 2220 1775 2294 perpetuitate.
1822 2221 1922 2277 142

419 2312 752 2386 Capitulum
792 2312 904 2367 XV.
941 2313 1020 2369 De
1059 2310 1510 2383 contemplando
1549 2310 1682 2367 Deo.
1764 2353 1776 2365 .
1819 2310 1923 2365 144

421 2402 754 2475 Capitulum
784 2403 924 2459 XVI.
957 2398 1337 2473 Interrogatio
1371 2400 1441 2456 de
1480 2398 1780 2471 cogitatio-

494 2508 638 2549 num
673 2492 996 2548 mobilitate
1019 2531 1775 2546 .........
1821 2488 1924 2545 144

423 2580 752 2654 Capitulum
811 2581 974 2636 XVII.
1027 2578 1362 2652 ResponsiO,
1415 2577 1558 2651 quid
1615 2592 1783 2634 mens

493 2669 676 2743 possit
703 2686 879 2743 super
905 2671 1060 2725 statu
1089 2669 1531 2741 cogitationum,
1555 2670 1611 2725 et
1639 2665 1779 2739 quid

497 2775 614 2816 non
645 2759 827 2831 possit
832 2800 1775 2816 ...........
1819 2756 1922 2812 144

425 2848 752 2920 Capitulum
776 2849 966 2904 XVIII.
985 2847 1348 2919 Comparatio
1377 2846 1634 2918 aquarioe
1661 2862 1782 2902 mo-

493 2938 565 2994 1ae
603 2955 672 2994 ac
704 2938 920 2995 animas
925 2980 1772 2994 ..........
1818 2936 1922 2992 145

425 3026 754 3099 Capitulum
809 3028 944 3083 XIX.
997 3030 1074 3085 De
1119 3027 1307 3083 tribus
1358 3024 1776 3097 cogitationum

494 3118 830 3172 nostrarum
859 3114 1164 3188 principiis
1204 3158 1772 3172 .......
1818 3116 1921 3171 145

425 3204 755 3276 Capitulum
785 3206 898 3260 XX.
931 3206 1008 3261 De
1048 3204 1446 3262 discernendis
1481 3204 1778 3276 cogitatio-

495 3292 670 3349 nibus
705 3293 780 3349 ad
819 3292 1268 3350 similitudinem
1312 3291 1627 3366 probabilis
1661 3296 1777 3349 tra-

495 3382 692 3453 pezitoe
716 3385 774 3438 et
809 3382 1196 3439 nummularii
1204 3426 1772 3439 .......
1816 3382 1920 3439 146

423 3470 752 3544 Capitulum
811 3472 949 3527 XXI.
1000 3473 1075 3529 De
1131 3470 1499 3529 illusionibus
1553 3471 1780 3529 abbatis

493 3560 734 3617 Joannis
825 3604 1771 3618 ...........
1816 3562 1920 3617 147

421 3650 752 3722 Capitulum
798 3650 962 3707 XXII.
1013 3651 1090 3707 De
1143 3650 1508 3722 quadruplici
1562 3650 1775 3707 discre-

491 3738 650 3797 tione
728 3782 1767 3796 ............
1817 3740 1918 3796 148

419 3827 751 3899 Capitulum
783 3830 972 3885 XXIII.
1004 3828 1082 3885 De
1109 3844 1376 3885 sermone
1411 3828 1663 3884 doctoris
1691 3844 1776 3885 se—

493 3919 756 3975 cundum
796 3916 1236 3991 dispositionem
1275 3920 1332 3973 et
1371 3916 1645 3975 meritum
1676 3934 1777 3974 au·
1871 3956 1878 3965 .

493 4006 782 4065 clientium
824 4051 1768 4065 ...........
1814 4007 1918 4063 148

423 4192 721 4255 Coum-10
764 4205 1038 4253 secunus
1074 4188 1364 4270 (Abbatis
1413 4188 1642 4272 Moysis
1689 4207 1781 4251 se·

503 4280 754 4359 cunda).
788 4280 876 4342 De
907 4278 1288 4341 discretione
1292 4329 1771 4344 ......
1815 4286 1920 4344 150

423 4449 750 4523 Capitulum
801 4450 842 4504 1.
892 4449 1248 4508 Prooemium
1298 4449 1524 4507 abbatis
1567 4447 1775 4523 Moysis

495 4540 566 4596 de
596 4538 780 4612 gratia
814 4538 1179 4597 discretionis
1201 4582 1769 4596 .......
1815 4538 1917 4594 150

425 4628 754 4701 Capitulum
786 4628 851 4684 11.
883 4627 1034 4694 Quid
1064 4628 1336 4686 discretio
1366 4626 1622 4685 conferat
1651 4643 1774 4682 mo-

496 4718 682 4775 nacho
696 4734 711 4783 ;
743 4720 802 4774 et
829 4716 1142 4790 disputatio
1168 4716 1393 4774 abbatis
1423 4715 1658 4772 Antonii
1687 4732 1778 4772 su·

497 4824 598 4880 per
623 4806 733 4863 hoc
741 4849 1769 4865 ............
1816 4804 1920 4860 150

425 4898 751 4970 Capitulum
785 4897 876 4953 111.
909 4899 985 4954 De
1023 4912 1218 4953 errore
1247 4896 1438 4953 Saulis
1469 4898 1526 4953 et
1552 4894 1771 4961 Achab,

496 4986 596 5059 qui
624 5004 728 5059 per
754 4985 1229 5043 indiscretionem
1262 4986 1485 5058 decepti
1523 4987 1676 5041 sunt.
1760 5028 1771 5039 .
1817 4984 1920 5040 152

427 5075 754 5148 Capitulum
796 5076 885 5130 IV.
921 5076 1059 5139 Quoe
1095 5072 1426 5132 referantur
1463 5073 1522 5129 in
1561 5071 1778 5129 sanctis

497 5164 811 5237 Scripturis
837 5163 906 5220 de
935 5163 1086 5219 bono
1115 5162 1496 5219 discretionis.
1577 5206 1588 5218 .
1669 5206 1680 5217 .
1762 5206 1772 5217 .
1818 5162 1922 5218 152

427 5253 756 5328 Capitulum
795 5254 858 5309 V.
891 5253 968 5309 De
1008 5255 1194 5309 morte
1235 5251 1476 5308 Heronis
1509 5250 1680 5308 senis.
1761 5296 1771 5307 .
1819 5254 1922 5308 152

430 5343 757 5419 Capitulum
787 5343 876 5397 vl.
910 5342 986 5398 De
1015 5341 1187 5399 ruina
1224 5342 1474 5397 duorum
1506 5341 1774 5398 Fratrum

2097 1416 2302 1471 deatur
2329 1432 2464 1472 vera
2490 1415 2761 1474 discretio
2805 1462 3370 1477 .......
3419 1418 3521 1475 154

2024 1504 2353 1576 Capitulum
2402 1506 2490 1561 XI.
2542 1508 2722 1563 Verba
2780 1509 3005 1566 abbatis
3050 1507 3380 1581 Serapi0nis

2096 1595 2167 1651 de
2198 1596 2383 1650 morte
2414 1596 2831 1667 cogitationum
2860 1597 3297 1671 patefacturum,
3324 1599 3381 1653 et

2097 1684 2167 1739 de
2196 1682 2451 1754 periculo
2482 1684 2731 1756 proprias
2768 1686 3133 1745 conlidentiae
3174 1731 3187 1744 .
3267 1731 3279 1743 .
3360 1730 3373 1743 .
3420 1687 3524 1743 155

2025 1772 2355 1845 Capitulum
2398 1774 2510 1828 XII.
2552 1774 2844 1831 Confessio
2882 1776 3245 1833 verecundia}
3282 1793 3383 1832 no-

2097 1863 2232 1917 stroe
2278 1861 2349 1916 ob
2398 1878 2577 1933 quam
2624 1862 3116 1921 confunderemur
3164 1864 3379 1937 cogita·

2097 1950 2285 2007 tiones
2322 1954 2549 2007 nostras
2576 1951 2897 2009 senioribus
2920 1954 3191 2010 revelare.
3270 1998 3281 2010 .
3364 1999 3376 2011 .
3422 1955 3524 2011 156

2025 2041 2354 2114 Capitulum
2386 2041 2526 2097 XIII.
2551 2043 2627 2099 De
2659 2042 2990 2100 confusione
3022 2044 3131 2100 ista
3158 2045 3384 2101 calcan-

2098 2133 2193 2195 da,
2223 2134 2281 2188 et
2308 2132 2379 2189 de
2408 2130 2665 2204 periculo
2697 2149 2811 2188 non
2842 2133 3189 2191 condolendi
3270 2178 3282 2190 .
3364 2178 3376 2189 .
3422 2135 3524 2191 157

2027 2221 2357 2294 Capitulum
2390 2222 2525 2276 XIV.
2559 2222 2636 2278 De
2662 2222 2963 2279 vocatione
3002 2224 3291 2281 Samuelis
3364 2268 3376 2280 .
3421 2225 3525 2281 159

2027 2310 2357 2384 Capitulum
2388 2313 2500 2367 XV.
2521 2312 2597 2367 De
2618 2313 2915 2370 vocatione
2932 2314 3093 2370 Pauli
3115 2313 3377 2385 apostoli.
3423 2316 3525 2371 159

2027 2400 2357 2473 Capitulum
2390 2401 2525 2455 XVI.
2559 2402 2635 2456 De
2666 2401 3012 2460 discretione
3037 2404 3377 2475 appetenda.
3424 2404 3525 2458 159

2027 2489 2357 2560 Capitulum
2398 2490 2559 2545 XVII.
2593 2491 2669 2546 De
2707 2490 3113 2548 immoderatis
3140 2491 3384 2564 jeJuniis

2099 2595 2166 2634 ac
2194 2578 2407 2651 vigiliis
2431 2623 3377 2637 ...........
3422 2582 3527 2638 160

2028 2667 2358 2740 Capitulum
2390 2666 2579 2723 XVIII.
2614 2668 2993 2741 Interrogatio
3024 2669 3093 2725 dc
3127 2668 3383 2727 refectio-

2100 2756 2193 2812 nis
2224 2773 2497 2814 mensura
2529 2800 3375 2815 ..........
3421 2760 3527 2818 160

2026 2845 2355 2917 Capitulum
2382 2846 2516 2901 XIX.
2542 2847 2618 2903 De
2647 2846 2867 2917 optimo
2896 2848 3071 2903 modo
3101 2846 3212 2903 cibi
3244 2865 3383 2920 quo-

2099 2934 2306 2991 tidiani
2340 2978 3374 2995 ............
3422 2940 3525 2996 160

2026 3024 2357 3096 Capitulum
2388 3025 2497 3080 XX.
2521 3024 2775 3096 ObJectio
2806 3026 2876 3083 de
2907 3025 3180 3083 facilitate
3210 3028 3381 3085 absti-

2098 3112 2314 3170 nentiae
2344 3114 2521 3186 hujus
2527 3157 3373 3173 ..........
3420 3120 3521 3174 160

2025 3200 2354 3274 Capitulum
2402 3203 2537 3259 XXI.
2588 3204 2902 3275 Responsio
2948 3206 3018 3261 de
3063 3204 3277 3263 virtute
3324 3210 3381 3263 et

2097 3291 2275 3347 modo
2302 3308 2372 3348 ex
2404 3294 2563 3363 parte
2592 3292 2965 3350 continentia}
2986 3338 3374 3352 .....
3422 3298 3522 3353 160

2023 3379 2355 3453 Capitulum
2386 3382 2549 3435 XXII.
2580 3382 2721 3447 Quis
2747 3382 2822 3437 sit
2849 3384 3137 3455 generalis
3165 3388 3379 3444 modus

2094 3469 2427 3526 refectionis
2460 3487 2529 3527 ac
2569 3470 2945 3529 continentia!
2987 3518 3374 3533 .....
3421 3478 3517 3533 161

2022 3558 2346 3631 Capitulum
2364 3560 2551 3616 XXIII.
2564 3560 2823 3625 Qualiter
2839 3562 3189 3621 abstinentIa
3207 3566 3379 3623 abun-

2092 3648 2359 3704 dantIam
2420 3648 2735 3706 humorum
2788 3650 3133 3722 genitalium
3192 3654 3376 3726 repri-

2096 3738 2219 3792 mat
2242 3780 3373 3799 .............
3419 3743 3517 3798 161

2023 3824 2353 3896 Capitulum
2395 3826 2577 3882 XXIV.
2613 3828 2689 3884 De
2727 3827 2923 3885 labore
2965 3829 3204 3901 oequalis
3231 3828 3375 3887 refe-

2093 3911 2321 3977 ctionis,
2339 3913 2486 3969 etde
2516 3914 2794 3972 edacitate
2823 3915 3017 3973 fratris
3048 3917 3372 3990 BenjamIn.
3418 3919 3514 3974 161

2023 4000 2353 4073 Capitulum
2375 4002 2533 4058 XXV.
2558 4004 2954 4076 Interrogatio,
2978 4005 3226 4077 qualiter
3254 4023 3379 4079 pos·

2093 4091 2164 4147 sit
2197 4106 2429 4164 semper
2454 4091 2669 4148 servari
2710 4108 2827 4149 una
2864 4094 3183 4167 eademque
3214 4112 3376 4153 men-

2023 4196 2351 4340 natis...
2391 4224 2577 4327 xm.
2610 4226 2924 4343 issi...
2963 4227 3035 4330 ΑΒ
3074 4227 3375 4333 ...ax-..2
3416 4186 3521 4243 ¹⁶²

2097 4357 2360 4416 fectionis
2389 4376 2505 4416 non
2537 4361 2867 4418 excedendo
2891 4406 3369 4424 ......
3417 4368 3518 4424 162

2025 4540 2321 4603 Consano
2375 4556 2595 4603 raam
2640 4541 2931 4620 (Abbatis
2987 4542 3371 4629 paphnutii).

2106 4630 2193 4692 De
2222 4629 2426 4693 tribus
2456 4630 3119 4717 abrenuntiatIOnibus
3168 4690 3180 4701 .
3260 4689 3272 4702 .
3354 4690 3366 4705 .
3413 4648 3515 4707 163

2023 4800 2351 4874 Capitulum
2388 4801 2425 4857 I.
2460 4803 2537 4859 De
2566 4801 2682 4858 vita
2710 4800 2895 4859 sancti
2924 4804 3238 4876 Paphnutii
3268 4853 3278 4864 .
3358 4852 3371 4865 .
3416 4812 3517 4868 163

2025 4890 2352 4963 Capitulum
2387 4892 2453 4947 ΙΙ.
2487 4892 2564 4949 De
2602 4908 2870 4949 sermone
2908 4891 3035 4965 eJus
3072 4910 3139 4950 ac
3180 4900 3375 4955 nostra

2095 4980 2471 5053 responsione
2522 5024 3370 5043 ..........
3418 4990 3519 5044 163

2026 5070 2358 5142 Capitulum
2406 5071 2497 5126 IlI.
2547 5071 2867 5143 Propositio
2921 5072 3147 5129 abbatis
3192 5074 3377 5146 Paph-

2100 5161 2248 5217 nutii
2250 5203 3370 5222 .............
3418 5167 3522 5224 164

2025 5250 2355 5323 Capitulum
2387 5250 2473 5305 1v.
2499 5251 2574 5306 De
2600 5249 2787 5305 tribus
2811 5250 3180 5309 vocationum
3210 5270 3378 5325 gene-

2097 5340 2261 5399 ribus
2338 5382 3369 5400 ............
3416 5346 3519 5403 164
