4359 6267
139 1507 176 1596 uo}
185 1508 344 1562 Πεμιιι,

159 3777 256 3822 Νι..
271 3795 292 3824 x

137 3901 330 3954 Act-¹5³⁰.

1063 538 1480 586 commolunt
1521 537 1607 584 SS.
1642 535 1884 581 PA'mmt
1925 535 2100 581 LIBER
2143 535 2182 579 1.
2230 553 2310 562 --
2351 532 2637 579 COLLATIO
2677 534 2739 579 vl

3334 507 3457 572 209

371 708 743 773 interficiam
792 711 870 772 de
911 709 1128 773 Achab
1179 709 1569 790 mingentem
1619 707 1695 770 ad
1747 726 1853 789 pa·
1884 705 1936 768 A
1963 705 2422 787 digressionem
2464 723 2501 766 a
2549 703 2873 786 proposita
2924 700 3283 763 narratione
3332 717 3459 781 qua

370 808 605 881 rietem‚
651 816 717 870 et
763 808 1053 871 clausum
1095 817 1158 871 et
1199 807 1624 870 novissimum
1666 805 1730 867 in
1769 806 1854 868 Is-

372 907 526 986 rael;
567 915 630 968 et
662 907 826 970 dabo
865 909 1128 970 domum
1166 913 1342 968 tuam
1385 905 1550 968 sicut
1591 907 1854 967 domum

368 1005 688 1068 Jeroboam
754 1006 880 1069 filii
947 1006 1169 1080 Nabat‚
1231 1012 1294 1067 et
1361 1004 1531 1067 sicut
1593 1004 1854 1066 domum

371 1105 574 1178 Baasa,
617 1104 770 1185 quia
820 1105 1004 1186 egisti
1059 1113 1132 1166 ut
1183 1122 1286 1166 me
1335 1102 1412 1165 ad
1461 1102 1854 1165 iracundiam

373 1219 759 1284 provocareS‚
802 1210 866 1265 et
905 1222 1170 1285 peccare
1219 1201 1428 1265 fecisti
1479 1201 1705 1280 Israe13
1757 1220 1856 1263 ca-

372 1319 476 1363 nes
541 1319 796 1384 quoque
864 1302 1197 1365 comedent
1262 1299 1510 1364 Jezabel
1577 1300 1642 1362 in
1707 1317 1857 1381 agro

368 1398 628 1478 Jezrael;
671 1400 724 1462 si
770 1409 1058 1463 mortuus
1104 1398 1298 1462 fuerit
1335 1398 1552 1461 Achab
1596 1399 1661 1459 in
1707 1398 1858 1460 civi-

371 1504 509 1571 tate,
543 1505 700 1578 etc.;
733 1507 798 1561 et
829 1499 980 1562 item
1018 1516 1032 1561 ε
1065 1499 1202 1561 Non
1241 1497 1551 1560 inferetur
1589 1497 1856 1559 cadaver

369 1603 543 1658 tuum
583 1597 650 1658 in
693 1598 1061 1680 sepulcrum
1114 1604 1364 1678 patrum
1409 1603 1683 1658 tuorum.
1718 1595 1854 1658 Non

369 1696 527 1776 quod
587 1695 722 1758 haec
781 1695 994 1759 brevis
1053 1704 1114 1758 et
1168 1703 1610 1758 momentanea
1667 1712 1854 1776 poena

369 1791 686 1856 sufficeret
727 1812 1080 1876 expurgare
1125 1793 1389 1875 profana
1437 1792 1720 1855 facinora
1758 1792 1851 1854 Je-

1965 803 2335 867 dicebamus
2392 803 2605 867 virum
2666 801 3023 884 perfectum
3078 817 3335 862 manere
3390 798 3455 860 in

1965 910 2232 985 utraque
2297 901 2643 964 tentatione
2710 919 2964 982 semper
3032 897 3452 970 immobilem,

1965 1021 2136 1064 nunc
2180 1009 2576 1064 revertamur
2615 999 2693 1062 ad
2740 999 2929 1062 idem.

2350 1257 2853 1322 CAPITULUM
2915 1257 3068 1320 XII.

2051 1407 2351 1475 Quomodo
2369 1406 2581 1478 justus
2609 1406 2821 1463 debeat
2848 1422 2972 1463 esse
3000 1403 3224 1462 similis
3251 1419 3373 1458 non

2150 1513 2326 1560 σενα»,
2356 1497 2461 1552 sed
2487 1497 2831 1568 siqnatorio
2860 1495 3277 1553 adamantino.

2123 1693 2269 1756 ENS
2309 1693 2501 1773 igitur
2537 1691 2694 1773 justi
2731 1709 2857 1754 non
2894 1691 3083 1754 debet
3111 1710 3249 1754 esse
3284 1691 3457 1754 simi-

2142 1791 2220 1853 lis
2252 1810 2411 1854 ccrae
2440 1798 2546 1854 aut
2578 1790 2757 1853 alteri
2793 1790 2970 1852 molli
3002 1791 3459 1873 materiae,quae

369 1892 640 1968 roboam,
669 1893 780 1975 qui
822 1893 1069 1975 primus
1115 1891 1390 1954 instituit
1429 1908 1652 1953 aureos
1690 1891 1852 1952 vitu·
1881 1895 1927 1956 B
1963 1908 2217 1972 semper
2259 1890 2424 1952 cedit
2474 1889 2696 1972 figurae
2744 1889 3131 1971 signantium
3177 1897 3241 1951 et
3279 1889 3462 1970 juxta

369 1990 456 2053 los
499 1991 574 2052 ad
619 2000 989 2073 perpetuam
1035 1990 1244 2073 plebis
1287 1989 1848 2070 transgressionem

365 2098 423 2151 et
467 2090 732 2172 impiam
779 2090 920 2171 ejus
969 2091 1432 2172 separationem
1481 2107 1518 2150 a
1559 2088 1707 2160 De0‚
1750 2087 1850 2149 vel

366 2189 436 2251 ad
465 2190 870 2272 expurganda
909 2196 1040 2250 tam
1079 2189 1415 2250 innumera
1454 2194 1710 2268 tamque
1749 2205 1854 2247 ne-

365 2285 516 2349 faria
543 2287 878 2368 sacrilegia
905 2287 1174 2349 aliorum
1204 2285 1336 2367 jam
1367 2285 1848 2367 praedictorum3

365 2387 466 2448 sed
513 2394 584 2448 ut
627 2387 857 2448 ceteris
901 2387 1013 2468 qui
1063 2385 1278 2447 futura
1325 2382 1703 2464 negligendo
1743 2391 1851 2445 aut

366 2503 482 2547 non
541 2486 878 2558 credendo,
930 2485 1355 2548 flectebantur
1411 2484 1852 2546 tantummodo

365 2584 860 2648 consideratione
923 2583 1334 2666 praesentium
1397 2581 1847 2655 vindictarum,

365 2691 554 2744 terror
585 2683 976 2745 incuteretur
1004 2681 1292 2762 exemplo
1324 2681 1734 2763 praesentium
1767 2680 1852 2741 ul-

364 2781 602 2844 tionum
644 2801 800 2863 quas
831 2780 1130 2843 videbant
1169 2799 1242 2842 ac
1285 2779 1652 2842 metuebant
1686 2797 1698 2841 :
1734 2780 1850 2841 sic-

361 2900 476 2961 que
517 2887 969 2962 cognoscerent
999 2880 1201 2941 Deum
1240 2878 1624 2941 altissimum
1665 2878 1852 2940 habe-

362 2998 422 3040 re
470 2978 936 3061 providentiam
987 2986 1246 3040 actuum
1301 2977 1726 3040 humanorum
1777 2996 1849 3039 ac

1961 1987 2235 2050 formam
2268 1989 2697 2070 imprimentis
2727 1987 3059 2059 formatur,
3082 2007 3155 2050 ac
3186 1987 3457 2050 formam

1961 2087 2086 2149 sibi
2123 2086 2501 2169 impressam
2529 2088 2772 2150 tamdiu
2804 2094 2977 2149 tenet
3007 2087 3207 2149 donec
3237 2105 3457 2149 rursus

1963 2185 2275 2249 formetur
2320 2186 2401 2248 ab
2450 2186 2705 2268 aliqu03
2760 2187 2845 2248 ita
2894 2194 2963 2247 ut
3010 2205 3339 2268 nunquam
3392 2185 3457 2247 in

1962 2304 2078 2347 sua
2110 2285 2413 2366 qualitate
2452 2285 2819 2367 persistam,
2855 2293 3257 2348 convertatur
3296 2304 3459 2347 sem-

1964 2402 2078 2464 per
2116 2402 2191 2444 ac
2223 2390 2498 2446 transeat
2535 2384 2613 2445 ad
2654 2383 2928 2466 figuram
2970 2403 3111 2465 quae
3142 2383 3202 2446 ei
3244 2383 3461 2465 impri-

1964 2481 2178 2543 mitur.
2214 2481 2457 2544 Idcirco
2501 2500 2683 2544 mens
2728 2490 2941 2545 nostra
2982 2481 3171 2544 debet
3212 2481 3459 2544 assimi-

1965 2579 2079 2643 lari
2123 2580 2469 2662 signatorio
2510 2600 2623 2642 seu
2669 2580 2879 2662 sigillo
2919 2580 3345 2654 adamantino,
3390 2587 3458 2641 ut

1964 2678 2361 2741 immobilem
2398 2687 2620 2742 tenens
2660 2699 2790 2742 suae
2821 2677 3297 2760 tranquillitatis
3335 2678 3460 2740 dis-

1963 2777 2345 2860 positionem
2402 2778 2786 2860 virtutisque
2844 2785 3100 2850 statum,
3162 2776 3460 2838 universa

1963 2876 2086 2939 sibi
2134 2876 2527 2939 incurrentia
2570 2877 2777 2957 signet
2817 2885 3007 2957 atque
3052 2874 3458 2938 transformet

1961 2976 2038 3039 ad
2098 2976 2609 3039 convenientiam
2668 2976 2766 3038 sui
2826 2983 3060 3053 status3
3113 2975 3251 3057 ipsa
3306 2993 3457 3038 vero

361 3077 844 3160 dispensationis
876 3076 1417 3158 quotidianae,‘per
1451 3075 1848 3157 experimen·
1887 3073 1932 3134 C
1961 3076 2156 3137 nullis
2197 3075 2402 3138 valeat
2444 3074 2809 3138 incursibus
2852 3074 3211 3138 deformari.

361 3183 418 3237 ta
449 3176 674 3238 talium
719 3174 1076 3252 ultionum3
1111 3183 1173 3236 et
1213 3193 1328 3257 per
1370 3192 1586 3256 poenas
1631 3173 1850 3255 hujus-

361 3275 544 3348 modi,
576 3293 738 3357 quas
777 3273 1152 3354 gravissime
1193 3271 1641 3347 formidabant,
1673 3272 1847 3334 vide-

359 3384 490 3437 rent
513 3373 868 3437 clarissime
894 3373 1089 3435 Deum
1111 3391 1250 3434 esse
1280 3371 1561 3434 omnium
1588 3389 1848 3453 operum

357 3473 818 3537 retributorem.

427 3573 747 3635 Postremo
796 3570 1160 3633 invenimus
1202 3569 1508 3652 quosdam
1555 3569 1848 3652 pertulis-

357 3689 418 3732 se
458 3672 748 3734 eamdem
795 3671 1015 3733 mortis
1065 3669 1440 3732 sententiam
1489 3687 1604 3751 pro
1653 3668 1844 3732 levio-

295 3797 330 3833 τ,
357 3770 524 3833 ribus
565 3770 800 3852 culpiS,
843 3776 914 3832 ut
951 3777 1124 3852 patet
1163 3769 1241 3830 de
1281 3766 1390 3830 illo
1431 3768 1540 3850 qui
1582 3768 1846 3832 sabbato

359 3868 518 3950 ligna
573 3868 852 3950 collegit,
902 3875 967 3930 et
1024 3868 1102 3929 de
1159 3866 1404 3929 Anania
1455 3886 1528 3930 ac
1579 3867 1846 3950 Saphira

355 3969 458 4049 qui
503 3968 828 4030 modicum
878 3967 954 4028 de
999 3965 1205 4048 pretio
1253 3985 1384 4028 suae
1431 3975 1844 4028 servaverunt

355 4065 716 4128 substantiae
773 4084 851 4126 ex
911 4063 1310 4126 infidelitatis
1362 4064 1694 4145 cujusdam
1747 4084 1842 4126 er-

355 4183 485 4228 rore
528 4183 542 4226 :
598 4182 728 4227 non
777 4165 948 4245 quod
997 4163 1228 4226 horum
1278 4172 1534 4245 peccata
1584 4162 1842 4227 fuerunt

353 4270 472 4324 tam
514 4282 744 4344 magna
783 4269 854 4322 ut
892 4261 1340 4344 praedictorum
1385 4281 1604 4343 regum
1649 4263 1840 4326 lsrae-
1871 4267 1922 4328 D

354 4362 532 4426 liticae
571 4361 805 4446 plebis,
849 4361 961 4423 sed
1003 4360 1305 4442 quoniam
1351 4369 1840 4444 praesumptores

353 4479 520 4524 novae
577 4459 1101 4542 transgressionis
1164 4459 1421 4541 reperti,
1483 4460 1838 4523 debuerunt

353 4560 566 4622 ceteris
606 4559 758 4622 dare
796 4557 1164 4640 exemplum
1202 4558 1458 4620 terroris
1498 4577 1570 4620 ac
1611 4578 1836 4640 poenae,

353 4655 506 4720 sicut
554 4658 871 4720 dederunt
919 4657 1012 4718 eis
1060 4655 1426 4738 exemplum
1478 4657 1718 4739 culpae3
1770 4667 1840 4720 ut

354 4755 631 4838 quisquis
675 4755 829 4819 talia
877 4756 954 4818 de
999 4763 1210 4818 cetero
1250 4763 1606 4830 attentaret,
1650 4757 1840 4820 sciret

355 4871 414 4916 se
462 4855 524 4917 in
573 4855 794 4918 futuro
840 4853 1258 4935 judicandum
1309 4873 1382 4916 ac
1440 4855 1838 4936 puniendum

355 4955 694 5016 secundum
745 4953 1037 5016 eamdem
1089 4951 1359 5016 formam
1406 4972 1530 5035 qua
1580 4953 1675 5016 illi
1725 4974 1839 5036 pu-

355 5051 462 5113 niti
498 5058 669 5126 sunt,
707 5051 903 5114 ctiam
943 5051 997 5114 si
1041 5050 1378 5114 differatur
1417 5051 1558 5131 ejus
1597 5053 1839 5134 suppli-

357 5147 514 5211 cium
559 5149 626 5211 in
670 5148 988 5231 proesenti.

445 5247 516 5309 Et
571 5246 880 5329 quoniam
935 5247 1365 5327 percurrendo
1420 5266 1652 5329 genera
1709 5256 1841 5310 ten·

357 5345 654 5408 tationum
717 5363 795 5407 ac
857 5344 1196 5420 ultionum,
1258 5345 1554 5408 videmur
1613 5345 1842 5410 fecisse

2330 3330 2834 3393 CAPITULUM
2898 3329 3085 3393 XIII.

1959 3481 2395 3551 Interroqatio,
2423 3495 2507 3535 an
2534 3494 2697 3534 mens
2718 3480 2917 3550 possit
2944 3477 3189 3550 juqiter
3225 3478 3295 3534 in
3331 3493 3457 3534 una

2260 3575 2317 3624 et
2346 3569 2551 3624 eadem
2578 3569 2881 3642 qualitate
2908 3568 3151 3624 durare.

2098 3766 2495 3830 ERMANUS
2559 3782 2572 3828 :
2634 3766 2923 3829 Potestne
2992 3783 3171 3827 mens
3241 3772 3454 3828 nostra

2126 3885 2327 3928 unum
2377 3871 2609 3926 statum
2657 3864 2894 3945 jugiter
2942 3863 3237 3936 retinere,
3277 3871 3341 3925 et
3386 3863 3450 3925 in

1955 3966 2174 4028 eadem
2220 3964 2523 4046 qualitate
2562 3981 2816 4044 semper
2858 3962 3252 4044 persistere?

2334 4219 2835 4283 CAPITULUM
2885 4217 3067 4281 XIV.

2254 4368 2586 4440 Responsio
2632 4367 2717 4422 ad
2761 4368 3153 4441 quoestionem

2496 4458 2899 4530 propositam.

2078 4655 2480 4720 HEODORUS
2515 4674 2528 4718 ε
2562 4656 2829 4718 Necesse
2868 4663 2963 4719 est
3003 4666 3071 4719 ut
3110 4668 3447 4723 renovatus
3494 4681 3738 4738 Ephemv,

2097 4755 2241 4837 quis
2280 4755 2509 4837 spiritu
2541 4755 2772 4818 mentis
2812 4775 2963 4830 suae,
2996 4764 3104 4818 aut
3137 4758 3312 4821 omni
3343 4759 3445 4822 die
3474 4747 3543 4788 ²³·

1953 4855 2267 4936 proficiat,
2301 4855 2646 4916 extendens
2682 4874 2749 4917 se
2790 4874 3043 4938 semper
3081 4857 3158 4919 ad
3198 4877 3271 4920 ea
3304 4878 3444 4940 quae
3472 4879 3740 4935 mamm,

1951 4960 2097 5015 ante
2139 4961 2309 5026 sunt,
2339 4953 2520 5034 juxta
2557 4952 2953 5034 Apostolum,
2995 4963 3105 5016 aut
3142 4955 3195 5017 si
3240 4957 3447 5038 neglc-
3476 4945 3542 4986 ¹³·

1952 5052 2134 5126 xerit,
2169 5069 2565 5134 consequens
2595 5060 2691 5113 est
2718 5059 2787 5113 ut
2818 5053 3030 5115 redeat
3062 5060 3228 5115 retro
3257 5062 3446 5137 atque

1951 5151 2028 5212 ad
2061 5151 2247 5232 pejus
2289 5149 2553 5212 labatur.
2590 5150 2833 5213 Idcirco
2865 5169 3043 5213 mens
3084 5152 3447 5216 nullatenus

1952 5249 2118 5312 valet
2161 5250 2227 5311 in
2272 5267 2397 5310 una
2440 5267 2514 5310 ac
2558 5250 2779 5312 eadem
2823 5249 3124 5332 qualitate
3166 5251 3393 5314 durare
3428 5269 3443 5314 z

1955 5348 2130 5411 velut
2173 5347 2227 5411 si
2278 5348 2423 5431 quis
2473 5356 2736 5412 conetur
2784 5367 3012 5410 navem
3060 5367 3175 5412 sua
3218 5349 3450 5434 impul-
