4359 6267
555 722 726 766 Mamn„
739 736 824 773 xvi,

559 788 624 836 ¹7,
655 788 719 828 ¹9.

586 1617 706 1660 lbid.
731 1619 798 1660 22.

589 1714 708 1758 laid.
730 1717 796 1758 2³.

583 2493 699 2538 lbid.
715 2507 829 2544 uvi,

565 2559 634 2607 70.
650 2558 718 2606 72,
734 2559 802 2599 74.

592 2619 708 2662 Ιὸίἀ.
735 2621 804 2661 75.

594 3087 674 3130 Pe.
691 3099 775 3130 xxx

569 3151 637 3202 23,
659 3151 726 3192 24.

599 3569 717 3614 Ibid.
743 3573 811 3613 24.

619 5155 748 5199 nom.

574 5221 644 5270 24,
669 5219 736 5262 25.

847 513 968 579 398

853 703 1073 766 sertim
1105 723 1304 786 quum
1334 705 1576 767 dictum
1610 713 1704 767 est
1733 704 1792 766 ei
1823 723 1860 765 a
1891 703 2159 766 Domino
2196 723 2209 766 :
2242 703 2352 763 Be·
2378 701 2429 764 A

852 811 994 864 atus
1034 822 1124 876 es,
1160 803 1377 866 Simon
1416 805 1718 884 Barj0na,
1738 802 1889 885 quia
1929 819 2073 864 caro
2111 808 2173 862 et
2214 819 2351 862 san-

851 900 993 981 guis
1023 919 1151 963 non
1181 901 1486 964 revelavit
1513 901 1653 975 tibi,
1673 901 1782 963 sed
1811 902 1990 962 Pater
2015 918 2217 973 meuS,
2236 897 2345 980 qui

854 998 918 1060 in
953 998 1129 1061 coelis
1165 1007 1297 1077 θεῖς
1329 1006 1391 1060 et
1421 999 1540 1061 tibi
1576 998 1739 1060 dabo
1773 998 1981 1060 claves
2017 996 2196 1078 regni
2228 1013 2350 1058 coe-

855 1096 1083 1170 lorum,
1115 1104 1174 1158 et
1206 1097 1655 1179 quodcumque
1685 1097 2001 1178 ligaveris,
2033 1103 2150 1157 etc.
2188 1094 2348 1168 Quid

853 1195 1219 1278 praeclarius
1259 1197 1377 1259 hac
1417 1197 1600 1259 laude
1640 1195 2004 1258 dominica?
2043 1194 2203 1268 Quid
2247 1213 2348 1255 su-

855 1295 1115 1357 blimius
1145 1313 1282 1357 esse
1307 1302 1515 1377 potest
1538 1301 1845 1377 potestate
1875 1301 1933 1355 et
1959 1291 2348 1354 beatitudine

856 1394 1018 1455 ista?
1049 1393 1124 1455 Et
1152 1401 1366 1455 tamen
1399 1393 1588 1475 paulo
1619 1400 1782 1474 post,
1816 1392 1970 1453 dum
2003 1390 2349 1472 ignorando

859 1491 1233 1574 mysterium
1282 1492 1620 1554 dominicae
1667 1490 2004 1562 PassioniS‚
2054 1489 2351 1553 obviaret

856 1591 1087 1664 eidem,
1121 1589 1301 1654 Absit
1329 1589 1684 1672 (inquiens)
1712 1608 1749 1650 a
1781 1597 1862 1662 te,
1897 1588 2186 1662 Domine,
2222 1605 2347 1649 non

855 1689 977 1750 erit
1007 1689 1125 1751 hoc
1156 1688 1309 1766 tibi;
1342 1687 1562 1750 audire
1594 1686 1944 1769 promeruit
1969 1687 2175 1751 :Vade
2208 1693 2351 1767 post

856 1806 980 1862 me,
1017 1795 1253 1861 satana,
1292 1786 1659 1848 scandalum
1701 1805 1768 1848 es
1811 1785 1994 1860 mihi,
2027 1785 2177 1866 quia
2222 1802 2347 1846 non

856 1885 1025 1967 sapis
1065 1903 1140 1946 ea
1177 1903 1319 1967 quae
1349 1885 1457 1946 Dei
1501 1892 1669 1958 sunt,
1702 1885 1811 1946 sed
1851 1902 1925 1946 ea
1964 1903 2104 1965 quae
2145 1882 2347 1945 homi·
2385 1883 2433 1947 B

856 2003 1031 2045 num.
1064 1983 1389 2064 Numquid
1426 1983 1645 2044 Petrus
1691 1981 2042 2045 credendus
2086 1989 2181 2043 est
2222 1997 2349 2042 non

857 2099 1175 2164 peccasse,
1216 2087 1326 2143 aut
1376 2081 1441 2142 in
1491 2080 1822 2143 sanctitate
1869 2087 2059 2161 atque
2104 2077 2353 2159 justitia

858 2198 985 2243 non
1029 2180 1359 2255 mansisse,
1393 2180 1546 2241 dum
1585 2180 1848 2261 aequitas
1893 2179 2031 2261 ipsa
2071 2179 2353 2261 increpa-

857 2278 951 2340 vit
990 2297 1138 2340 eum
1190 2277 1287 2339 his
1329 2277 1588 2340 verbis?
1624 2277 1845 2340 Nonne
1893 2277 2085 2339 etiam
2129 2295 2353 2358 passus

859 2383 956 2438 est
1015 2377 1286 2458 lapsum,
1339 2376 1592 2458 quando
1649 2375 1716 2438 in
1775 2375 2006 2438 Christi
2060 2374 2353 2457 passione

861 2475 1229 2556 compulsus
1260 2482 1356 2536 est
1387 2482 1557 2536 metu
1592 2474 1929 2536 Dominum
1959 2482 2056 2535 ter
2085 2476 2355 2554 negare?

861 2573 980 2636 Sed
1025 2572 1315 2654 protinus
1359 2572 1675 2654 poenitens
1715 2580 1778 2633 et
1815 2571 2230 2633 amarissimis
2271 2570 2355 2632 la-

860 2669 1079 2732 crimis
1136 2669 1402 2732 abluens
1463 2669 1776 2731 maculam
1827 2668 1982 2731 tanti
2042 2668 2353 2742 criminiS,

861 2785 989 2832 non
1023 2767 1238 2830 amisit
1268 2768 1494 2830 merita
1531 2767 1881 2831 sanctitatis
1911 2785 1985 2829 ac
2015 2767 2350 2849 aequitatis

860 2867 1105 2930 Idcirco
1141 2868 1219 2929 de
1269 2866 1409 2949 ipso
1457 2874 1521 2928 et
1568 2866 2012 2929 consimilibus
2061 2885 2120 2927 ei
2168 2865 2357 2927 debe-

864 2985 1008 3028 mus
1050 2965 1338 3047 accipere
1381 2964 1550 3047 quod
1592 2965 1788 3026 David
1827 2963 1915 3026 ait
1955 2964 2020 3026 in
2058 2964 2307 3027 Psalmo
2340 2982 2353 3026 :

863 3162 1034 3225 viam
1065 3161 1205 3242 ejus
1236 3161 1442 3238 volet3
1485 3180 1686 3243 quum
1721 3161 2041 3235 ceciderit,
2073 3179 2200 3223 non
2236 3161 2359 3223 col-

867 3259 1118 3334 lidetur,
1170 3260 1322 3342 quia
1372 3260 1679 3322 Dominus
1737 3260 2040 3342 supponit
2100 3278 2360 3321 manum

867 3377 1066 3420 suam.
1110 3358 1316 3431 Quum
1365 3358 1538 3419 enim
1581 3345 1839 3438 gressus
1886 3358 2166 3420 hominis
2216 3357 2363 3419 diri-

863 3464 1103 3537 guntur
1129 3475 1166 3519 a
1194 3457 1344 3530 Deo,
1377 3456 1530 3537 quid
1559 3456 1732 3517 aliud
1762 3474 1900 3518 esse
1932 3463 2137 3538 potest
2167 3476 2359 3538 quam

863 3555 1120 3636 justus?
1151 3555 1227 3616 Et
1254 3562 1468 3616 tamen
1497 3553 1732 3617 dicitur
1760 3555 1838 3616 de
1867 3555 2090 3617 eodem
2116 3574 2129 3618 :
2155 3555 2361 3628 Quum

871 3653 1194 3727 ceciderit,
1237 3670 1363 3715 non
1409 3652 1761 3715 collidetur.
1800 3653 1960 3726 Quid
2005 3662 2122 3727 est,
2156 3654 2361 3727 Quum

871 3752 1192 3826 ceciderit,
1235 3751 1360 3813 nisi
1410 3770 1610 3832 quum
1661 3751 1909 3833 lapsum
1959 3752 2204 3834 peccati
2251 3753 2363 3814 ali-

869 3851 1053 3932 cujus
1093 3849 1475 3912 incurrerit?
1519 3849 1656 3912 Non
1703 3849 2038 3913 collidetur
2073 3851 2359 3932 (inquit),

869 3949 931 4011 id
990 3957 1107 4023 est,
1169 3948 1279 4011 diu
1341 3966 1470 4011 non
1533 3949 1933 4030 opprimetur
1998 3948 2363 4011 incursione

867 4047 1109 4130 peccati
1147 4064 1161 4109 ε
1196 4047 1325 4109 imo
1369 4047 1661 4129 quamvis
1707 4046 1998 4108 videatur
2039 4047 2234 4110 elisus
2283 4048 2361 4109 ad

866 4165 1162 4229 praesenS,
1174 4153 1385 4208 tamen
1415 4153 1660 4208 erectus
1690 4145 1908 4208 divino
1937 4145 2168 4208 auxilio
2197 4146 2360 4228 quod

868 4244 1186 4326 implorat,
1220 4243 1636 4325 celeriterque
1664 4261 2000 4324 resurgens
2032 4261 2157 4306 non
2187 4243 2365 4306 amit·
2391 4245 2443 4308 D

865 4351 955 4404 tet
997 4342 1406 4404 stabilitatem
1449 4341 1735 4422 justitiae.
1769 4341 1943 4414 Quod
1989 4343 2041 4403 si
2086 4343 2164 4404 ad
2210 4362 2365 4425 prae·

867 4458 1012 4502 sens
1042 4458 1183 4502 eam
1222 4440 1508 4502 amiserit
1537 4458 1652 4522 per
1683 4441 1891 4502 carnis
1929 4439 2361 4522 fragilitatem,

867 4557 1096 4600 manus
1144 4537 1377 4600 divinae
1425 4537 1862 4620 suppositione
1911 4557 2052 4600 eam
2102 4558 2363 4621 recupe-

870 4635 1052 4697 rabit.
1097 4636 1225 4699 Nec
1273 4636 1446 4698 enim
1496 4636 1730 4698 desinit
1778 4655 1916 4699 esse
1961 4637 2172 4718 justus
2224 4629 2365 4719 post

869 4734 1143 4815 lapsum,
1177 4752 1377 4816 quum
1415 4743 1712 4816 agnoscat
1752 4753 1818 4797 se
1856 4734 2200 4817 justificari
2237 4755 2364 4799 non

869 4849 1054 4914 posse
1084 4830 1325 4894 fiducia
1354 4848 1622 4913 operum
1653 4851 1936 4907 suorum,
1955 4840 2145 4915 atque
2173 4853 2211 4896 a
2240 4842 2367 4895 tan-

869 4931 951 4992 tis
981 4930 1284 4993 vitiorum
1320 4930 1589 4992 nexibus
1621 4931 1836 4993 credat
1865 4951 1932 4994 se
1963 4932 2363 4996 liberandum

871 5029 1005 5092 sola
1051 5029 1253 5110 gratia
1300 5029 1434 5102 Dei,
1477 5047 1625 5089 cum
1674 5028 1974 5110 Apostolo
2023 5029 2303 5093 clamans
2346 5051 2360 5096 :

770 5167 842 5205 vu,
870 5127 1097 5191 Infelix
1154 5146 1270 5209 ego
1323 5128 1533 5203 homo,
1587 5126 1732 5209 quis
1782 5146 1882 5189 me
1943 5126 2240 5190 liberabit
2287 5130 2364 5192 de

871 5245 1133 5310 corpore
1173 5225 1397 5290 mortis
1439 5225 1680 5307 hujus?
1713 5223 1924 5287 Gratia
1965 5224 2076 5287 Dei
2119 5244 2234 5307 per
2269 5226 2365 5289 Je-

869 5343 1012 5386 sum
1056 5325 1378 5388 Christum
1419 5323 1765 5387 Dominum
1808 5329 2116 5384 nostrum.

1513 533 1928 580 COLLATIONL'M
1971 533 2055 578 SS.
2090 531 2333 576 PATRUM
2375 505 2549 576 Luinn
2590 530 2653 575 11.
2698 548 2779 558 —
2818 529 3106 578 COLLATlo
3146 530 3277 576 xxn

2849 749 3351 814 CAPITULUM
3412 749 3561 812 XV.

2459 907 2757 975 Quomodo
2806 907 3268 979 intelliqendum
3304 908 3389 962 sit
3425 907 3585 964 illud
3622 906 3903 979 Apostoli
3931 923 3953 963 .·

2635 997 2771 1053 Non
2798 997 2959 1052 enim
2988 997 3149 1070 quod
3176 997 3310 1053 volo
3334 996 3501 1067 facio
3532 996 3767 1053 bonum.

2596 1191 2978 1256 POSTOLUS
3017 1193 3253 1255 etenim
3297 1194 3526 1256 Paulus
3565 1211 3955 1275 cognoscens

2617 1290 3129 1353 inae-stimabilem
3166 1292 3459 1373 puritatis
3492 1291 3791 1374 abyssum
3824 1309 3954 1354 non

2458 1405 2643 1470 posse
2695 1388 3012 1470 penetrari
3060 1389 3140 1451 ab
3183 1389 3463 1464 homine,
3508 1388 3955 1451 resistentibus

2456 1486 2715 1550 aestibus
2774 1487 3250 1568 cogitationum,
3312 1496 3375 1550 et
3430 1488 3613 1570 quasi
3669 1487 3780 1549 diu
3838 1506 3958 1569 per

2459 1585 2773 1667 profunda
2825 1585 3097 1665 jactatus
3155 1604 3357 1667 quum
3415 1586 3681 1647 dixisset

2456 1684 2631 1746 enim
2689 1684 2858 1766 quod
2908 1685 3053 1747 volo
3111 1684 3375 1759 bonum,
3427 1685 3547 1747 hoc
3605 1684 3791 1756 facio,
3842 1684 3957 1746 sed

2460 1783 2629 1865 quod
2678 1783 2781 1845 odi
2835 1784 3096 1857 malum,
3147 1784 3268 1846 hoc
3320 1801 3481 1864 ago;
3533 1784 3836 1865 itemque,
3890 1783 3959 1844 Si
4018 1799 4249 1842 majo.

2460 1889 2673 1944 autem
2704 1882 2872 1963 quod
2904 1882 3071 1955 nolo,
3106 1882 3264 1943 illud
3303 1881 3488 1955 facio,
3518 1882 3651 1964 jam
3683 1899 3809 1944 non
3838 1899 3963 1962 ego

2460 1980 2627 2042 facio
2677 1979 2856 2052 illud,
2891 1980 3000 2042 sed
3045 1980 3214 2062 quod
3262 1979 3506 2042 habitat
3548 1980 3615 2042 in
3666 1998 3769 2042 me
3809 1999 3961 2062 pec-

2464 2086 2721 2156 catum;
2772 2085 2855 2152 et,
2913 2078 3325 2141 Condelector
3381 2078 3503 2160 legi
3562 2079 3673 2141 Dei
3730 2097 3961 2141 secun·
3990 2095 4281 2139 maana.

2463 2177 2617 2238 dum
2678 2176 3041 2238 interiorem
3104 2176 3457 2250 hominem,
3508 2177 3695 2240 video
3741 2184 3959 2238 autem

2463 2275 2653 2337 aliam
2699 2275 2901 2356 legem
2936 2275 3000 2336 in
3034 2275 3343 2337 membris
3386 2277 3569 2350 meiS,
3602 2295 3967 2358 repugnan-

2468 2381 2595 2436 tem
2657 2373 2777 2454 legi
2837 2373 3067 2436 mentis
3126 2393 3306 2448 meae,
3359 2381 3422 2436 et
3470 2374 3797 2457 captivum
3858 2394 3968 2436 me

2465 2473 2803 2534 ducentem
2838 2472 2903 2534 in
2936 2472 3071 2553 lege
3102 2472 3347 2554 peccati
3378 2492 3519 2554 quae
3549 2479 3644 2534 est
3673 2472 3738 2534 in
3770 2492 3973 2536 mem·

2468 2571 2600 2633 bris
2643 2571 2839 2650 meis3
2883 2570 3233 2653 inspiciens
3268 2587 3523 2653 quoque
3554 2571 3967 2652 fragilitatem

2469 2669 2567 2731 sui
2611 2669 2835 2751 ipsiuS,
2869 2676 2978 2730 aut
3007 2669 3343 2731 hominum
3378 2669 3667 2732 omnium
3708 2688 3822 2731 seu
3856 2689 3970 2732 na—

2470 2775 2646 2840 turae,
2681 2766 3053 2848 perterritus
3084 2767 3375 2829 vastitate
3403 2774 3513 2828 aut
3541 2767 3969 2849 amplitudine

2469 2865 2825 2927 altitudinis
2863 2874 2991 2927 tam
3039 2865 3391 2939 immensae,
3426 2865 3711 2946 confugit
3749 2867 3825 2928 ad
3868 2873 3970 2929 tu-

2470 2964 2791 3026 tissimum
2840 2971 3091 3045 portum
3137 2963 3338 3025 divini
3383 2963 3642 3042 auxilii3
3677 2971 3741 3026 et
3782 2965 3968 3046 quasi

775 3100 834 3138 u,
862 3064 912 3126 A
959 3063 1226 3126 Domino
1267 3081 1521 3144 gressus
1565 3063 1844 3126 hominis
1887 3063 2263 3144 dirigentur,
2296 3071 2359 3125 et
2396 3059 2440 3123 C
2470 3063 2811 3145 desperans
2856 3062 2933 3124 de
2982 3062 3253 3124 naturali
3306 3061 3683 3124 infirmitate
3728 3063 3967 3144 navigii

2472 3162 2572 3223 sui
2619 3160 2907 3243 oppressi
2958 3159 3261 3223 oneribus
3310 3160 3733 3234 mortalitatiS,
3779 3161 3971 3242 depo-

2470 3261 2589 3323 scit
2620 3259 3093 3342 naufragiorum
3136 3259 3419 3321 remedia
3445 3259 3524 3321 ab
3554 3278 3629 3323 eo
3659 3258 3763 3322 cui
3802 3259 3967 3322 nihil

2472 3367 2567 3421 est
2616 3357 3035 3440 impossibile,
3083 3358 3365 3420 clamans
3413 3376 3561 3420 cum
3613 3358 3962 3420 miserabili

2471 3457 2711 3537 ejulatu
2742 3474 2756 3518 ε
2790 3456 3017 3518 Infelix
3047 3474 3163 3537 ego
3191 3456 3405 3530 homo,
3428 3455 3574 3538 quis
3604 3475 3705 3518 me
3736 3455 3965 3519 libera·
4016 3475 4143 3520 stad.
4170 3479 4251 3519 ει.

2471 3555 2567 3617 bit
2612 3556 2689 3617 de
2738 3572 3000 3635 corpore
3051 3554 3272 3617 mortis
3320 3554 3560 3636 hujus?
3608 3555 3963 3636 Statimque

2471 3654 2549 3716 de
2593 3652 2704 3715 Dei
2753 3653 3145 3734 benignitate
3192 3652 3600 3734 praesumpsit
3651 3652 3967 3715 liberatio-

2472 3771 2619 3814 nem
2667 3750 2829 3813 hanc
2872 3770 3065 3832 quam
3108 3751 3467 3832 desperavit
3510 3750 3588 3812 de
3631 3750 3967 3813 imbecilli-

2472 3858 2597 3913 tate
2642 3857 2903 3924 naturae,
2947 3848 3342 3912 confidenter
3384 3847 3736 3930 adjungens
3769 3869 3784 3913 :
3820 3849 3967 3913 Gra-
4018 3867 4143 3910 [offa.
4174 3872 4249 3910 25.

2473 3949 2560 4011 tia
2616 3948 2725 4011 Dei
2790 3967 2905 4030 per
2957 3948 3171 4010 Jesum
3236 3947 3555 4010 Christum
3619 3947 3962 4010 Dominum

2472 4055 2781 4110 nostrum.

2844 4299 3347 4364 CAPITULUM
3413 4299 3597 4364 XVI.

2474 4457 2769 4529 ObJ'ectio,
2802 4457 2963 4530 quod
2990 4455 3311 4527 Apostolus
3336 4456 3576 4511 dioeerit
3602 4455 3785 4512 verba
3806 4473 3968 4528 pra·-

2546 4553 2707 4603 tacta
2738 4547 2949 4618 potius
2978 4562 3059 4601 θα)
3078 4560 3345 4616 persona
3364 4551 3749 4616 peccatorum
3784 4561 3969 4618 quam

2538 4651 2826 4708 propr-za.

2615 4831 2973 4896 ERMANUS
3025 4848 3039 4893 :
3092 4830 3268 4892 Multi
3328 4829 3659 4892 affirmant
3707 4831 3973 4913 Aposto—

2642 4932 2773 4993 lum
2821 4930 3160 5012 protulisse
3202 4929 3399 4991 verba
3446 4929 3843 5011 praeallegata
3890 4949 3971 4992 ex

2474 5049 2744 5115 persona
2773 5028 3201 5112 peccantium,
3234 5046 3360 5090 non
3390 5047 3468 5090 ex
3508 5044 3653 5106 sua3
3686 5035 3841 5109 puta
3868 5045 3974 5090 eo-

2472 5149 2615 5192 rum
2675 5129 2787 5211 qui
2834 5127 3057 5192 volunt
3105 5145 3171 5189 se
3230 5125 3401 5208 ipsos
3447 5145 3485 5188 a
3530 5126 3975 5208 corporalibus

2472 5227 2791 5290 illecebris
2848 5246 2921 5288 ac
2969 5224 3405 5308 voluptatibus
3460 5223 3803 5298 refrenare,
3856 5226 3974 5286 sed

2472 5332 2818 5406 nequeunt,
2877 5309 3028 5407 quia
3082 5321 3410 5388 constricti
3470 5331 3617 5384 sunt
3674 5321 3973 5404 pristinis

3737 1605 3753 1649 Σ
3812 1584 3955 1647 Non
3984 1604 4283 1650 Rom-vrum·
