4359 6267
1035 537 1451 585 coLLA'rmNm!
1494 539 1578 584 SS.
1614 539 1856 585 Panum
1897 539 2073 585 LIBER
2114 539 2180 585 11.
2224 557 2304 566 —
2345 538 2630 586 COLLA'rto
2670 539 2753 584 XV

3330 519 3450 584 317

372 711 660 793 ipsorum,
717 729 797 774 ne
857 711 1242 774 extollantur
1299 731 1376 774 ex
1433 710 1690 784 talibu3‚
1750 711 1844 773 di-
1875 709 1928 772 A
1957 710 2293 792 subjunxit
2326 731 2339 774 ε
2374 712 2443 773 In
2474 712 2593 775 hoc
2630 719 3009 793 cognoscent
3046 728 3265 773 omnes
3299 709 3451 792 quia
3475 733 3740 788 amanam,

135 826 343 876 taxas.
371 829 520 873 cens
549 829 562 872 τ
590 810 788 873 Nolite
827 810 1101 891 gaudere
1133 810 1282 892 quia
1323 810 1635 875 daemonia
1665 809 1844 872 vobis

371 908 804 990 subjiciuntur,
836 907 1105 988 gaudete
1143 915 1356 969 autem
1395 908 1549 989 quia
1587 908 1878 976 uomina¹

369 1015 568 1070 vestra
605 1007 836 1089 scripta
880 1015 1030 1068 sunt
1071 1007 1138 1068 in
1182 1005 1382 1069 coelis.

732 1261 1239 1326 CAPITULUM
1299 1261 1452 1324 VII.

419 1409 582 1476 Quod
605 1410 797 1465 virtus
824 1393 1259 1466 charismatum
1285 1424 1408 1464 non
1439 1409 1506 1463 in
1531 1407 1786 1464 mirabi-

553 1499 704 1554 libus
733 1499 840 1555 sed
869 1499 938 1554 in
967 1497 1314 1554 humilitate
1341 1498 1654 1553 consistat.

504 1694 732 1758 rc'rOR
772 1711 1029 1776 quoque
1061 1694 1349 1756 omnium
1387 1693 1840 1776 prodigiorum,

517 1813 704 1874 quum
729 1801 982 1856 vocaret
1009 1791 1358 1874 discipulos
1388 1792 1467 1854 ad
1499 1793 1845 1873 magisteri-

1957 809 2261 891 discipuli
2308 811 2432 872 mei
2474 811 2650 880 estis,
2697 810 2750 872 si
2797 809 3203 872 dilectionem
3252 808 3449 870 habu·
3478 801 3503 841 ³

1957 907 2134 970 eritis
2175 908 2250 969 ad
2293 908 2588 970 invicem.
2631 909 2770 972 Non
2812 909 2993 983 dixit,
3036 907 3098 970 Si
3144 906 3451 970 miracula

1957 1005 2254 1070 similiter
2303 1007 2463 1069 mihi
2509 1007 2827 1087 feceritis;
2875 1006 3006 1081 sed,
3060 1007 3123 1070 Si
3170 1005 3452 1068 dilectio-

1957 1123 2106 1167 nem
2146 1104 2497 1168 habueritis
2535 1106 2614 1168 ad
2655 1106 2969 1168 invicem:
3003 1124 3197 1187 quam
3234 1111 3450 1167 tenere

1957 1220 2083 1265 non
2131 1211 2399 1285 possunt
2444 1204 2566 1267 nisi
2612 1205 2799 1266 mites
2846 1212 2909 1268 et
2956 1203 3252 1266 humiles.
3296 1203 3453 1277 Qua-

1958 1310 2218 1385 propter
2248 1303 2518 1382 majores
2549 1304 2747 1366 nostri
2779 1303 3094 1377 dixerunt,
3118 1303 3259 1365 illos
3294 1321 3453 1364 nun-

1954 1420 2146 1482 quam
2206 1420 2344 1464 esse
2406 1403 2745 1465 monachos
2806 1400 3038 1484 probos
3090 1409 3153 1464 et
3201 1420 3239 1463 a
3290 1418 3451 1463 vana

1953 1499 2156 1580 gloria
2197 1500 2459 1574 alienOS‚
2501 1501 2613 1581 qui
2656 1519 2724 1562 se
2766 1500 3046 1562 fatentur
3087 1516 3299 1562 coram
3343 1498 3451 1561 ho-

1955 1597 2240 1660 minibus
2296 1599 2661 1672 exorcistas,
2721 1606 2785 1661 et
2837 1597 3302 1679 jactantissima
3355 1615 3452 1660 os-

1954 1697 2302 1760 tentatione
2352 1697 2757 1778 promulgant
2795 1697 2960 1759 inter
2997 1695 3449 1758 admirantium

1955 1796 2172 1858 turbas
2207 1796 2474 1877 gratiam
2507 1796 2691 1858 istam
2728 1796 3055 1878 signorum
3092 1814 3285 1877 quam
3321 1814 3449 1856 me-

366 1911 470 1953 um
512 1911 630 1954 suae
665 1891 990 1965 doctrinm,
1023 1891 1352 1954 evidenter
1379 1891 1656 1953 ostendit
1687 1892 1840 1973 quid
1879 1896 1924 1958 B
1955 1901 2222 1956 ruerunt
2268 1902 2375 1955 aut
2429 1901 2971 1976 praesumpserunt
3010 1911 3026 1971 3
3076 1893 3185 1955 sed
3249 1892 3451 1956 incas-

1954 2010 2116 2054 sum.
2152 1993 2269 2066 Qui
2302 1992 2475 2055 enim
2513 1991 2807 2054 innititur
2843 1992 3213 2065 mendaciis,
3248 1993 3449 2074 pascit
3476 2012 3612 2058 Pron.
3636 2015 3741 2066 nt.

363 1991 496 2052 veri
524 1999 578 2052 et
599 1990 958 2053 electissimi
985 1997 1320 2052 sectatores
1347 1988 1440 2051 sui
1471 1988 1735 2052 debeant
1763 1989 1843 2051 ab

141 2103 336 2152 naseam.
365 2089 508 2170 ipso
547 2089 885 2163 addiscere,
920 2088 1144 2150 Venite
1187 2087 1542 2170 (inquiens)
1588 2089 1666 2151 ad
1717 2107 1838 2162 me,

131 2167 178 2209 213.
193 2169 244 2207 29.

145 5249 326 5312 Imm,
349 5241 538 5323 liquit
596 5239 933 5322 discipulis
985 5257 1000 5302 :

141 5315 182 5356 tt.

361 2194 422 2250 et
461 2187 676 2251 discite
716 2208 755 2251 a
801 2205 952 2250 me:
995 2205 1120 2250 non
1173 2185 1411 2250 coelesti
1457 2186 1690 2249 virtute
1739 2206 1843 2250 ex-

362 2286 590 2368 pellere
628 2287 958 2360 daemonia,
1006 2304 1133 2349 non
1186 2287 1465 2368 leprosos
1512 2286 1838 2360 mundare,

362 2403 554 2449 caecos
580 2387 960 2459 illuminare,
998 2393 1280 2447 mortuos
1310 2385 1614 2446 suscitare
1645 2404 1658 2448 :
1687 2385 1840 2446 dum

361 2483 526 2546 enim
571 2485 702 2548 haec
756 2501 984 2566 operor
1031 2501 1146 2564 per
1193 2482 1439 2563 aliquos
1491 2499 1664 2544 meos
1714 2500 1841 2544 ser-

363 2601 488 2656 νοε,
519 2601 640 2646 non
680 2591 888 2665 potest
931 2582 1208 2643 humana
1250 2579 1528 2643 conditio
1567 2599 1634 2642 se
1678 2580 1840 2643 inse-

363 2700 492 2744 rere
532 2681 826 2744 laudibus
865 2680 976 2743 Dei
1021 2697 1133 2742 seu
1178 2679 1418 2740 laudari
1461 2697 1538 2740 ex
1583 2679 1838 2754 talibuS,

363 2799 476 2843 nec
515 2780 804 2843 minister
849 2787 914 2841 et
958 2777 1239 2840 famulus
1287 2777 1512 2839 audeat
1563 2777 1684 2840 sibi
1737 2778 1841 2842 de-

365 2898 608 2960 cerpere
645 2879 926 2961 aliquam
967 2883 1212 2960 partem
1253 2875 1318 2936 in
1357 2874 1456 2936 his
1499 2875 1564 2936 in
1605 2874 1842 2958 quibus

305 3035 316 3044 .
364 2977 555 3040 virtus
593 2985 651 3039 et
691 2976 895 3058 gloria
927 2983 1020 3038 est
1053 2974 1164 3036 Dei
1197 2973 1438 3052 solius3
1472 2973 1583 3035 sed
1617 2973 1857 3035 discite-

1953 2098 2197 2164 ventos‚
2231 2098 2291 2151 et
2334 2089 2623 2172 sequitur
2659 2107 2807 2151 aves
2846 2089 3169 2168 volantes3
3210 2097 3273 2151 et
3312 2089 3449 2152 sine

1953 2188 2150 2252 dubio
2189 2189 2438 2251 eveniet
2478 2189 2538 2251 ei
2579 2189 2747 2270 quod
2790 2187 2853 2250 in
2895 2188 3251 2252 Proverbiis
3293 2188 3451 2250 dici-

3504 801 3543 841 5.

3512 1029 3702 1088 laidem,

1952 2293 2103 2350 tur:
2140 2287 2317 2350 Sicut
2354 2287 2526 2349 venti
2572 2295 2634 2349 et
2682 2287 2885 2350 nubes
2932 2295 2995 2350 et
3043 2287 3277 2368 pluviae
3324 2306 3451 2349 ma-
3502 2305 3741 2359 midan,

1955 2385 2203 2449 nifestae
2262 2393 2431 2459 sunt,
2493 2387 2580 2448 ita
2637 2385 2745 2468 qui
2814 2386 3120 2467 gloriatur
3180 2386 3246 2447 in
3304 2385 3447 2447 dato

1953 2483 2131 2546 falso.
2165 2484 2313 2546 Ideo
2352 2482 2402 2544 si
2436 2484 2579 2566 quis
2619 2501 2831 2546 coram
2861 2483 3049 2546 nobis
3088 2482 3311 2546 fecerit
3338 2483 3450 2546 ali-

1952 2583 2122 2664 quod
2163 2583 2440 2664 signum,
2481 2583 2735 2645 laudare
2778 2601 2928 2644 eum
2969 2581 3277 2644 debemus
3320 2599 3446 2646 non

1952 2682 2032 2744 de
2069 2680 2462 2743 sublimitate
2500 2681 2688 2763 signi,
2720 2682 2828 2744 sed
2869 2681 2947 2744 de
2987 2688 3215 2743 conat-u
3255 2688 3317 2744 et
3356 2700 3450 2742 re-

1954 2781 2263 2843 ctitudine
2322 2797 2625 2858 morum3
2675 2798 2793 2842 nec
2846 2779 3299 2861 inquirendum
3351 2787 3449 2840 est

1953 2900 2033 2942 an
2077 2879 2390 2942 daemonia
2433 2879 2492 2940 ei
2538 2878 2824 2959 subjecta
2866 2877 3016 2951 sint,
3062 2878 3174 2940 sed
3219 2897 3300 2939 an
3349 2896 3446 2940 ca-

1953 2979 2206 3042 ritatem
2246 2986 2309 3040 et
2352 2994 2543 3060 opera
2589 2975 2728 3057 ejus
2776 2976 3115 3058 possideat,
3157 2995 3299 3057 quae
3346 2976 3452 3038 de-

362 3095 396 3137 a
437 3093 553 3150 me,
597 3075 750 3157 quia
794 3073 966 3136 mitis
1014 3092 1156 3135 sum
1205 3078 1266 3134 et
1315 3071 1581 3133 humilis
1629 3072 1836 3133 corde.
1880 3078 1923 3141 G
1954 3076 2178 3140 scribit
2217 3074 2575 3157 Apostolus.

361 3174 484 3236 Hoc
537 3173 709 3236 enim
765 3190 988 3235 omnes
1045 3171 1337 3234 homines
1396 3170 1643 3233 discere
1701 3187 1841 3251 pos-

361 3280 584 3335 suntet
616 3287 947 3350 exercere3
977 3289 1171 3353 opera
1207 3277 1420 3331 autem
1463 3268 1842 3332 miraculosa

361 3389 478 3434 non
531 3378 678 3433 sunt
737 3387 992 3452 semper
1041 3369 1418 3441 necessaria,
1471 3386 1588 3430 nec
1641 3369 1843 3430 omni-

361 3470 468 3532 bus
495 3468 1056 3552 expedientia‚nec
1081 3467 1348 3548 singulis
1380 3467 1835 3528 conceduntur.

358 3568 682 3630 Humilitas
727 3583 880 3647 ergo
921 3565 1220 3647 magistra
1257 3565 1545 3627 omnium
1583 3573 1680 3627 est
1715 3565 1840 3627 vir-

357 3675 578 3740 tutum,
625 3665 1033 3746 coelestisque
1084 3663 1342 3727 aedifioii
1393 3663 1840 3726 firmissimum

359 3765 858 3836 fundamentum,
907 3763 1043 3843 ipsa
1089 3769 1184 3824 est
1227 3763 1465 3825 donum
1511 3762 1838 3844 proprium

356 3882 422 3925 ac
450 3861 870 3944 magnificum
897 3860 1254 3924 salvatoris,
1276 3861 1580 3923 Universa
1603 3861 1840 3942 quippe

359 3961 655 4024 miracula
684 3979 828 4042 quae
858 3966 1154 4042 operatus
1191 3966 1289 4020 est
1327 3958 1634 4032 ChristuS,
1666 3977 1842 4020 exer-

357 4069 446 4123 cet
492 4061 633 4123 sine
691 4058 986 4121 elationis
1036 4057 1340 4141 periculo,
1393 4058 1504 4140 qui
1555 4058 1844 4140 sequitur

359 4161 570 4222 mitem
620 4158 966 4221 Dominum
1027 4174 1154 4218 non
1211 4174 1326 4238 per
1382 4156 1841 4219 sublimitatem

2328 3301 2832 3366 CAPITULUM
2892 3303 3078 3366 VIII.

1957 3433 2128 3502 Quod
2190 3431 2547 3489 mirabilius
2605 3433 2687 3487 sit
2743 3433 2816 3488 de
2878 3433 3077 3503 seipso
3142 3433 3450 3505 expellere

2019 3523 2337 3595 passiones
2378 3527 2436 3576 et
2472 3522 2655 3586 vitia,
2691 3537 2870 3594 quam
2911 3538 2950 3577 a
2985 3523 3283 3593 possessis
3333 3523 3453 3579 ἀω-

2029 3627 2255 3668 monta.

2090 3765 2134 3827 T
2175 3782 2393 3826 revera
2438 3762 2646 3842 majus
2690 3761 3067 3825 miraculum
3118 3771 3210 3826 cst
3254 3763 3454 3826 eradi-

2108 3880 2251 3923 care
2289 3860 2579 3923 fomitem
2623 3861 2887 3923 luxuriae
2915 3861 2993 3922 de
3027 3860 3285 3943 propria
3321 3880 3452 3923 car-

1956 3979 2058 4035 ne,
2106 3979 2297 4042 quam
2341 3959 2603 4040 spiritus
2646 3959 3010 4021 immundos
3052 3959 3130 4022 de
3180 3959 3453 4041 corpori-

1957 4057 2076 4120 bus
2118 4059 2391 4121 aliorum
2434 4056 2787 4138 expellere;
2829 4065 2891 4119 et-
2934 4057 3449 4138 magnificentius

1957 4158 2211 4239 signum
2243 4165 2337 4219 est
2368 4155 2601 4219 virtute
2632 4155 2951 4236 patientiae
2981 4154 3281 4218 cohibere
3319 4163 3449 4217 tru-

355 4258 700 4340 signorum,
735 4257 845 4318 sed
885 4255 951 4317 in
993 4255 1314 4338 patientiae
1351 4272 1424 4316 ac
1465 4254 1842 4316 humilitatis
1873 4264 1924 4325 D
1956 4257 2243 4320 culentos
2275 4261 2483 4317 motus
2513 4273 2585 4317 ac
2611 4254 2888 4335 impetus
2916 4253 3044 4328 irie,
3068 4274 3259 4337 quam
3285 4255 3449 4318 aeris

353 4356 599 4420 virtute.
635 4355 754 4430 Qui
783 4363 999 4417 autem
1039 4352 1298 4416 affectat
1331 4353 1678 4416 immundis
1719 4355 1846 4436 spi-

355 4457 576 4520 ritibus
618 4455 956 4537 imperare‚
985 4461 1096 4514 aut
1131 4452 1420 4515 infirmos
1461 4471 1703 4527 curare,
1737 4461 1845 4515 aut

353 4555 602 4637 signum
636 4553 1085 4635 quodcumque
1118 4552 1372 4633 populis
1414 4552 1844 4614 demonstrare

351 4654 572 4716 alienis
603 4671 642 4714 a
685 4650 954 4724 Christo,
987 4650 1282 4733 quamvis
1323 4650 1387 4711 in
1427 4651 1844 4713 ostentatione

353 4754 598 4816 invocet
633 4767 867 4812 nomen
897 4749 1061 4829 ejuS,
1096 4757 1306 4811 tamen
1338 4748 1584 4811 alienus
1611 4768 1649 4810 a
1680 4749 1846 4812 Chri-

349 4859 444 4914 sto
489 4857 610 4923 est,
664 4847 970 4930 quoniam
1029 4846 1413 4909 humilitatis
1473 4847 1845 4929 magistrum

349 4947 639 5030 sequitur
697 4954 910 5008 mente
969 4946 1262 5028 superba.
1327 4947 1597 5028 Insuper
1647 4967 1845 5030 quum

349 5045 636 5110 Christus
680 5045 760 5106 ad
803 5044 1048 5108 Patrem
1089 5041 1361 5118 rediens,
1404 5046 1745 5128 quoddam,
1780 5055 1848 5108 ut

348 5146 436 5208 sic
479 5145 726 5226 loquar,
761 5143 998 5207 faceret
1035 5151 1510 5216 testamentum,
1547 5145 1712 5207 istud
1755 5164 1847 5208 re-

1051 5240 1414 5303 Mandatum
1474 5258 1710 5303 novum
1768 5242 1849 5303 do

351 5339 558 5414 vobiS,
611 5345 682 5400 ut
734 5337 1008 5421 diligatis
1063 5338 1382 5420 invicem3
1433 5339 1849 5423 protinusque

1954 4355 2375 4438 potestatibus
2438 4354 2771 4435 imperare.
2833 4353 2977 4416 Plus
3040 4372 3293 4436 quoque
3354 4362 3450 4416 est

1954 4452 2362 4517 edacissimos
2403 4451 2675 4514 tristitiae
2717 4470 2963 4513 morsus
2993 4471 3030 4513 a
3056 4471 3124 4515 se
3164 4451 3303 4534 ipso
3342 4471 3449 4534 pe-

1956 4553 2127 4614 nitus
2155 4550 2490 4632 abjecisse,
2526 4569 2718 4632 quam
2753 4549 3159 4612 infirmitates
3189 4549 3268 4612 ab
3306 4551 3449 4614 aliis

1956 4650 2285 4733 repulisse.
2321 4650 2645 4712 Postremo
2686 4647 2889 4711 multo
2928 4649 3291 4731 praeclarior
3328 4650 3453 4713 vir-

1955 4759 2056 4812 tus
2095 4756 2285 4831 atque
2326 4748 2649 4830 profectus
2691 4747 3029 4810 sublimior
3067 4756 3183 4821 est,
3227 4768 3449 4813 curare

1957 4850 2291 4930 languores
2335 4847 2607 4929 propriae
2648 4847 2879 4910 animae
2928 4866 3120 4929 quam
3165 4848 3450 4931 corporis

1956 4947 2166 5010 alieni.
2221 4946 2377 5009 Nam
2428 4954 2663 5028 quanto
2711 4945 2926 5009 anima
2977 4953 3071 5008 est
3121 4965 3309 5009 carne
3352 4967 3454 5009 su-

1959 5046 2237 5120 blimior,
2272 5053 2449 5107 tanto
2479 5045 2713 5107 sanitas
2756 5046 2896 5127 ejus
2927 5052 3130 5106 exstat
3161 5053 3455 5126 praestan-

1960 5145 2120 5222 tior3
2163 5153 2227 5206 et
2268 5151 2506 5227 quanto
2549 5143 2764 5205 anima
2804 5151 2899 5205 est
2942 5143 3337 5225 pretiosioris
3377 5163 3453 5206 ac

1960 5242 2353 5306 sublimioris
2402 5240 2793 5315 substantiae,
2845 5249 3019 5305 tanto
3065 5251 3163 5304 est
3207 5242 3451 5323 gravio-

1960 5341 2046 5404 ris
2089 5349 2152 5404 et
2195 5339 2669 5424 perniciosioris
2712 5341 2928 5404 ruinae.

3478 2372 3543 2418 14,
3568 2371 3695 2424 iuxta

3476 2431 3593 2475 Lxx.
