4359 6267
108 3566 189 3609 Pe.
212 3580 285 3612 xc.
306 3568 353 3609 6.

1262 530 1341 575 DE
1395 528 1723 575 INSTITUTIS
1779 528 1863 574 SS.
1912 526 2174 574 PATRUM.
2228 546 2308 554 —
2362 526 2536 571 LIBER
2589 526 2630 572 X

1608 980 2111 1090 LIBER
2210 980 2299 1088 X

1418 1338 1535 1389 DE
1611 1336 2009 1388 SPIRITU
2086 1335 2492 1387 ACEDIAE.

682 1731 1187 1795 CAPITULUM
1245 1727 1615 1791 PRIMUM.

396 1882 573 1949 Quod
618 1885 855 1936 sextum
890 1884 1188 1934 certamen
1228 1877 1312 1931 sit
1353 1880 1568 1931 eontra
1608 1874 1899 1946 spiritum

706 1969 967 2030 acedioe;
996 1972 1053 2021 et
1082 1968 1156 2022 de
1182 1965 1319 2035 ejus
1346 1970 1591 2021 natura.

526 2176 791 2239 EXTL'M
830 2173 1014 2236 nobis
1060 2181 1380 2235 certamen
1419 2179 1515 2233 est
1555 2178 1772 2233 contra
1810 2169 1899 2231 vi-

556 2274 715 2335 tium
743 2273 913 2354 quod
946 2271 1143 2334 Graeci
1175 2270 1415 2349 ἁκηδίαν
1448 2275 1695 2341 vocant,
1730 2267 1897 2348 quod

402 2392 519 2436 nos
557 2371 941 2435 anxietatem
980 2388 1089 2431 seu
1135 2368 1389 2430 taedium
1430 2366 1636 2429 cordis
1683 2383 1901 2446 possu-

404 2492 549 2533 mus
594 2488 982 2550 nuncupare.
1027 2468 1311 2547 Denique
1359 2464 1577 2527 acedia
1618 2471 1713 2525 est
1755 2462 1896 2524 afri-

404 2571 507 2632 nis
566 2588 678 2631 seu
739 2566 1097 2648 propinqua
1144 2563 1434 2626 tristitiae.
1488 2562 1634 2634 Quae
1681 2561 1898 2622 acedia

404 2666 705 2730 solitariis
767 2664 965 2744 magis
1022 2670 1281 2744 experta
1338 2669 1455 2733 est,
1506 2680 1646 2741 quae
1704 2659 1895 2720 etiam

404 2764 695 2827 infestior
751 2763 949 2825 hostis
995 2768 1091 2823 est
1138 2779 1210 2821 ac
1260 2758 1560 2840 frequens
1620 2774 1897 2820 commo-

1925 1676 1976 1737 A
2008 1676 2180 1752 bere,
2214 1696 2546 1761 quousque
2591 1682 2783 1745 fuerit
2829 1682 2936 1745 alii
2984 1683 3315 1764 copulatus
3358 1702 3502 1747 con-

2009 1776 2245 1853 sorti03
2307 1778 2476 1839 dolet
2535 1799 2602 1842 se
2663 1781 2725 1842 in
2787 1781 2924 1844 loco
2983 1800 3098 1843 suo
3157 1782 3501 1849 consistere

2010 1893 2282 1936 vacuum
2342 1884 2530 1958 atque
2588 1878 2667 1940 ab
2717 1879 2890 1940 omni
2951 1879 3265 1961 spirituali
3325 1881 3502 1944 lucro

2012 1973 2289 2047 inanem,
2325 1981 2542 2055 utpote
2583 1976 2693 2057 qui
2738 1985 2950 2057 posset
2979 1978 3168 2039 etiam
3211 1978 3368 2040 alios
3412 1999 3503 2041 re-

2008 2088 2154 2151 gere
2197 2072 2618 2154 plurimisque
2659 2076 2977 2155 prodesse,
3010 2084 3074 2137 et
3113 2084 3322 2138 tamen
3366 2078 3504 2140 nul-

2008 2169 2141 2231 lum
2205 2170 2568 2245 aedificavit,
2621 2192 2738 2235 nec
2796 2192 3182 2255 quemquam
3242 2195 3354 2237 sua
3413 2175 3503 2238 in-

2008 2268 2338 2330 stitutione
2387 2288 2459 2330 ac
2509 2270 2794 2332 doctrina
2851 2271 3130 2333 lucratus
3177 2282 3291 2335 est.
3343 2274 3502 2335 Hinc

2010 2366 2380 2445 magnificat
2429 2368 2807 2430 monasteria
2856 2369 3143 2431 absentia
3195 2372 3502 2453 longeque

2012 2464 2236 2545 posita,
2270 2472 2332 2525 et
2377 2464 2758 2546 imaginatur
2797 2486 2870 2529 ea
2911 2468 2986 2529 ad
3035 2468 3499 2549 proficiendum

2012 2561 2267 2624 utiliora
2306 2582 2379 2624 ac
2420 2565 2904 2645 congruentiora
2945 2566 3154 2639 saluti,
3188 2568 3503 2630 consortia

2010 2676 2266 2740 quoque
2316 2660 2600 2721 Fratrum
2655 2661 2890 2723 ibidem
2941 2664 3158 2724 suavia
3205 2671 3268 2725 et
3317 2664 3502 2745 spiri-

2011 2756 2165 2818 tuali
2199 2760 2673 2821 conversatione
2704 2761 2973 2841 repleta;
2997 2763 3348 2825 econtrario
3375 2782 3504 2825 om-

402 2862 692 2925 rantibus
744 2862 808 2922 in
858 2862 1125 2929 deserto,
1177 2865 1240 2919 et
1289 2857 1671 2920 monachum
1728 2856 1901 2916 ‘circa
1934 2852 1981 2914 B
2011 2855 2117 2916 nia
2147 2876 2288 2936 quae
2320 2856 2632 2918 habentur
2664 2858 2726 2919 in
2763 2859 3055 2921 manibus
3088 2879 3310 2941 aspera
3339 2880 3498 2936 esse,

402 2963 625 3023 horam
670 2966 909 3021 sextam
957 2958 1231 3019 maxime
1271 2956 1671 3037 inquietans;
1709 2961 1898 3035 atque

402 3066 473 3119 ut
514 3057 712 3119 febris
750 3056 1039 3138 qua-dam
1084 3055 1384 3135 ingruens
1427 3061 1709 3133 tempore
1748 3070 1903 3132 prae-

402 3157 650 3227 stituto‚
684 3152 1015 3217 consuevit
1044 3153 1272 3213 animae
1302 3151 1625 3232 aegrotanti
1665 3150 1898 3211 inferre

402 3253 885 3316 ardentissimos
916 3258 1104 3313 aest-us
1146 3249 1724 3311 inflammationum
1761 3266 1901 3308 sua-

406 3371 553 3414 rum
594 3350 767 3414 horis
807 3349 1009 3411 solitis
1038 3367 1110 3410 ac
1141 3348 1412 3410 statutis.
1448 3346 1731 3427 Denique
1761 3344 1899 3426 qui-

404 3453 555 3514 dam
585 3449 807 3511 dicunt
836 3448 999 3509 hanc
1039 3464 1177 3509 esse
1217 3446 1569 3508 daemonem
1612 3444 1900 3506 meridia-

404 3569 563 3611 num
609 3548 686 3609 de
729 3564 858 3629 quo
901 3546 965 3607 in
1008 3545 1254 3607 Psalmo
1299 3544 1546 3623 legitur.

824 3800 1328 3865 CAPITULUM
1392 3800 1478 3863 ΙΙ.

400 3951 735 4023 Expositio
758 3949 1007 4011 acedioe,
1023 3953 1080 4003 et
1105 3948 1373 4020 qualiter
1398 3951 1604 4019 serpat
1630 3946 1697 4000 in
1721 3946 1899 4000 corde

519 4038 818 4100 monachi,
850 4043 908 4092 et
935 4052 1071 4110 quoe
1097 4036 1425 4107 dispendia
1456 4035 1688 4105 inferat
1713 4036 1788 4089 ei.

548 4235 709 4299 UUM
745 4232 1175 4296 miserabilem
1218 4240 1496 4293 mentem
1536 4231 1751 4292 acedia
1782 4231 1901 4293 ista

569 4332 943 4417 possederit,
979 4330 1143 4413 parit
1174 4330 1500 4392 horrorem
1533 4328 1651 4391 loci
1684 4336 1747 4390 et
1777 4330 1897 4390 cel-

404 4434 479 4497 1ae
509 4431 862 4503 fastidium,
896 4435 1333 4509 contemptum
1364 4427 1650 4488 Fratrum
1682 4445 1900 4488 secum

400 4538 510 4594 aut
568 4535 811 4591 remote
872 4525 1288 4599 manentium,
1344 4533 1647 4606 tanquam
1705 4524 1902 4604 negli-

398 4637 625 4711 genter
671 4625 1065 4702 viventium3
1116 4622 1399 4685 desidem
1447 4639 1701 4704 quoque
1750 4621 1902 4683 facit

398 4734 463 4788 et
504 4724 801 4787 hebetem
840 4722 919 4783 ad
960 4738 1148 4783 omne
1187 4738 1348 4802 opus
1387 4720 1557 4801 quod
1600 4720 1764 4780 inter
1802 4738 1902 4780 su-

402 4842 513 4885 um
566 4828 663 4884 est
714 4820 1171 4883 habitaculum.
1225 4818 1362 4881 Non
1409 4836 1559 4879 eum
1608 4818 1761 4879 sinit
1810 4836 1901 4878 re-

400 4922 609 4984 sidere
660 4920 726 4981 in
779 4918 960 4991 cella,
1010 4936 1129 4979 nec
1180 4916 1437 4978 lectioni
1487 4933 1730 4989 vacare,
1781 4933 1899 4976 nec

404 5018 721 5101 permittit,
766 5034 917 5079 eum
967 5014 1097 5076 ullo
1146 5014 1336 5077 modo
1382 5012 1713 5094 proficere.
1761 5012 1901 5075 Cre—

404 5116 526 5178 bro
568 5112 931 5196 ingemiscit
971 5130 1038 5173 se
1081 5111 1147 5172 in
1190 5110 1412 5172 eadem
1458 5110 1616 5172 cella
1657 5110 1899 5171 tamdiu

2012 2972 2127 3014 nec
2172 2954 2377 3016 solum
2429 2955 2670 3017 nullam
2715 2976 2854 3018 esse
2897 2957 3382 3021 {edificationem
3436 2960 3500 3021 in

2011 3052 2333 3114 Fratribus
2369 3054 2477 3134 qui
2515 3072 2731 3115 secum
2781 3064 3124 3130 morantur,
3159 3058 3265 3118 sed
3309 3058 3499 3119 etiam

2011 3168 2127 3210 nec
2167 3150 2408 3211 victum
2457 3168 2640 3231 posse
2684 3151 2773 3213 ibi
2819 3153 2955 3213 sine
3000 3152 3238 3234 ingenti
3289 3154 3500 3217 labore

2010 3247 2251 3309 haberi.
2273 3249 2592 3310 Postremo
2623 3252 3033 3331 conqueritur
3063 3270 3188 3313 non
3219 3272 3286 3315 se
3317 3272 3500 3334 posse

2010 3346 2239 3408 salvari
2282 3346 2346 3408 in
2389 3348 2610 3409 eodem
2658 3349 2795 3411 loco
2835 3358 3207 3423 morantem,
3242 3352 3366 3413 nisi
3411 3372 3501 3414 re-

2012 3446 2160 3507 licta
2190 3445 2370 3519 cella,
2405 3465 2550 3508 cum
2583 3466 2710 3528 qua
2747 3448 2939 3510 simul
2981 3449 3213 3530 peribit
3247 3451 3298 3512 si
3332 3450 3394 3511 in
3426 3469 3500 3513 ea

2009 3544 2250 3605 diutius
2282 3544 2604 3619 manserit,
2639 3545 2928 3607 celeriter
2957 3566 3024 3608 se
3053 3549 3280 3610 exinde
3310 3556 3503 3610 trans·

2010 3638 2244 3701 tulerit.
2280 3640 2547 3721 Insuper
2590 3642 2740 3703 bora
2783 3642 3005 3723 quinta
3047 3652 3110 3705 et
3154 3652 3328 3705 sexta
3373 3653 3503 3705 tan-

2010 3745 2138 3800 tam
2187 3740 2246 3800 ei
2289 3739 2550 3800 suscitat
2603 3739 3041 3802 lassitudinem
3087 3743 3367 3822 corporis
3415 3751 3502 3804 at-

2010 3856 2134 3917 que
2176 3836 2477 3907 esuriem,
2512 3845 2582 3897 ut
2622 3838 2803 3917 quasi
2849 3838 3174 3901 consectus
3213 3839 3502 3902 videatur

2009 3952 2081 3994 ac
2127 3933 2328 3994 lassus
2376 3933 2560 4013 longo
2604 3934 2828 3997 itinere
2873 3936 3374 4018 gravissimoque
3417 3938 3501 4000 la-

1936 4029 1979 4092 C
2010 4030 2184 4103 bore,
2232 4038 2340 4092 aut
2388 4032 2566 4112 quasi
2621 4031 2784 4094 insra
2831 4034 2988 4096 duos
3033 4042 3142 4095 aut
3189 4042 3314 4096 tres
3364 4036 3500 4098 dies

2011 4128 2102 4189 nil
2142 4146 2400 4209 prorsus
2433 4131 2795 4193 comederit.
2830 4131 3130 4194 Praeterea
3169 4134 3292 4195 buc
3323 4134 3501 4195 illuc-

2009 4246 2133 4308 que
2163 4227 2390 4287 anxius
2425 4227 2933 4309 circumspectat,
2968 4236 3030 4291 et
3061 4230 3382 4293 neminem
3420 4233 3499 4294 ad

2010 4344 2076 4386 se
2120 4324 2340 4386 venire
2386 4327 2697 4406 suspirat3
2739 4328 3098 4409 saepiusque
3147 4328 3501 4409 ingreditur

2008 4429 2071 4485 et
2100 4424 2422 4503 egreditur
2461 4424 2708 4497 cellam,
2741 4431 2805 4486 et
2834 4426 3064 4506 saepius
3101 4427 3374 4508 adspicit
3411 4446 3502 4490 so-

2012 4521 2136 4583 lem
2180 4530 2484 4602 tanquam
2528 4523 2605 4584 ad
2648 4540 2943 4585 occasum
2987 4524 3226 4587 tardius
3275 4545 3501 4609 prope-

2009 4626 2291 4697 rantem3
2333 4620 2553 4701 sicque
2598 4620 2901 4701 impletur
2943 4622 3216 4703 quadam
3262 4624 3502 4689 irratio-

2012 4715 2207 4777 nabili
2269 4718 2500 4779 mentis
2547 4717 2940 4792 confusione,
2991 4727 3292 4800 tanquam
3341 4731 3502 4785 tetra

2010 4813 2298 4894 caligine.
2333 4814 2430 4876 Ab
2473 4815 2645 4877 omni
2695 4832 2948 4897 quoque
2990 4826 3134 4879 actu
3185 4819 3500 4900 spirituali

2011 4915 2087 4976 fit
2117 4916 2358 4978 otiosus
2396 4933 2469 4976 ac
2502 4933 2760 4987 vacuuS,
2796 4923 2866 4977 ut
2898 4914 2963 4977 in
3003 4916 3178 4979 nulla
3215 4936 3283 4979 re
3321 4925 3501 4999 putet

2011 5033 2077 5075 se
2119 5030 2304 5095 posse
2349 5033 2478 5075 suae
2527 5012 3024 5094 impugnationis
3071 5014 3357 5077 invenire
3405 5034 3500 5078 re-

2012 5112 2318 5183 medium,
2371 5111 2479 5172 sed
2528 5118 2774 5172 tantum
2835 5111 3057 5175 solatio
3113 5111 3342 5187 somni,
3391 5121 3499 5175 aut

408 5212 665 5285 morari,
698 5210 1110 5292 conqueritur
1146 5227 1401 5291 quoque
1446 5208 1794 5290 suspiranS,
1826 5227 1900 5270 ac
1930 5212 1981 5275 D
2012 5208 2285 5289 alicujus
2330 5227 2396 5270 se
2440 5208 2776 5271 visitantis.

408 5311 629 5375 dicens
658 5328 723 5372 se
754 5308 1005 5371 nullum
1045 5306 1441 5392 spiritualem
1483 5306 1761 5369 fructum
1794 5306 1900 5373 ha-

2093 5308 2332 5370 Deinde
2370 5306 2586 5371 acedia
2627 5307 2746 5369 ista
2781 5308 3060 5391 suggerit
3099 5308 3272 5371 velut
3313 5309 3502 5374 hone—
