4359 6267
847 444 968 509 498

847 633 1178 708 Capitulum
1235 636 1370 692 XIV.
1420 638 1584 703 Quod
1635 636 1946 692 immunda
2001 634 2203 692 anima

916 740 1025 781 nec
1051 725 1232 797 possit
1268 726 1473 782 docere
1503 742 1610 783 nec
1639 725 1859 783 discere
1891 724 2197 782 scientiam

915 812 1278 886 spiritualem
1343 858 2192 871 ..........
2234 814 2341 870 310

843 903 1174 975 Capitulum
1221 905 1332 961 XV.
1375 904 1644 970 Quaestio,
1687 905 1981 977 quomodo
2022 903 2193 961 multi

912 993 1206 1049 immundi
1249 992 1553 1051 scientiam
1597 993 1868 1059 habeant,
1907 996 1965 1049 et
2006 992 2191 1049 sancti

913 1098 1030 1138 non
1061 1082 1314 1139 habeant
1344 1126 2191 1139 ..........
2232 1082 2341 1138 310

838 1170 1168 1243 Capitulum
1200 1173 1336 1228 XVI.
1369 1173 1700 1245 Responsio,
1734 1174 1890 1245 quod
1929 1172 2068 1229 mali
2097 1188 2192 1229 ve-

910 1277 1036 1316 ram
1079 1260 1382 1318 scientiam
1423 1278 1541 1318 non
1581 1262 1803 1334 possint
1831 1262 2041 1319 habere
2083 1305 2095 1316 .
2177 1306 2190 1318 .
2231 1261 2334 1317 311

842 1349 1171 1422 Capitulum
1220 1351 1382 1407 XVII.
1411 1351 1633 1417 Quibus
1669 1352 1875 1409 debeat
1921 1350 2195 1424 perfectio

915 1437 1126 1510 aperiri
1161 1481 2189 1496 ............
2231 1440 2337 1496 312

845 1528 1174 1600 Capitulum
1213 1529 1399 1585 XVIII.
1433 1528 1652 1594 Quibus
1686 1546 1756 1587 ex
1795 1529 1986 1587 causis
2023 1528 2197 1602 spiri-

913 1617 1089 1674 tualis
1116 1616 1381 1674 doctrina
1411 1617 1510 1674 fiat
1535 1617 1910 1675 infructuosa.
1991 1663 2002 1674 .
2083 1663 2094 1674 .
2176 1662 2188 1674 .
2231 1618 2335 1674 313

843 1706 1173 1780 Capitulum
1213 1708 1348 1763 XIX.
1383 1708 1545 1773 Quod
1585 1707 1812 1780 indigni
1843 1710 2193 1781 quandoque

913 1796 1197 1869 recipiant
1225 1796 1473 1869 gratiam
1513 1797 1798 1853 sermonis
1826 1796 2093 1855 salubris.
2175 1842 2187 1854 .
2230 1797 2335 1853 313

844 1978 1141 2042 Coruino
1173 1993 1626 2048 Qumunsctm
1656 1977 1946 2057 (Abbatis
1984 1978 2196 2041 Neste—

922 2066 1078 2128 rotis
1109 2065 1432 2146 secunda).
1469 2066 1555 2128 De
1588 2067 2076 2130 charismatibus
2108 2068 2198 2130 di-

921 2156 1088 2218 vinis
1149 2207 2184 2222 ............
2227 2165 2334 2221 314

843 2324 1172 2398 Capitulum
1205 2328 1247 2382 I.
1281 2327 1445 2391 Quod
1482 2343 1552 2384 ex
1591 2324 1802 2399 triplici
1843 2343 2018 2383 causa
2051 2343 2189 2382 con-

912 2416 1131 2473 feratur
1176 2433 1210 2471 a
1267 2417 1380 2473 Deo
1425 2414 1610 2489 gratia
1664 2414 2032 2473 curationum
2090 2420 2194 2473 aut

913 2504 1214 2577 signorum
1247 2545 2185 2563 ...........
2230 2506 2335 2562 314

841 2593 1170 2667 Capitulum
1220 2596 1286 2650 II.
1320 2595 1382 2650 In
1431 2611 1546 2666 quo
1593 2595 1874 2651 admirari
1921 2594 2054 2668 quis
2094 2596 2191 2652 de—

912 2684 1042 2741 beat
1071 2682 1224 2739 viros
1251 2689 1484 2740 sanctos
1523 2728 2187 2742 ........
2230 2685 2337 2741 315

839 2772 1168 2845 Capitulum
1203 2774 1293 2829 Ill.
1327 2774 1404 2830 De
1427 2773 1704 2830 suscitato
1733 2779 1964 2832 mortuo
1991 2776 2062 2831 ab
2092 2777 2192 2831 ab·

911 2862 1040 2918 bate
1067 2862 1314 2919 Macar-io
1337 2906 1817 2921 ......
1873 2909 1910 2921 ..
1991 2909 2003 2921 .
2084 2908 2095 2921 .
2175 2908 2188 2920 .
2229 2864 2337 2920 315

839 2950 1168 3023 Capitulum
1199 2952 1286 3006 IV.
1319 2952 1398 3009 De
1437 2952 1722 3011 miraculo
1755 2953 1980 3011 abbatis
2010 2954 2191 3010 Abra-

911 3040 1003 3096 hae
1029 3039 1180 3097 facto
1207 3040 1266 3096 in
1299 3040 1574 3098 uberibus
1603 3042 1907 3100 mulieris.
1989 3088 2000 3099 .
2082 3086 2093 3098 .
2175 3086 2187 3099 .
2229 3043 2335 3097 316

840 3130 1168 3202 Capitulum
1235 3132 1299 3185 V.
1359 3131 1618 3196 Qualiter
1681 3132 1836 3189 idem
1905 3132 2193 3189 curaverit

910 3221 1186 3277 claudum
1246 3264 2186 3279 ...........
2229 3223 2336 3279 316

838 3310 1170 3382 Capitulum
1225 3312 1315 3366 VI.
1375 3312 1540 3376 Quod
1595 3311 1872 3369 meritum
1934 3311 2193 3368 hominis

912 3416 1028 3455 non
1071 3401 1276 3457 debeat
1317 3417 1388 3457 ex
1427 3400 1728 3458 miraculis
1764 3401 2092 3474 ponderari.
2173 3447 2186 3459 .
2228 3403 2335 3459 316

837 3489 1168 3561 Capitulum
1197 3491 1312 3546 VII.
1345 3491 1510 3555 Quod
1547 3490 1730 3547 virtus
1763 3490 2187 3549 charismatum

909 3596 1026 3635 non
1079 3579 1140 3636 in
1188 3578 1558 3637 mirabilibus
1603 3581 1703 3637 sed
1751 3579 1809 3635 in
1859 3580 2191 3638 humilitate

907 3668 1183 3725 consistat
1247 3712 2185 3728 ...........
2228 3672 2333 3728 317

834 3758 1162 3830 Capitulum
1209 3758 1350 3814 VIII.
1403 3759 1566 3823 Quod
1624 3758 1952 3816 mirabilius
1998 3760 2072 3815 sit
2119 3762 2190 3817 de

907 3847 1095 3920 seipso
1124 3847 1410 3919 expellere
1443 3846 1738 3919 passiones
1757 3848 1983 3915 etvitia,
2008 3866 2185 3921 quam

906 3954 940 3993 a
979 3937 1255 4009 possessis
1293 3936 1584 3992 daemonia
1617 3981 2184 3994 .......
2227 3938 2334 3994 317

836 4026 1166 4099 Capitulum
1208 4027 1294 4083 IX.
1328 4029 1623 4093 Quantum
1663 4027 1954 4099 praecellat
1998 4027 2190 4099 probi-

908 4119 996 4171 tas
1040 4116 1169 4172 vitae
1210 4116 1480 4188 operibus
1526 4115 1943 4175 miraculorum
1988 4162 2000 4173 .
2082 4162 2093 4173 .
2173 4162 2186 4173 .
2227 4118 2335 4173 318

838 4205 1168 4278 Capitulum
1197 4206 1262 4261 X.
1293 4204 1582 4262 Revelatio
1624 4206 1695 4261 de
1735 4205 1984 4277 perfecto
2023 4206 2191 4263 casti-

909 4294 1044 4351 tatis
1068 4294 1466 4367 experimento
1525 4338 2187 4353 ........
2228 4297 2333 4353 318

837 4476 1133 4539 Consano
1171 4491 1595 4538 ssxrAnacmA
1632 4474 1923 4556 (Abbatis
1960 4477 2193 4558 Ioseph

916 4564 1167 4646 prima).
1205 4566 1292 4627 De
1320 4564 1603 4628 amicitia
1609 4616 2184 4631 .......
2227 4576 2335 4631 319

834 4732 1165 4805 Capitulum
1199 4734 1237 4788 Ι.
1272 4734 1348 4790 De
1387 4732 1708 4790 eminentia
1745 4734 1928 4790 sancti
1966 4733 2191 4790 abbatis

905 4823 1117 4894 Joseph
1152 4866 2187 4880 ............
2228 4824 2335 4878 319

834 4911 1164 4984 Capitulum
1199 4914 1263 4969 II.
1295 4915 1374 4970 De
1403 4912 1714 4985 multiplici
1750 4929 1958 4984 genere
1987 4912 2191 4968 amici-

906 5002 1120 5059 tiarum
1148 5046 2185 5059 ............
2228 5003 2333 5059 319

834 5092 1161 5163 Capitulum
1197 5093 1287 5148 III.
1321 5092 1482 5148 Unde
1521 5095 1795 5149 nascatur
1823 5091 2195 5147 indissolubi-

907 5182 979 5236 lis
1008 5182 1266 5238 amicitIa
1333 5225 2182 5238 ..........
2225 5182 2335 5238 320

835 5270 1162 5343 Capitulum
1198 5273 1284 5327 IV.
1311 5271 1708 5344 InterrogatiO,
1741 5288 1816 5327 an
1847 5269 2070 5344 aliquid
2100 5270 2194 5329 fie-

2115 464 2301 511 mnnx
2343 462 2678 510 umanum

2522 634 2572 692 ri
2599 635 2805 692 debeat
2831 638 3035 692 contra
3062 636 3417 693 voluntatem
3458 634 3653 691 fratris
3691 677 3703 690 .
3784 678 3797 691 .
3841 634 3947 690 320

2450 724 2779 797 Capitulum
2828 726 2890 779 V.
2941 724 3259 797 Responsio
3314 726 3390 781 ad
3446 722 3801 797 propositam

2520 814 2903 886 quaestionem
2949 858 3799 871 ..........
3842 814 3947 869 320

2447 901 2778 974 Capitulum
2826 904 2911 958 VI.
2949 902 3171 968 Quibus
3217 902 3411 959 modis
3455 902 3804 958 inviolabilis

2520 991 2764 1048 societas
2794 1009 2897 1048 seu
2924 992 3185 1049 amicitia
3222 992 3521 1049 habeatur.
3602 1036 3613 1048 .
3694 1036 3705 1048 .
3788 1036 3799 1048 .
3839 992 3943 1048 321

2446 1079 2776 1151 Capitulum
2807 1082 2921 1136 VII.
2954 1083 3120 1147 Quod
3158 1080 3302 1137 nihil
3342 1082 3802 1154 praeponendum

2517 1170 2594 1225 sit
2639 1170 2883 1235 caritati,
2916 1187 3023 1228 nec
3063 1171 3286 1243 aliquid
3332 1172 3800 1244 postponendum

2517 1258 2838 1316 iracundiae
2852 1304 3797 1317 ...........
3840 1260 3945 1316 322

2444 1345 2776 1419 Capitulum
2814 1349 2954 1406 VIII.
2998 1348 3219 1416 Quibus
3256 1350 3327 1405 de
3369 1346 3563 1405 causis
3600 1364 3804 1405 nasca-

2518 1438 2614 1492 tur
2641 1436 2792 1493 inter
2820 1438 3151 1510 spirituales
3180 1436 3463 1494 dissensio
3504 1482 3516 1493 .
3598 1482 3610 1493 .
3691 1481 3703 1493 .
3783 1482 3795 1494 .
3838 1438 3946 1494 322

2445 1525 2775 1597 Capitulum
2822 1528 2909 1583 IX.
2943 1529 3021 1584 De
3061 1525 3440 1600 amputandis
3485 1524 3801 1599 spirituali-

2518 1615 2626 1671 bus
2664 1616 2855 1673 causis
2890 1616 3198 1673 discordioe
3226 1659 3793 1673 .......
3836 1617 3943 1672 322

2444 1703 2772 1776 Capitulum
2823 1708 2885 1762 X.
2940 1708 3018 1763 De
3064 1704 3287 1779 optimo
3336 1704 3607 1762 examine
3650 1706 3799 1763 veri-

2516 1791 2650 1848 tatis
2665 1837 3791 1851 .............
3834 1794 3941 1850 322

2442 1880 2773 1952 Capitulum
2811 1885 2901 1939 XI.
2936 1884 3100 1948 Quod
3131 1881 3489 1956 impossibile
3518 1880 3594 1937 sit
3619 1882 3798 1938 conti-

2523 1973 2757 2029 dentem
2790 1972 3023 2045 proprio
3044 1972 3287 2045 judicio,
3312 1988 3429 2027 non
3463 1971 3648 2044 decipi
3673 1971 3801 2029 illu-

2513 2065 2675 2122 sione
2713 2061 2927 2119 diaboli
2937 2105 3788 2118 ..........
3832 2063 3940 2118 323

2442 2153 2772 2228 Capitulum
2828 2153 2944 2207 XII.
3004 2152 3117 2207 Cur
3172 2150 3476 2208 inferiores
3528 2166 3645 2207 non
3703 2152 3800 2208 de-

2514 2246 2687 2301 beant
2725 2242 2786 2298 in
2825 2240 3131 2298 collatione
3169 2240 3464 2298 contemni
3507 2285 3517 2296 .
3782 2284 3795 2297 .
3837 2242 3942 2297 323

2442 2332 2773 2407 Capitulum
2812 2332 2953 2386 XIII.
2986 2330 3150 2396 Quod
3190 2328 3401 2385 caritas
3438 2328 3514 2385 sit
3550 2346 3667 2386 non
3707 2346 3799 2385 so-

2514 2423 2637 2479 lum
2677 2438 2770 2480 res
2808 2419 2928 2485 Dei,
2960 2420 3061 2476 sed
3097 2418 3274 2475 etiam
3315 2420 3467 2476 Deus
3504 2464 3515 2475 .
3597 2464 3609 2475 .
3691 2464 3703 2475 .
3783 2464 3795 2475 .
3836 2420 3943 2475 323

2442 2511 2774 2585 Capitulum
2814 2509 2951 2565 XIV.
2994 2509 3071 2566 De
3112 2508 3389 2581 gradibus
3426 2508 3700 2565 caritatis.
3784 2554 3795 2566 .
3838 2510 3943 2566 323

2442 2600 2773 2674 Capitulum
2814 2599 2923 2653 XV.
2957 2598 3035 2654 De
3072 2596 3145 2652 iis
3188 2596 3288 2668 qui
3336 2596 3801 2655 dissimulatione

2515 2690 2892 2746 corroborant
2921 2686 3069 2743 iram
3100 2701 3267 2742 suam
3298 2688 3401 2742 aut
3427 2686 3700 2759 proximi.
3782 2731 3795 2743 .
3838 2688 3946 2744 324

2443 2779 2773 2852 Capitulum
2821 2777 2957 2832 XVI.
2996 2775 3074 2832 De
3120 2791 3206 2841 eo,
3248 2775 3306 2832 Si
3354 2774 3531 2832 frater
3576 2776 3799 2849 aliquid

2514 2869 2723 2926 habeat
2751 2870 2953 2924 contra
2992 2882 3097 2921 nos
3130 2906 3795 2925 ........
3838 2868 3946 2924 324

2444 2958 2777 3031 Capitulum
2805 2957 2968 3011 XVII.
3001 2956 3079 3012 De
3108 2954 3179 3010 iis
3204 2954 3305 3026 qui
3337 2958 3544 3026 putant
3580 2956 3801 3027 patien-

2514 3048 2659 3104 tiam
2699 3045 3157 3117 impendendam
3196 3042 3574 3100 saecularibus
3609 3043 3800 3118 magis

2515 3153 2692 3209 quam
2724 3133 3021 3190 Fratribus
3044 3176 3797 3191 .........
3838 3136 3946 3193 325

2444 3225 2773 3299 Capitulum
2824 3223 3010 3278 XVIII.
3064 3224 3141 3279 De
3190 3221 3261 3277 iis
3306 3222 3406 3295 qui
3456 3221 3798 3294 patientiam

2516 3312 2877 3371 mendaciter
2922 3311 3284 3377 simulanteS,
3325 3315 3640 3383 provocant
3685 3312 3799 3369 fra-

2512 3410 2632 3461 tres
2658 3404 2733 3459 ad
2764 3402 2913 3459 iram
2943 3418 3049 3458 suo
3078 3400 3307 3457 silentio
3314 3445 3795 3459 ......
3836 3404 3944 3459 325

2441 3494 2771 3567 Capitulum
2803 3492 2937 3548 XIX.
2961 3492 3038 3548 De
3068 3490 3139 3547 iis
3168 3490 3266 3563 qui
3297 3508 3366 3547 ex
3398 3490 3801 3564 indignatione

2504 3584 2779 3657 jejunant
2852 3624 3793 3637 ...........
3838 3583 3943 3637 326

2442 3672 2773 3745 Capitulum
2812 3672 2923 3726 XX.
2958 3671 3036 3728 De
3083 3670 3475 3742 quorumdam
3524 3669 3804 3727 simulata

2514 3760 2810 3834 patientia,
2860 3758 2959 3831 qui
3013 3759 3255 3816 alteram
3306 3758 3611 3816 maxillam
3662 3761 3801 3817 otl'e·

2512 3854 2654 3907 runt
2680 3850 3099 3906 verberandam
3128 3892 3795 3906 ........
3838 3851 3945 3906 327

2442 3939 2772 4012 Capitulum
2812 3939 2947 3993 XXI.
2986 3938 3366 4011 Interrogatio
3408 3982 3792 3995 .....
3838 3928 3943 3995 327

2442 4028 2773 4102 Capitulum
2812 4029 2974 4083 XXII.
3008 4029 3173 4093 Quod
3211 4029 3471 4084 Christus
3510 4028 3802 4101 inspector

2512 4118 2588 4175 sit
2612 4116 2946 4182 voluntatis,
2978 4120 3035 4172 et
3064 4132 3181 4172 non
3210 4115 3346 4173 facti
3378 4118 3702 4173 dumtaxat.
3783 4162 3795 4173 .
3838 4118 3943 4174 327

2440 4206 2770 4279 Capitulum
2826 4206 3014 4260 XXIII.
3070 4205 3148 4261 De
3214 4206 3449 4278 propria
3502 4206 3799 4263 voluntate

2512 4294 2875 4368 subjicienda
2900 4292 3181 4349 voluntati
3210 4294 3405 4350 fratris
3406 4338 3793 4351 .....
3834 4296 3940 4351 328

2441 4383 2770 4455 Capitulum
2821 4383 3003 4438 XXIV.
3050 4383 3216 4450 Quod
3262 4382 3481 4439 infirmi
3530 4382 3797 4457 injuriosi
3870 4412 3879 4419 ·

2512 4472 2631 4528 sint
2676 4471 2824 4537 aliis,
2859 4474 2917 4528 et
2961 4473 3157 4527 tamen
3206 4470 3454 4544 injurias
3490 4471 3638 4529 ferre
3678 4489 3795 4528 non

2511 4560 2734 4634 possint
2761 4604 3793 4619 ............
3836 4563 3940 4618 328

2441 4650 2772 4723 Capitulum
2813 4651 2970 4706 XXV.
3006 4649 3277 4715 Quaestio,
3310 4650 3606 4722 quomodo
3635 4649 3801 4706 sortis

2510 4739 2603 4805 sit,
2637 4738 2737 4810 qui
2767 4755 2884 4795 non
2925 4738 3173 4795 sustinet
3210 4754 3443 4809 semper
3470 4737 3794 4796 infirmum.
3838 4740 3943 4796 328

2441 4828 2772 4902 Capitulum
2822 4827 3006 4883 XXVI.
3056 4826 3392 4899 Responsi0,
3436 4828 3593 4900 quod
3640 4827 3802 4885 intir-

2513 4934 2647 4974 mus
2676 4933 2793 4972 non
2824 4915 2978 4971 sinat
3006 4932 3065 4973 se
3095 4915 3402 4972 sustentari
3410 4959 3797 4973 .....
3838 4919 3943 4974 328

2442 5004 2773 5077 Capitulum
2804 5004 3013 5059 XXVII.
3050 5004 3353 5069 Quomodo
3392 5003 3701 5062 iracundia
3726 5004 3803 5061 sit

2512 5093 2796 5149 frenanda
2854 5136 3797 5150 ...........
3836 5096 3943 5151 329

2440 5180 2769 5254 Capitulum
2828 5180 3063 5234 XXVIII.
3119 5180 3283 5245 Quod
3336 5179 3613 5236 amicitiae
3662 5198 3797 5237 cum

2504 5271 2842 5344 juramento
2862 5269 3023 5325 initoe
3044 5268 3230 5327 firmae
3255 5286 3379 5327 esse
3410 5285 3527 5325 non
3547 5270 3793 5329 valeant.
3834 5272 3939 5328 330
