4359 6267
581 3601 721 3645 Hebr.

556 3668 572 3707 ¹
581 3668 622 3707 4.

577 4294 695 4339 thid.
722 4300 792 4341 16.

862 454 939 520 76

859 643 1034 706 dedit
1080 645 1390 728 Spiritum
1439 648 1740 714 Sanctum
1791 670 1980 714 suum
2032 652 2097 713 in
2146 650 2352 714 nobis.
2386 650 2439 713 A

857 740 973 804 Per
1002 745 1172 825 quod
1202 748 1642 811 auctoritatem
1676 748 2072 812 immobilem
2105 767 2221 812 suo
2250 749 2357 810 ad-

855 839 1071 919 junxit
1101 854 1419 927 praecepto
1448 864 1462 907 :
1495 847 1610 920 Qui
1644 848 1782 910 haeo
1809 847 2164 929 (inquiens)
2194 867 2361 929 sper-

859 938 977 1014 nit,
1009 959 1152 1022 quae
1190 942 1438 1005 scilicet
1466 945 1544 1005 de
1585 945 2003 1007 sanctimonia
2042 946 2197 1021 dixi,
2230 964 2357 1008 non

861 1036 1189 1100 hominem
1234 1041 1499 1121 spernit,
1535 1041 1598 1103 id
1636 1050 1735 1103 est
1773 1060 1900 1105 non
1944 1061 2046 1104 me
2085 1044 2197 1124 qui
2239 1042 2359 1105 ista

861 1136 1186 1218 praecipio,
1221 1138 1331 1199 sed
1360 1157 1509 1200 eum
1541 1140 1650 1221 qui
1683 1140 1748 1201 in
1784 1159 1884 1202 me
1917 1140 2219 1222 loquitur,
2244 1142 2358 1222 qui

857 1232 1050 1295 etiam
1092 1242 1370 1297 mentem
1413 1244 1693 1299 nostram
1735 1239 2063 1319 deputavit
2097 1257 2170 1300 ac
2205 1237 2358 1300 fecit

857 1330 1292 1396 habitaculum
1321 1335 1587 1417 Spiritui
1614 1355 1730 1399 suo
1757 1337 1994 1400 Sancto.
2013 1338 2200 1399 Vides
2226 1338 2360 1419 qui-

858 1427 977 1492 bus
1007 1449 1081 1492 ac
1109 1433 1365 1513 quantis
1397 1433 1692 1496 laudibus
1723 1435 1984 1497 extollat
2012 1435 2353 1517 Apostolus

857 1528 1209 1592 castitatem
1269 1532 1448 1613 puris
1505 1541 1695 1614 atque
1756 1532 2160 1614 simplicibus
2214 1552 2353 1596 ver-

855 1625 956 1687 bis
1003 1645 1018 1690 :
1066 1628 1296 1709 primo,
1342 1630 1401 1691 ei
1451 1630 1856 1694 attribuendo
1903 1630 2355 1693 sanctificatio·

854 1742 1040 1803 nem;
1072 1726 1302 1789 deinde
1330 1746 1618 1791 asserens
1650 1746 1880 1812 corpus
1914 1738 2204 1792 nostrum
2238 1750 2351 1811 per

855 1840 996 1884 eam
1057 1823 1137 1885 ab
1202 1825 1611 1889 immunditia
1673 1828 2026 1889 eruendum
2061 1846 2076 1906 ;
2141 1829 2347 1903 terti0,
2388 1824 2435 1886 B

853 1921 1024 2001 quod
1065 1940 1178 2003 per
1207 1924 1498 1985 eamdem
1539 1924 1623 1985 sit
1653 1924 1718 1985 in
1760 1925 1997 1987 honore
2028 1934 2090 1988 et
2119 1926 2351 1988 sancti-

852 2016 1152 2081 ficatione
1199 2040 1592 2096 mansurum,
1638 2022 1992 2102 ignominia
2031 2031 2094 2084 et
2135 2032 2353 2086 contu-

855 2117 1046 2179 melia
1088 2119 1265 2179 omni
1314 2118 1579 2200 abjecta.
1626 2121 1947 2183 Postremo
1997 2122 2352 2202 designavit

853 2212 1162 2295 Spiritum
1194 2215 1496 2279 Sanctum
1525 2236 1664 2279 esse
1694 2217 2116 2281 habitatorem
2146 2228 2351 2301 pecto·

854 2310 941 2371 ris
991 2312 1189 2375 nostri
1241 2332 1352 2395 per
1400 2314 1583 2377 istam
1629 2314 1932 2377 virtutem
1977 2335 1991 2379 ε
2037 2318 2206 2398 quod
2254 2326 2352 2380 est

853 2428 1106 2473 summa
1153 2413 1580 2476 remuneratio
1623 2412 2034 2477 beatitudinis
2078 2416 2350 2497 praemii-

853 2526 978 2588 que
1022 2508 1307 2589 perfecti.

1218 2754 1724 2818 CAPITULUM
1787 2754 1970 2818 XVI.

953 2901 1038 2956 De
1077 2901 1207 2957 alio
1247 2903 1588 2957 testimonio
1625 2902 1904 2973 Apostoli
1935 2902 2008 2957 de
2043 2902 2249 2958 eadem

1212 2990 1620 3046 sanctimonia
1656 2992 1814 3046 casti
1819 2993 1984 3047 tatis.

2383 2995 2427 3059 C

972 3195 1144 3258 ICET
1203 3203 1415 3257 autem
1474 3196 1552 3257 ad
1611 3196 1812 3258 finem
1873 3197 2072 3258 libelli
2129 3198 2345 3259 tendat

998 3311 1227 3368 sermo,
1260 3293 1468 3355 adhuc
1513 3301 1722 3355 tamen
1764 3312 1995 3375 ponam
2035 3295 2210 3357 aliud
2255 3303 2342 3357 te-

849 3392 1224 3453 stimonium
1274 3390 1562 3471 ejusdem
1606 3391 1890 3473 Apostoli
1940 3393 2090 3454 huic
2140 3393 2344 3455 consi-

850 3488 1022 3550 mile.
1065 3488 1159 3551 Ad
1206 3488 1499 3551 Hebraeos
1548 3490 1785 3551 etenim
1836 3489 2142 3564 scribenS,
2195 3490 2283 3552 ait
2324 3510 2339 3553 z

846 3584 1070 3647 Pacem
1115 3586 1449 3649 sectamini
1489 3605 1636 3648 cum
1679 3586 1978 3649 omnibus
2015 3596 2080 3649 et
2117 3588 2345 3650 sancti-

852 3684 1153 3759 moniam,
1205 3684 1342 3746 sine
1397 3704 1522 3766 qua
1579 3702 1768 3747 nemo
1816 3684 2058 3747 videbit
2115 3686 2337 3747 Deum.

848 3782 964 3845 Hie
1006 3801 1259 3865 quoque
1297 3783 1625 3845 evidenter
1665 3784 2100 3865 pronuntiavit
2138 3785 2339 3846 Deum

847 3880 1104 3963 penitus
1151 3881 1353 3943 videri
1405 3899 1532 3944 non
1576 3900 1762 3964 posse
1815 3882 1952 3944 sine
2002 3884 2343 3945 sanctimo-

847 3980 975 4054 nia,
1018 3998 1210 4062 quam
1249 3980 1572 4062 appellare
1611 3981 1770 4042 solet
1810 3980 2040 4042 mentis
2082 3981 2338 4061 integri-

846 4085 1063 4152 tatem,
1113 4086 1224 4140 aut
1281 4078 1565 4159 corporis
1625 4079 1987 4160 puritatem.
2043 4078 2217 4141 Unde
2278 4087 2341 4140 et

846 4175 952 4238 hic
990 4177 1287 4238 eumdem
1335 4194 1594 4237 sensum
1638 4174 2006 4256 explananS,
2041 4176 2340 4237 similiter
2368 4172 2419 4233 D

844 4272 1038 4336 infert
1088 4293 1102 4337 :
1145 4274 1233 4336 Ne
1284 4274 1430 4355 quis
1474 4272 1818 4335 fornicator
1857 4281 1966 4335 aut
2010 4273 2335 4355 profanuS,

845 4378 914 4432 ut
950 4372 1132 4433 Esau.

1204 4624 1708 4689 CAPITULUM
1770 4623 1984 4687 XVII.

843 4772 1016 4841 Quod
1041 4787 1175 4845 spes
1202 4771 1586 4828 sublimioris
1606 4773 1858 4843 proemii
1881 4772 2093 4830 debeat
2114 4789 2338 4846 auqere

1243 4860 1582 4917 custodiam
1609 4861 1934 4917 castitatis.

985 5058 1300 5123 UANTUM
1344 5059 1556 5139 itaque
1599 5056 1874 5120 sublime
1921 5066 2110 5139 atque
2153 5058 2337 5120 coele-

845 5058 976 5259 Q
1002 5165 1096 5219 ste
1133 5164 1231 5219 est
1262 5156 1596 5238 praemium
1637 5156 1965 5231 castitatis,
1999 5162 2172 5217 tanto
2205 5174 2339 5235 gra-

837 5255 1123 5319 vioribus
1164 5255 1442 5317 hostium
1487 5253 1735 5316 insidiis
1775 5254 2205 5336 impugnatur.
2242 5255 2334 5315 ld-

1778 480 1856 526 ΒΕ
1899 480 2227 527 ῘΝΒΤΠὌΤΙΒ
2272 481 2358 527 SS·
2394 480 2655 527 uranu.
2701 500 2783 510 —
2822 483 2999 529 LIBER
3038 484 3100 528 VI

2467 650 2638 714 circo
2704 652 3018 715 intensius
3086 652 3389 716 adhibere
3456 652 3765 715 debemus
3836 670 3966 715 non

2466 748 2671 811 solum
2704 749 3161 813 continentiam
3192 750 3497 834 corporis,
3517 768 3739 812 verum
3770 749 3965 811 etiam

2467 848 2674 909 cordis
2706 849 3151 911 contritionem
3180 848 3454 912 assiduis
3486 848 3843 911 orationum
3868 866 3971 929 ge-

2468 945 2733 1007 mitibus
2790 964 2804 1008 :
2863 955 3175 1028 quatenus
3233 946 3525 1009 clibanus
3586 947 3797 1008 carnis
3858 964 3967 1009 no·

2466 1051 2631 1116 strae,
2666 1062 2858 1125 quem
2889 1063 2999 1107 rex
3040 1044 3379 1127 Babylonis
3418 1045 3805 1107 succendere
3837 1061 3965 1106 non
3996 1062 4245 1110 oanan.

2466 1142 2715 1203 desistit
2764 1142 3103 1206 incentivis
3160 1143 3638 1225 suggestionum
3698 1142 3967 1204 carnali-

2466 1256 2600 1312 um,
2653 1240 2716 1301 id
2772 1249 2867 1302 est
2927 1242 3446 1322 concupiscentia
3502 1240 3713 1303 carnis
3769 1258 3965 1322 quam

2466 1336 2821 1399 inflammat
2851 1338 3163 1413 diaboluS‚
3190 1340 3631 1419 exstinguatur
3658 1356 3800 1401 rore
3834 1338 3970 1419 Spi-

2464 1434 2624 1497 ritus
2668 1436 2879 1497 Sancti
2920 1436 3343 1499 descendente
3384 1437 3451 1498 in
3492 1436 3683 1499 corda
3721 1442 3961 1498 nostra.

2801 1724 3305 1789 CAPITULUM
3370 1726 3619 1789 XVIII.

2464 1900 2637 1966 Quod
2698 1900 2857 1955 sicut
2916 1901 3172 1956 castitas
3242 1900 3512 1956 obtineri
3576 1916 3698 1957 non
3762 1906 3965 1973 potest

2534 1990 2665 2043 sine
2701 1988 3068 2053 humilitate,
3110 1991 3201 2045 ita
3240 2006 3346 2045 nec
3384 1991 3645 2047 scientia
3687 1992 3823 2045 sine
3864 2006 3963 2045 ca-

2532 2079 2758 2133 stitate,

2604 2311 2942 2374 SSERUNT
2992 2312 3231 2374 etenim
3274 2312 3555 2376 seniores
3603 2315 3961 2377 castitatem

2619 2408 2894 2472 obtineri
2949 2428 3075 2472 non
3134 2429 3339 2492 posse,
3394 2410 3519 2473 nisi
3577 2411 3961 2475 humilitatis

2462 2504 2875 2569 fundamenta
2911 2507 3153 2570 fuerint
3183 2509 3359 2590 prius
3401 2509 3468 2570 in
3504 2510 3693 2572 corde
3733 2511 3957 2573 locata.

2461 2605 2552 2666 Ita
2609 2624 2827 2667 rursus
2882 2604 3211 2668 affirmant
3259 2606 3585 2669 neminem
3644 2626 3831 2690 posse
3878 2610 3960 2671 ad

2462 2702 2703 2765 fontem
2738 2722 2901 2767 verae
2942 2704 3223 2767 scientiae
3261 2706 3616 2786 pervenire,
3650 2707 3963 2787 quamdiu

2463 2800 2871 2863 interioribus
2902 2802 3130 2864 animae
3160 2802 3299 2882 ejus
3332 2802 3497 2865 inest
3526 2804 3706 2865 radix
3738 2804 3962 2867 incon-

2460 2898 2761 2961 tinentiae.
2798 2899 2875 2961 Et
2914 2900 3135 2961 dicunt
3175 2899 3478 2981 possibile
3518 2919 3657 2963 esse
3700 2902 3960 2983 integri·

2459 3004 2649 3059 tatem
2685 2997 2969 3079 corporis
3003 2997 3139 3059 sine
3172 2999 3373 3080 gratia
3404 2998 3687 3062 scientiae
3717 3001 3959 3082 reperi-

2457 3096 2533 3169 ri,
2568 3095 2965 3177 impossibile
2995 3114 3145 3158 vero
3181 3096 3577 3177 spiritualem
3620 3097 3957 3160 scientiam

2456 3194 2593 3256 sine
2625 3194 3004 3274 integritatis
3036 3194 3409 3256 castimonia
3440 3196 3960 3278 possidet-itquia

2456 3293 2706 3355 diversa
2750 3299 2898 3354 sunt
2936 3292 3122 3365 dona,
3158 3311 3275 3355 nec
3313 3293 3534 3355 eadem
3578 3295 3779 3375 gratia
3816 3296 3959 3377 Spi-

2457 3390 2615 3451 ritus
2674 3390 2886 3452 Sancti
2944 3390 3247 3459 tribuitur
3302 3391 3625 3464 omnibuS,
3676 3393 3786 3455 sed
3844 3394 3958 3455 illa

2455 3490 2532 3551 ad
2590 3508 2779 3571 quam
2838 3508 2905 3550 se
2963 3489 3403 3571 unusquisque
3460 3491 3803 3570 praebuerit
3858 3492 3957 3553 di-

2452 3606 2649 3668 gnum
2690 3596 2752 3650 et
2789 3595 3010 3669 aptum
3056 3588 3266 3649 studio
3304 3596 3414 3649 aut
3456 3588 3768 3651 industria
3810 3609 3947 3652 sua.

2454 3687 2759 3768 Denique,
2802 3705 3002 3767 quum
3055 3685 3119 3747 in
3164 3686 3462 3748 omnibus
3512 3688 3747 3750 sanctis
3788 3688 3955 3771 Apo—

2453 3783 2630 3845 stolis
2689 3784 2981 3845 credatur
3040 3782 3241 3845 fuisse
3299 3784 3502 3846 virtus
3568 3785 3949 3865 integritatis

2454 3880 2753 3962 perfecta,
2796 3882 3031 3943 donum
3086 3888 3295 3942 tamen
3345 3881 3626 3945 scientiae
3666 3882 3949 3946 abunda·-

2453 3980 2543 4040 vit
2573 3979 2771 4060 magis
2812 3979 2876 4040 in
2909 3979 3119 4053 Paulo,
3154 3978 3305 4060 quia
3338 3980 3414 4041 ad
3451 3998 3592 4041 eam
3632 3999 3945 4063 praepara-

2449 4077 2634 4138 vitet
2664 4078 2838 4139 dedit
2874 4096 2941 4138 se
2981 4084 3203 4158 aptum
3243 4076 3460 4139 solerti
3502 4079 3716 4142 studio
3753 4088 3945 4161 atque

2451 4174 2778 4237 industria.

2817 4428 3319 4491 CAPITULUM
3382 4414 3569 4492 XIX.

2631 4574 2947 4629 Sententia
2981 4575 3043 4629 S.
3082 4573 3314 4629 Basilii
3348 4574 3423 4629 de
3458 4575 3759 4647 qualitate

2906 4664 3299 4734 viryinitatis
3335 4679 3480 4721 suae.

2572 4861 2821 4923 ERTUR
2866 4860 3063 4922 fuisse
3102 4860 3416 4922 sententia
3453 4859 3513 4923 S.
3558 4860 3772 4923 Basilii
3810 4861 3943 4943 epi-

2586 4958 2763 5041 scopi
2795 4958 3194 5022 Caesariensis
3234 4958 3541 5032 districta,
3575 4959 3687 5040 qui
3727 4958 3887 5020 dixit
3920 4977 3937 5020 ε

2445 5058 2773 5121 Mulierem
2832 5057 3073 5137 ignom,
3128 5063 3189 5117 et
3238 5056 3417 5136 virgo
3466 5074 3593 5118 non
3654 5075 3814 5119 sum.
3866 5058 3941 5118 In

2444 5164 2691 5219 tantum
2756 5154 3069 5216 intellexit
3126 5153 3667 5236 incorruptionem
3730 5154 3941 5216 carnis

2447 5254 2791 5317 consistere
2830 5270 2957 5315 non
2996 5259 3125 5313 tam
3166 5251 3231 5313 in
3272 5251 3664 5313 continentia
3692 5271 3729 5314 a
3757 5250 3943 5313 femi-
