4359 6267
1148 538 1564 585 commortua
1607 540 1691 585 ss.
1726 540 1969 587 runnu
2010 541 2186 587 mnan
2229 541 2267 585 1.
2314 560 2396 571 -
2437 541 2723 588 cottum
2765 543 2832 587 111
3425 515 3543 581 173

92 715 401 767 mnam-1.
426 702 701 766 Jacobus
744 723 999 790 quoque
1048 709 1373 790 apostolus
1418 728 1431 772 :
1474 708 1673 771 Omne
1713 710 1931 771 datum
1964 709 2016 771 A
2044 728 2196 772 nere
2240 728 2253 772 :
2299 710 2492 786 Dabo,
2547 712 2864 793 inquienS,
2915 711 3007 773 eis
3067 729 3176 774 cor
3227 729 3429 771 unum
3477 716 3540 770 et

430 802 775 885 optimum,
809 813 873 867 et
910 825 1099 870 omne
1142 807 1381 869 donum
1433 808 1789 889 perfectum
1832 808 1935 870 de-
2043 808 2323 871 animam
2375 828 2590 883 unam,
2642 817 2710 871 ut
2759 810 3023 872 timeant
3070 829 3172 872 me
3221 808 3539 870 universis

430 918 691 963 sursum
720 911 839 977 est,
872 905 1263 968 descendens
1294 924 1331 967 a
1360 906 1539 968 Patre
1573 906 1931 984 luminum;
2045 905 2294 981 diebus,
2328 915 2389 969 et
2422 907 2583 969 bene
2614 909 2698 970 sit
2727 909 2819 971 eis
2849 916 2913 970 et
2941 908 3098 971 filiis
3134 924 3358 970 eorum
3395 912 3540 987 post

102 1008 402 1111 ΓΖε-ιή-ιι,
432 998 601 1074 iden,
654 1000 718 1063 Si
766 1002 923 1084 quid
982 1002 1224 1066 bonum
1272 1012 1389 1078 est,
1442 1003 1552 1066 Dei
1601 1012 1717 1076 est,
1768 1012 1831 1066 et
1878 1004 1933 1067 si
2045 1022 2173 1078 eoS,
2209 1012 2272 1066 et
2303 1004 2526 1068 seriam
2557 1006 2650 1067 eis
2684 1014 2937 1087 pactum
2969 1005 3454 1088 sempiternum,
3478 1011 3541 1067 et

132 1091 173 1111 ‘'
433 1098 593 1177 quid
641 1100 982 1181 optimum,
1022 1101 1103 1164 ab
1154 1101 1293 1183 ipso
1340 1109 1454 1164 est.
1500 1102 1741 1165 Idcirco
1790 1120 1935 1165 con·
2046 1121 2173 1165 non
2223 1104 2508 1166 desinam
2555 1103 2929 1166 benefacere
2976 1104 3092 1177 eiS,
3137 1111 3201 1165 et
3244 1103 3538 1165 timorem

100 1202 403 1257 ἰῶν-ιτα.
431 1204 677 1259 stanter
711 1198 872 1259 dixit
910 1200 975 1261 B.
1010 1200 1239 1262 Paulus
1274 1218 1287 1261 τ
1322 1200 1483 1273 Quid
1524 1200 1720 1263 habes
1762 1201 1933 1283 quod
2046 1220 2262 1263 meum
2312 1202 2473 1265 dabo
2521 1202 2587 1264 in
2635 1203 2824 1265 corda
2866 1220 3108 1275 eorum,
3153 1208 3223 1262 ut
3269 1218 3398 1263 non
3447 1219 3541 1263 re-

430 1312 563 1357 non
620 1296 979 1377 accepisti?
1027 1298 1182 1379 quid
1236 1299 1527 1379 gloriaris
1575 1300 1756 1380 quasi
1803 1317 1931 1362 non
2044 1302 2270 1362 cedant
2306 1320 2343 1363 a
2381 1319 2502 1362 me.
2539 1301 2776 1363 Rursus
2820 1318 2934 1382 per
2977 1299 3373 1362 Ezechielem
3416 1299 3540 1361 dis-

426 1394 811 1475 acceperis?
2042 1398 2242 1461 seruit
2275 1417 2289 1460 ε
2324 1399 2496 1461 Dabo
2538 1399 2630 1460 eis
2674 1416 2782 1461 cor
2828 1415 3088 1473 novum,
3132 1405 3196 1459 et
3237 1397 3536 1479 spiritum

2042 1514 2280 1559 novum
2316 1514 2546 1579 ponam
2579 1498 2646 1559 in
2678 1496 3032 1559 visceribus
3061 1514 3307 1571 eorum,
3339 1504 3404 1557 et
3431 1515 3539 1558 au-

810 1639 1315 1703 CAPITULUM
1360 1640 1521 1704 XVI
2040 1595 2245 1657 feram
2293 1612 2402 1657 cor
2452 1595 2772 1678 lapideum
2822 1596 2898 1657 de
2948 1613 3136 1657 carne
3184 1612 3428 1667 eorum,
3474 1600 3538 1655 et

1362 1690 1385 1703 ’
1530 1687 1547 1704 ”
2041 1694 2204 1757 dabo
2261 1694 2356 1755 eis
2415 1712 2524 1757 cor
2580 1712 2902 1767 carneum,
2957 1700 3026 1755 ut
3075 1694 3143 1755 in
3202 1692 3535 1775 praeceptis

472 1788 645 1854 Quod
668 1786 1007 1843 moderatio
1035 1792 1093 1842 et
1122 1786 1455 1843 tolerantia
1484 1790 1889 1845 tentationum
2042 1792 2201 1854 meis
2241 1792 2591 1865 ambulent,
2624 1798 2686 1853 et
2717 1790 2958 1870 judicia
2999 1810 3139 1854 mea
3179 1790 3539 1853 custodiant

837 1876 1153 1933 tribuatur
1181 1892 1221 1931 a
1246 1878 1519 1933 Dmfno·
1966 1890 2013 1951 B
2040 1898 2103 1951 et
2132 1889 2368 1952 faciant
2404 1909 2498 1963 ea,
2532 1898 2596 1952 et
2633 1890 2762 1951 sint
2802 1889 2960 1952 mihi
3000 1890 3067 1951 in
3108 1889 3441 1973 populum,
3475 1895 3539 1949 et

2040 2006 2157 2068 ego
2199 1988 2322 2050 sim
2365 1988 2458 2049 eis
2503 1988 2568 2049 in
2613 1987 2833 2049 Deum.

562 2080 809 2143 EA'I'US
849 2099 1103 2162 quoque
1142 2081 1479 2164 Apostolus
1522 2081 1728 2157 docet,
1761 2083 1929 2164 quod

574 2176 869 2241 efficacia
898 2179 1245 2242 tolerantias
1320 2198 1401 2241 ua
1474 2198 1771 2243 ossumus
1802 2200 1931 2242 sus-

430 2276 635 2338 tinere
666 2277 1068 2351 tentationes,
1103 2199 1407 2339 consicsltat
1430 2200 1510 2338 lin
1558 2278 1929 2341 moderatio·
2380 2241 2884 2306 CAPITULUM
2946 2241 3198 2304 XVIII·

430 2393 513 2437 ne
552 2374 807 2456 pietatis
847 2375 1081 2437 divinae
1122 2374 1333 2456 potius
1378 2395 1569 2457 quam
1613 2376 1677 2436 in
1718 2382 1930 2437 nostra
2038 2391 2211 2459 Quod
2229 2390 2480 2445 initium
2495 2388 3013 2445 bonaevoluntatis
3033 2394 3092 2444 et
3109 2386 3537 2444 consummatio

94 2494 229 2538 stad.
248 2509 297 2545 ι,
322 2500 400 2539 ω.
430 2473 690 2545 virtute,
723 2472 995 2534 dicendo
1028 2490 1043 2533 ε
1075 2473 1362 2536 Tentatio
1393 2491 1505 2536 vos
1544 2491 1670 2536 non
1704 2492 1929 2555 appre-
2542 2478 2678 2548 ejus
2706 2494 2745 2533 a
2774 2479 2896 2533 Deo
2925 2478 3027 2533 sit.

428 2570 665 2633 hendat
704 2570 830 2633 nisi
870 2570 1148 2634 humana
1162 2590 1178 2649 3
1220 2570 1435 2633 fidelis
1482 2579 1695 2658 autem
1740 2571 1926 2644 DeuS‚

427 2670 541 2751 qui
600 2687 728 2731 non
786 2669 1113 2752 permittet
1162 2687 1272 2732 vos
1322 2670 1553 2731 tentari
1615 2688 1806 2751 supra
1865 2669 1929 2731 id
2171 2676 2224 2739 X
2267 2674 2502 2757 quibus
2550 2672 2885 2735 manifeste
2931 2674 3237 2736 docemur
3279 2672 3534 2735 initium

427 2768 599 2849 quod
650 2767 938 2849 potestis,
980 2768 1091 2829 sed
1138 2767 1331 2829 faciet
1372 2767 1565 2829 etiam
1610 2786 1757 2829 cum
1797 2774 1930 2829 ten·
2193 2773 2373 2836 bonae
2404 2772 2748 2834 voluntatis
2789 2771 2976 2833 nobis
3011 2770 3286 2833 conferri
3316 2790 3353 2833 a
3384 2771 3532 2846 Deo,

428 2866 669 2928 tatione
715 2873 1119 2947 proventum,
1162 2871 1233 2926 ut
1281 2865 1539 2947 possitis
1588 2865 1923 2927 sustinere.
2039 2890 2240 2952 quum
2286 2890 2399 2953 per
2441 2889 2508 2933 se
2549 2870 2761 2952 ipsum
2806 2876 2916 2931 aut
2958 2888 3071 2951 per
3111 2868 3386 2949 alicujus
3430 2869 3538 2931 ho-

430 2964 721 3045 Denique
754 2962 924 3025 idem
951 2962 1289 3045 Apostolus
1319 2970 1724 3045 protestatur,
1758 2964 1927 3044 quod
2040 2969 2234 3031 minis
2293 2968 2818 3041 exhortationem,
2871 2967 2971 3029 vel
3030 2986 3143 3049 per
3198 2967 3539 3029 adversita-

428 3064 597 3125 Deus
636 3069 813 3145 aptet
843 3080 955 3124 seu
995 3062 1247 3125 roboret
1278 3063 1525 3124 animas
1564 3069 1810 3124 nostras
1850 3062 1929 3124 ad
1967 3069 2010 3132 C
2040 3075 2192 3141 tem,
2235 3066 2428 3128 trahit
2475 3083 2590 3128 nos
2637 3067 2715 3128 ad
2765 3065 2934 3127 viam
2983 3065 3224 3127 salutiS.
3281 3063 3536 3128 Consor-

428 3180 619 3224 omne
668 3179 833 3242 opus
874 3160 1138 3235 bonum,
1178 3169 1240 3223 et
1279 3168 1577 3243 operetur
1624 3161 1692 3222 in
1742 3160 1929 3223 nobis
2040 3164 2229 3226 miter
2286 3164 2434 3225 hinc
2496 3163 2798 3245 probatur
2845 3171 2909 3225 et
2963 3162 3165 3243 ipsam
3223 3162 3534 3225 virtutum

122 3282 401 3329 Restm,
430 3278 573 3341 quae
602 3258 730 3321 sibi
761 3266 911 3320 sunt
940 3258 1190 3339 placita,
1223 3259 1441 3320 dicens
1474 3278 1488 3322 :
1521 3260 1685 3320 Deus
1714 3265 1927 3320 autem
2040 3261 2499 3346 perfectionem
2543 3260 2761 3324 donari
2803 3261 2882 3324 ab
2923 3278 3022 3335 eo,
3054 3266 3342 3323 nostrum
3385 3280 3536 3324 vero

3592 720 3688 765 Jer.
3701 734 3832 773 xxxii,

3568 786 3635 835 3⁹,
3655 786 3723 829 ⁴⁰.

3583 1412 3756 1459 Bloch.
3769 1428 3828 1466 xi,

3568 1478 3632 1527 1⁹,
3679 1478 3731 1519 2⁰
3749 1492 3760 1530 ;

3563 1551 3706 1590 xxxvi,
3742 1541 3814 1582 26-

104 3348 277 3395 ²⁰·²¹·
432 3357 609 3439 pacis
654 3356 765 3438 qui
810 3356 1031 3419 eduxit
1069 3356 1147 3418 de
1189 3363 1391 3418 morte
1437 3364 1751 3437 pastorem
1806 3376 1931 3418 ma·
2040 3362 2161 3424 hoc
2210 3379 2370 3433 esse,
2413 3367 2484 3420 ut
2528 3359 2840 3422 intensius
2891 3359 3025 3421 sive
3069 3358 3395 3420 remissius
3433 3377 3536 3421 ex·
3577 3380 3584 3388 ·

428 3474 631 3538 gnum
661 3456 883 3518 ovium
919 3455 985 3516 in
1024 3456 1331 3536 sanguine
1360 3456 1721 3517 testamenti
1752 3464 1929 3518 aeter-
2038 3478 2384 3541 sequamur
2432 3457 2934 3519 exhortationem
2987 3464 3176 3537 atque
3222 3455 3536 3519 auxilium

430 3555 497 3617 ni
554 3556 775 3617 Jesum
833 3552 1175 3626 Christum,
1225 3560 1399 3635 aptet
1455 3571 1567 3616 vos
1627 3552 1693 3614 in
1752 3554 1927 3616 omni
2038 3557 2189 3635 Dei3
2239 3563 2301 3619 et
2349 3574 2463 3637 per
2516 3554 2636 3616 hoc
2682 3554 3037 3635 justissime
3097 3571 3536 3635 promeremur

432 3653 621 3727 bono,
658 3660 729 3714 ut
770 3652 1021 3714 faciatis
1060 3652 1202 3731 ejus
1239 3652 1655 3725 voluntatem,
1690 3650 1927 3715 faciens
2037 3655 2304 3737 gloriam
2337 3662 2445 3715 aut
2477 3661 2810 3726 tormenta,
2846 3671 2921 3715 eo
2950 3653 3119 3734 quod
3150 3652 3534 3733 negligimus

430 3752 499 3815 in
560 3752 745 3814 vobis
802 3751 973 3833 quod
1031 3750 1275 3831 placeat
1332 3767 1543 3812 coram
1604 3768 1689 3811 se.
1752 3751 1928 3823 Quod
2036 3762 2145 3816 aut
2175 3754 2505 3815 studemus
2546 3769 2823 3831 congrua
2859 3750 3222 3813 obeditione
3256 3758 3320 3812 et
3348 3751 3534 3813 devo-

427 3850 625 3913 etiam
656 3847 1327 3912 Thessalonicensibus
1362 3848 1674 3929 impertiri
1707 3848 1924 3921 oravit,
2037 3851 2209 3914 tione
2251 3868 2584 3913 occurrere
2633 3848 3032 3931 dispositioni
3081 3867 3155 3911 ac
3198 3848 3532 3936 providen-

114 3966 399 4016 μνη-μαι,
429 3967 633 4031 quum
690 3946 782 4009 ait
843 3964 857 4008 ε
919 3946 1057 4028 Ipse
1113 3952 1328 4008 autem
1385 3946 1693 4008 deinus
1748 3947 1927 4008 Jesus
2036 3950 2141 4012 tiae
2191 3948 2300 4010 Dei
2352 3947 2537 4010 nobis
2587 3946 2886 4009 exhibitae
2933 3945 3392 4027 benignissima
3439 3946 3529 4008 di-

114 4035 183 4077 ¹⁶·
214 4034 282 4074 ¹⁷·
428 4046 745 4119 ChristuS,
778 4052 843 4107 et
880 4046 1045 4107 Deus
1090 4051 1270 4127 pater
1308 4050 1523 4106 noster
1556 4044 1667 4125 qui
1706 4044 1927 4106 dilexit
2035 4046 2353 4128 gnatione.
2381 4044 2556 4118 Quod
2588 4044 2654 4106 in
2686 4044 3174 4105 Deuteronomio
3201 4043 3529 4105 evidenter

426 4162 569 4217 ηοε,
620 4151 683 4206 6ῖ
731 4143 909 4205 dedit
954 4142 1449 4205 consolationem
1506 4150 1805 4205 aeternam
1864 4150 1928 4204 et
2037 4145 2123 4206 ita
2161 4142 2592 4206 describitur:
2625 4141 2831 4214 Quum
2873 4140 3290 4204 introduxerit
3320 4149 3380 4203 te
3413 4141 3528 4203 Do-

424 4260 613 4325 spem
662 4241 899 4304 bonam
953 4240 1017 4302 in
1065 4240 1285 4321 gratia,
1328 4241 1697 4302 exhortetur
1739 4241 1927 4303 corda
1956 4246 2006 4309 D
2038 4243 2250 4305 minus
2290 4243 2456 4303 Deus
2499 4248 2642 4301 tuus
2684 4240 2748 4301 in
2783 4246 3014 4301 terram
3055 4257 3246 4320 quam
3286 4256 3531 4320 posses-

422 4349 661 4413 vestra,
693 4346 759 4403 et
789 4339 1129 4402 confirmet
1160 4338 1225 4399 in
1264 4338 1437 4400 omni
1478 4356 1669 4420 opere
1708 4346 1770 4400 et
1799 4357 1925 4401 ser-
2036 4360 2222 4404 surus
2255 4338 2652 4419 ingredieriS,
2685 4344 2748 4399 et
2777 4336 3084 4400 deleverit
3111 4344 3329 4417 gentes
3369 4336 3529 4397 mul-

426 4458 621 4503 mone
666 4438 857 4502 bono.
2034 4446 2129 4501 tas
2170 4455 2382 4499 coram
2420 4443 2503 4509 te,
2536 4436 2887 4509 Hethaeum‚
2920 4442 2982 4497 et
3015 4434 3433 4515 Gergesaeum,
3466 4443 3530 4497 et

2036 4534 2497 4608 Amorrhaeum,
2533 4533 2977 4608 Chananaeum,
3010 4540 3074 4594 et
3106 4532 3528 4608 Pherezaeum,

2036 4641 2101 4697 et
2142 4634 2465 4706 Hevaeum,
2500 4639 2564 4693 et
2603 4630 2985 4703 Jebusaeum‚
3021 4638 3266 4713 septem
3313 4639 3532 4712 gentes

790 4687 1297 4752 CAPITULUM
1360 4689 1576 4752 XVII·
2040 4731 2242 4794 multo
2291 4729 2550 4810 majoris
2605 4729 2857 4791 numeri
2903 4735 2965 4790 et
3014 4728 3398 4791 robustiores
3446 4736 3532 4805 te,

574 4837 749 4905 Quod
776 4836 1165 4910 perpetuitas
1201 4838 1441 4893 timoris
1475 4836 1589 4893 Dei
1625 4836 1801 4892 nobis
2041 4828 2496 4910 tradideritque
2539 4826 2658 4888 tibi
2701 4845 2806 4888 eas
2849 4826 3180 4900 DominuS,
3218 4826 3536 4907 percuties

822 4942 865 4982 α
891 4926 1145 5011 Domim?
1174 4924 1545 4996 conferatur·
2039 4946 2145 4990 eas
2197 4945 2398 5008 usque
2447 4926 2526 4987 ad
2592 4924 3114 4999 internecionem,
3165 4941 3292 4986 non
3341 4924 3535 4987 inibis

2042 5044 2190 5089 cum
2239 5025 2332 5087 eis
2390 5024 2620 5097 foeduS,
2669 5041 2876 5103 neque
2926 5021 3198 5085 sociabis
3249 5040 3396 5083 cum
3443 5022 3535 5085 eis

564 5122 947 5187 RAETEREA
989 5124 1156 5185 Deus
1204 5142 1319 5205 per
1365 5121 1703 5185 Jeremiam
1751 5128 1935 5184 testa·
2043 5122 2361 5205 conjugia.
2396 5122 2612 5202 Itaque
2644 5119 2968 5201 Scriptura
2999 5126 3263 5182 testatur
3290 5119 3410 5182 hoc
3444 5138 3536 5181 es-

592 5229 720 5297 tur,
774 5222 945 5304 quod
995 5221 1131 5303 ipse
1180 5220 1365 5283 nobis
1413 5220 1708 5282 infundat
1755 5220 1937 5283 timo·
2045 5241 2113 5284 se
2149 5220 2368 5302 gratiae
2409 5218 2543 5291 Dei,
2577 5217 2746 5299 quod
2785 5217 3273 5279 introducuntur
3313 5218 3379 5279 in
3417 5226 3536 5279 ter-

439 5340 579 5385 rem
630 5321 752 5394 sui,
796 5337 925 5403 quo
972 5338 1122 5382 eum
1168 5320 1446 5382 firmiter
1487 5319 1809 5382 valeamus
1850 5326 1938 5382 te·
2049 5339 2184 5382 ram
2219 5315 2684 5401 promissioniS,
2718 5316 2888 5397 quod
2928 5315 3144 5379 multae
3179 5323 3396 5397 gentes
3435 5334 3536 5379 co-

3594 4158 3730 4203 Deut.
3747 4172 3818 4211 vn.

3557 4224 3640 4264 1-3.
