4359 6267
154 2381 280 2425 teor.

121 2450 202 2494 ΞΑ.

155 2877 254 2920 thid.
281 2881 322 2920 t.

151 3759 326 3805 Itidem.

1079 529 1496 579 conulem
1537 533 1622 577 SS.
1656 532 1899 578 PATRUI
1941 532 2115 579 LIBER
2158 533 2221 579 11.
2262 553 2343 564 —
2380 537 2667 586 coLLA'rto
2706 541 2837 587 XXII

3384 525 3507 592 395

394 715 584 780 posse
624 701 986 782 pertingere
1025 700 1104 762 ad
1149 700 1449 762 meritum
1489 707 1676 764 tantae
1717 719 1902 762 mun·
1931 697 1985 761 A
2015 721 2132 764 nec
2172 724 2427 786 sperare
2466 707 2654 770 debet
2683 729 2950 791 regnum
2990 711 3297 775 coelorum
3336 715 3505 795 quod

393 795 592 870 ditiae,
654 805 726 860 ut
783 799 1043 861 credere
1102 798 1448 861 debeamus
1506 799 1730 881 dignos
1788 815 1903 861 nos

390 913 534 956 esse
574 897 1027 960 communione
1069 896 1354 978 corporis
1391 897 1646 969 Christi,
1680 915 1903 978 quam-

391 991 492 1053 vis
522 991 872 1056 fecerimus
901 994 1118 1056 omnia
1143 993 1278 1076 jam
1315 994 1634 1076 praedicta.
1667 995 1898 1068 Prim0,

390 1090 700 1170 quoniam
741 1099 916 1154 tanta
953 1101 1048 1154 est
1087 1092 1364 1172 dignitas
1409 1091 1584 1154 illius
1625 1092 1901 1154 coelestis

389 1205 668 1260 mannae,
721 1196 792 1250 ut
842 1207 1030 1252 nemo
1077 1189 1508 1251 circumdatus
1560 1190 1677 1251 hac
1733 1190 1902 1252 lutea

389 1302 606 1358 carne,
642 1305 1028 1367 praesumere
1059 1288 1286 1350 debeat
1318 1288 1792 1370 perceptionem
1829 1288 1902 1350 il-

391 1383 519 1445 lius
568 1402 648 1446 ex
699 1385 927 1446 merito
977 1403 1114 1459 suo,
1163 1385 1274 1447 sed
1323 1404 1400 1447 ex
1451 1385 1738 1465 largitate
1788 1386 1899 1448 Dei

387 1482 686 1562 gratuita.
739 1482 1051 1556 Secundo,
1103 1484 1406 1566 quoniam
1455 1500 1642 1546 nemo
1694 1490 1902 1565 potest

389 1599 534 1643 esse
583 1589 713 1643 tam
766 1581 1267 1664 circumspectus
1319 1583 1384 1644 in
1435 1581 1743 1645 conflictu
1793 1602 1902 1645 sae-

390 1678 523 1740 culi
573 1678 792 1760 hujuS,
842 1687 911 1741 ut
963 1680 1187 1742 saltem
1244 1699 1383 1742 rara
1433 1699 1506 1742 ac
1561 1680 1725 1742 levia
1777 1681 1900 1742 tela

390 1776 732 1858 culparum
761 1795 884 1840 nou
908 1776 1140 1840 feriant
1164 1796 1328 1849 eum,
1343 1778 1643 1860 quoniam
1677 1779 1903 1860 impos·

2013 801 2165 864 solis
2208 804 2443 867 sanctis
2487 807 2898 887 promittitur.

2432 1069 2933 1136 CAPITULUM
2996 1073 3083 1137 X.

2013 1217 2365 1286 Responsio,
2398 1219 2559 1290 quod
2602 1219 2781 1275 multi
2826 1222 3026 1277 sancti
3071 1237 3196 1277 esse
3225 1228 3505 1294 possunt,

2081 1305 2289 1361 nullus
2336 1312 2534 1363 tamen
2580 1310 2713 1364 sine
2752 1316 3016 1382 peccate,
3054 1317 3287 1383 praeter
3334 1312 3506 1367 Chri·

2083 1401 2259 1450 stum.

2137 1590 2442 1655 HEONAS
2475 1612 2489 1656 :
2523 1593 2761 1674 Negare
2798 1612 2924 1657 non
2968 1613 3307 1677 possumus
3350 1598 3509 1659 mul-

2156 1695 2253 1751 tos
2298 1708 2435 1753 esse
2475 1700 2723 1755 sanctos
2768 1700 2830 1755 et
2862 1693 3091 1774 justOS,
3125 1697 3233 1758 sed
3281 1715 3508 1778 magna

2009 1785 2308 1848 distantia
2353 1796 2449 1850 est
2492 1789 2657 1851 inter
2700 1799 2990 1854 sanctum
3034 1801 3098 1854 et
3143 1793 3507 1857 immacula-

389 1874 584 1937 sibile
610 1884 706 1937 est
738 1893 867 1938 non
898 1895 1160 1958 peccare
1193 1877 1567 1958 ignorantia,
1582 1878 1901 1959 negligen·
1931 1875 1978 1937 B
2010 1892 2165 1946 tum.
2203 1885 2391 1949 Aliud
2430 1907 2707 1969 namque
2744 1898 2838 1952 cst
2866 1891 3147 1973 aliquem
3185 1911 3325 1955 esse
3363 1912 3503 1954 san-

391 1973 502 2047 tia,
535 1974 837 2049 vanitate,
875 1974 1307 2056 subreptione,
1347 1974 1748 2056 cogitatione,
1788 1995 1898 2038 ne-

390 2071 686 2134 cessitate
715 2079 826 2134 aut
849 2071 1184 2145 oblivione,
1201 2072 1266 2134 in
1298 2073 1416 2134 hac
1445 2071 1656 2154 fragili
1689 2091 1892 2136 carne.

387 2167 550 2230 Nam
581 2169 700 2230 etsi
732 2169 878 2250 quis
907 2169 988 2231 ad
1015 2176 1263 2231 tantum
1296 2170 1552 2232 culmen
1585 2171 1896 2232 virtutum

388 2266 772 2340 ascenderit,
807 2275 879 2328 ut
921 2286 1068 2328 cum
1113 2267 1414 2349 Apostolo
1456 2286 1606 2330 vere
1655 2276 1718 2330 et
1767 2287 1896 2331 non

304 2397 362 2432 w,
388 2363 705 2443 jactanter
742 2365 1056 2428 exclamet
1089 2383 1103 2426 ε
1137 2366 1288 2427 Mihi
1330 2384 1446 2448 pro
1493 2366 1760 2429 minimo
1801 2374 1896 2429 est

395 2470 469 2523 ut
493 2481 532 2524 a
561 2462 746 2526 vobis
783 2462 1035 2543 judicer
1061 2472 1170 2526 aut
1199 2464 1280 2526 ab
1312 2465 1592 2527 humano
1625 2465 1751 2539 die,
1783 2465 1895 2527 sed

395 2578 604 2642 neque
647 2578 749 2623 me
794 2560 1006 2643 ipsum
1043 2561 1284 2643 judico,
1319 2562 1481 2624 nihil
1519 2563 1694 2624 enim
1735 2562 1893 2625 mibi

394 2659 694 2722 conscius
733 2677 913 2738 sum3
953 2659 1158 2722 nihilo
1197 2660 1408 2722 minus
1453 2661 1610 2722 sciat
1650 2679 1716 2722 se
1755 2679 1894 2723 esse

393 2773 524 2819 non
569 2775 760 2838 posse
809 2758 948 2820 sine
996 2766 1274 2841 peccato.
1318 2758 1457 2821 Non
1499 2759 1672 2821 enim
1723 2760 1893 2822 idem

389 2855 734 2937 Apostolus
784 2855 1020 2918 frustra
1065 2855 1359 2936 adjunxit
1410 2874 1424 2918 ε
1477 2856 1599 2919 Sed
1647 2876 1775 2921 non
1827 2858 1894 2919 in

391 2953 514 3016 hoc
541 2953 936 3034 justificatus
976 2974 1141 3029 sum,
1177 2954 1236 3016 id
1275 2962 1392 3028 est,
1426 2955 1480 3017 si
1508 2955 1754 3037 justum
1792 2974 1892 3018 me

2009 1992 2206 2058 ctum,
2258 1985 2321 2046 id
2380 1993 2474 2048 est
2527 1987 2747 2050 divino
2802 1988 3003 2051 cultui
3062 1999 3502 2054 consecratum

2004 2082 2154 2162 (boc
2184 2083 2355 2145 enim
2386 2102 2621 2147 nomen
2647 2103 2986 2149 commune
3016 2090 3499 2162 est,secundum

2007 2180 2421 2262 Scripturam,
2455 2199 2582 2245 non
2618 2184 2825 2246 solum
2860 2185 3252 2260 hominibuS,
3286 2187 3398 2250 sed
3437 2197 3501 2250 et

2009 2279 2162 2341 locis
2236 2281 2585 2363 templique
2648 2283 2923 2345 vasculis
2990 2303 3063 2346 ac
3134 2285 3497 2367 lebetibus),
3532 2310 3790 2362 huma.

2006 2377 2178 2439 aliud
2211 2387 2423 2441 autem
2454 2387 2549 2441 est
2578 2399 2715 2442 esse
2744 2380 2986 2463 absque
3016 2391 3297 2465 peccato,
3332 2386 3501 2467 quod
3531 2374 3796 2478 ⁶{V“²”·⁸¹¹¹·

2007 2475 2414 2556 singulariter
2452 2479 2750 2540 convenit
2792 2479 3103 2560 majestati
3150 2483 3341 2545 unius
3385 2485 3501 2546 Do-

2007 2575 2167 2636 mini
2213 2575 2411 2637 nostri
2446 2577 2594 2638 Jesu
2639 2576 2892 2652 Christi,
2928 2579 3005 2641 de
3049 2598 3177 2661 quo
3220 2577 3504 2644 affirmat

2005 2672 2345 2754 Apostolus
2374 2674 2550 2736 velut
2579 2675 2855 2756 speciale
2884 2684 3074 2758 atque
3106 2679 3499 2762 praecipuum

2004 2771 2248 2852 aliquid
2274 2771 2427 2845 :Qui
2460 2781 2790 2854 peccatum
2824 2792 2950 2837 non
2982 2773 3152 2837 fecit.
3187 2777 3303 2839 Per
3332 2780 3501 2859 quod
3572 2802 3790 2854 werna,

2006 2869 2272 2952 protulit
2318 2871 2469 2932 satis
2514 2871 2707 2933 vilem
2752 2880 2815 2934 et
2861 2872 3175 2954 majestati
3218 2875 3359 2955 ejus
3408 2876 3500 2938 in·
3531 2866 3797 2918 ²²³'⁸·¹·'¹¹’⁹·

2006 2968 2263 3049 dignam
2297 2968 2547 3030 laudem
2576 2970 2653 3031 de
2685 2971 2844 3051 ipso,
2868 2971 3221 3035 attribuens
3250 2973 3308 3035 ei
3342 2973 3502 3037 illud

391 3071 532 3114 esse
591 3053 940 3126 credidero,
993 3071 1120 3116 non
1179 3052 1320 3116 ideo
1381 3071 1527 3116 mox
1587 3055 1896 3117 veraciter
1931 3063 1974 3126 C
2007 3073 2307 3148 tanquam
2365 3067 2861 3149 incomparabile
2920 3069 3161 3151 aliquid
3219 3090 3293 3134 ac
3343 3073 3503 3135 divi-

386 3149 603 3230 justus
644 3167 790 3230 ero;
835 3169 950 3213 nec
991 3151 1134 3214 ideo
1173 3152 1352 3214 nullo
1391 3160 1650 3234 peccato
1689 3152 1893 3214 fusca-

395 3257 496 3311 tus
527 3269 695 3323 sum,
727 3249 880 3331 quia
910 3251 1300 3312 conscientia
1335 3269 1476 3312 mea
1506 3269 1634 3312 non
1669 3250 1897 3332 pungit

394 3365 498 3410 me
537 3348 1031 3430 reprehensione
1074 3348 1348 3429 alicujus
1392 3349 1658 3431 peccati,
1694 3367 1894 3430 quum

394 3446 594 3507 multa
657 3445 892 3508 lateant
952 3447 1411 3509 conscientiam
1481 3465 1691 3508 meam
1752 3465 1894 3528 quae

393 3544 524 3606 Deo
572 3553 724 3605 sunt
773 3551 941 3617 nota,
994 3545 1288 3625 quamvis
1337 3545 1465 3607 sint
1513 3544 1671 3607 mihi
1723 3545 1896 3606 inco-

391 3642 570 3722 gnita
617 3651 680 3704 et
728 3643 1016 3706 obscura.
1061 3645 1322 3726 Propter
1365 3644 1536 3726 quod
1583 3643 1826 3705 addidit
1876 3662 1890 3707 ε

393 3739 510 3812 Qui
556 3747 773 3802 autem
812 3740 1054 3821 judicat
1097 3760 1222 3816 me,
1265 3741 1572 3804 Dominus
1615 3748 1731 3815 est,
1773 3742 1894 3803 hoc

392 3844 509 3910 est,
545 3857 768 3900 verum
812 3857 1077 3901 examen
1116 3839 1347 3919 judicii
1399 3839 1718 3922 profertur
1759 3846 1892 3900 tan-

395 3942 530 3997 tum
595 3936 677 3998 ab
742 3937 854 4000 illo
916 3955 1112 4019 quem
1179 3938 1388 4000 cordis
1456 3946 1698 4000 secreta
1764 3956 1889 4000 non

399 4030 610 4095 latent.

795 4259 1299 4326 CAPITULUM
1368 4263 1487 4325 IX.

407 4434 696 4505 Objectio,
727 4435 890 4508 quod
915 4451 1112 4491 omnes
1141 4437 1444 4508 privandi
1482 4437 1609 4492 sint
1636 4453 1890 4494 commu-

570 4524 777 4589 nione,
807 4526 866 4580 si
892 4541 1059 4582 nemo
1088 4531 1176 4582 eat
1205 4526 1430 4598 absque
1449 4533 1718 4599 peccato.

537 4730 900 4795 ERMANUS
933 4749 947 4794 :
981 4732 1185 4814 Supra
1213 4732 1456 4795 dictum
1487 4741 1584 4795 est
1612 4751 1738 4796 non
1770 4735 1893 4796 nisi

565 4837 818 4891 sanctos
860 4829 1090 4892 debere
1129 4849 1270 4894 esse
1310 4831 1652 4914 participes
1697 4851 1897 4894 sacra-

405 4933 757 4990 mentorum
790 4927 1168 5002 coelestium‚
1193 4947 1366 4991 nunc
1395 4929 1696 5010 adjicitur
1724 4930 1894 5011 quod

409 5022 798 5104 impossibile
828 5025 910 5087 sit
939 5024 1186 5087 homini
1225 5045 1363 5089 esse
1405 5027 1762 5090 immunem
1793 5045 1900 5109 pe-

410 5119 572 5182 nitus
614 5141 653 5185 a
696 5130 974 5205 peccato.
1018 5124 1082 5186 Si
1132 5142 1282 5205 ergo
1331 5125 1550 5188 nullus
1600 5126 1762 5189 liber
1802 5133 1899 5188 est

411 5235 446 5277 a
479 5219 685 5303 culpa,
717 5221 934 5283 nullus
977 5230 1074 5285 est
1111 5230 1404 5302 sanctus;
1448 5224 1663 5287 nullus
1706 5225 1901 5306 igitur

415 5318 722 5400 particeps
761 5337 900 5382 esse
944 5320 1131 5383 debet
1169 5339 1363 5384 sacrae
1402 5323 1896 5397 communioniS,

2008 3184 2185 3236 num,
2238 3165 2291 3226 si
2342 3173 2405 3227 et
2451 3183 2566 3228 nos
2627 3184 2965 3248 possumus
3018 3169 3251 3232 ducere
3303 3171 3500 3234 vitam

2006 3261 2247 3344 absque
2293 3263 2467 3325 omni
2514 3272 2773 3345 peccato
2816 3265 3308 3330 immaculatam.
3352 3271 3505 3333 Rur-

2006 3379 2114 3422 sus
2156 3359 2495 3441 Apostolus
2542 3361 2823 3444 loquitur
2866 3363 2943 3425 ad
2986 3363 3280 3428 Hebraeos
3317 3385 3331 3429 :
3364 3366 3501 3430 Non
3531 3397 3795 3449 stamas,

2005 3458 2315 3520 habemus
2355 3459 2730 3540 pontificem
2774 3461 2881 3542 qui
2930 3479 3057 3523 non
3098 3464 3297 3544 possit
3337 3481 3505 3526 com-

2008 3556 2137 3638 pati
2189 3555 2673 3620 infirmitatibus
2732 3560 2988 3633 nostris,
3039 3568 3352 3624 tentatum
3399 3581 3506 3624 au-

2005 3660 2134 3716 tem
2184 3673 2300 3736 per
2346 3655 2561 3717 omnia
2611 3673 2725 3737 pro
2773 3655 3218 3734 similitudine,
3262 3660 3503 3743 absque

2006 3762 2283 3834 peccato.
2332 3753 2396 3815 Si
2440 3771 2589 3835 ergo
2637 3755 2753 3816 ista
2802 3756 3249 3820 convenientia
3297 3765 3505 3840 potest

2005 3870 2143 3913 esse
2181 3851 2368 3914 nobis
2412 3851 2746 3933 fragilibus
2787 3873 2935 3916 cum
2977 3854 3087 3917 illo
3127 3855 3389 3918 sublimi
3430 3875 3503 3918 ac

2003 3950 2223 4012 divino
2269 3949 2576 4033 pontifice
2621 3951 2893 4026 Christo,
2929 3961 2998 4014 ut
3042 3961 3105 4014 et
3149 3971 3263 4016 nos
3310 3963 3507 4016 tente-

2007 4067 2151 4110 mur
2192 4049 2329 4110 sine
2373 4049 2547 4110 omni
2590 4049 2840 4111 offensa
2884 4051 3151 4131 peccati,
3186 4070 3301 4112 cur
3340 4052 3505 4134 Apo-

2005 4146 2204 4209 stolus
2245 4146 2613 4229 pronuntiat
2650 4148 2771 4209 hoc
2806 4148 2883 4209 de
2916 4147 3163 4211 Christo
3199 4156 3502 4236 tanquam

1923 4245 1972 4306 D
2006 4243 2325 4324 singulare
2375 4263 2447 4306 ac
2497 4243 2782 4318 unicum,
2836 4245 3203 4307 discernens
3253 4253 3502 4308 tantum

2007 4342 2307 4404 meritum
2364 4341 2504 4421 ejus
2562 4341 2642 4404 ab
2672 4342 3015 4412 universis
3074 4343 3504 4406 hominibus?

2006 4440 2293 4504 Christus
2343 4439 2555 4522 itaque
2603 4441 2722 4502 hac
2778 4441 2910 4502 sola
2957 4442 3333 4524 exceptione
3380 4442 3506 4505 dis-

2005 4538 2317 4620 tinguitur
2372 4556 2410 4600 a
2458 4538 2705 4600 cunctis
2763 4537 3135 4601 hominibus
3189 4557 3203 4600 :
3256 4547 3506 4602 constat.

2005 4637 2242 4699 etenim
2302 4636 2622 4699 Christum
2684 4655 2822 4699 esse
2886 4643 3196 4700 tentatum
3260 4637 3504 4720 absque

2006 4742 2310 4817 peccat03
2360 4753 2474 4798 nos
2529 4742 2743 4796 autem
2800 4741 3121 4798 tentamur
3178 4753 3307 4798 non
3364 4737 3502 4798 sine

2007 4840 2283 4914 peccato.
2329 4832 2479 4906 Quis
2521 4833 2695 4895 enim
2736 4833 3073 4896 hominum
3117 4851 3245 4896 non
3289 4841 3500 4916 pateat

2004 4930 2346 5012 aliquando
2385 4930 2665 4992 bostium
2696 4930 2861 5005 telis,
2894 4931 3189 5012 quamvis
3231 4930 3502 4993 bellator

2007 5027 2089 5088 sit
2129 5027 2349 5088 fortis?
2384 5027 2533 5101 Quis
2572 5028 2752 5110 quasi
2798 5026 3269 5108 impenetrabili
3313 5045 3501 5089 carne

2008 5124 2460 5198 circumdatuS,
2504 5124 2847 5187 misceatur
2895 5124 3087 5187 tantis
3138 5125 3501 5206 praeliorum

2009 5223 2313 5308 periculis
2355 5223 2492 5286 sine
2535 5223 2866 5305 periculo?
2910 5222 3020 5284 llle
3069 5228 3281 5284 autem
3332 5223 3505 5284 solus

2009 5323 2337 5405 speciosus
2377 5321 2582 5384 forma
2617 5341 2746 5404 prae
2780 5319 2937 5383 filiis
2976 5320 3334 5395 hominum,
3370 5341 3505 5384 sus·
3534 5349 3781 5400 Panaima.
