<?xml version="1.0" encoding="UTF-8"?>
<!DOCTYPE html PUBLIC "-//W3C//DTD XHTML 1.0 Transitional//EN"
    "http://www.w3.org/TR/xhtml1/DTD/xhtml1-transitional.dtd">
<html xmlns="http://www.w3.org/1999/xhtml" xml:lang="en" lang="en">
 <head>
  <title>
</title>
<meta http-equiv="Content-Type" content="text/html;charset=utf-8" />
  <meta name='ocr-system' content='tesseract 3.04.00' />
  <meta name='ocr-capabilities' content='ocr_page ocr_carea ocr_par ocr_line ocrx_word'/>
</head>
<body>
  <div class='ocr_page' id='page_1' title='image "./doctorisecstati03denigoog_0159.png"; bbox 0 0 4359 6267; ppageno 0'>
   <div class='ocr_carea' id='block_1_1' title="bbox 70 3259 409 3307">
    <p class='ocr_par' dir='ltr' id='par_1_1' title="bbox 70 3259 409 3307">
     <span class='ocr_line' id='line_1_1' title="bbox 70 3259 409 3307; baseline -0.018 -5"><span class='ocrx_word' id='word_1_1' title='bbox 70 3260 199 3302; x_wconf 62' lang='lat' dir='ltr'><strong>Mas</strong></span> <span class='ocrx_word' id='word_1_2' title='bbox 204 3259 281 3302; x_wconf 71' lang='lat' dir='ltr'><strong>th-</strong></span> <span class='ocrx_word' id='word_1_3' title='bbox 292 3271 409 3307; x_wconf 71' lang='lat' dir='ltr'><strong>xxv,</strong></span> 
     </span>
    </p>
   </div>
   <div class='ocr_carea' id='block_1_2' title="bbox 72 3326 269 3366">
    <p class='ocr_par' dir='ltr' id='par_1_2' title="bbox 72 3326 269 3366">
     <span class='ocr_line' id='line_1_2' title="bbox 72 3326 269 3366; baseline 0 -3"><span class='ocrx_word' id='word_1_4' title='bbox 72 3326 153 3366; x_wconf 61' lang='lat'><strong>24.</strong></span> <span class='ocrx_word' id='word_1_5' title='bbox 182 3328 269 3365; x_wconf 69' lang='lat'><strong>25-</strong></span> 
     </span>
    </p>
   </div>
   <div class='ocr_carea' id='block_1_3' title="bbox 1184 520 2844 571">
    <p class='ocr_par' dir='ltr' id='par_1_3' title="bbox 1184 520 2844 571">
     <span class='ocr_line' id='line_1_3' title="bbox 1184 520 2844 571; baseline 0.002 -5"><span class='ocrx_word' id='word_1_6' title='bbox 1184 520 1601 567; x_wconf 75' lang='lat' dir='ltr'><strong>coLLATIONtm</strong></span> <span class='ocrx_word' id='word_1_7' title='bbox 1644 522 1729 567; x_wconf 85' lang='lat' dir='ltr'><strong>SS.</strong></span> <span class='ocrx_word' id='word_1_8' title='bbox 1765 522 2009 567; x_wconf 66' lang='lat' dir='ltr'><strong>Panum</strong></span> <span class='ocrx_word' id='word_1_9' title='bbox 2049 520 2225 568; x_wconf 73' lang='lat' dir='ltr'>LIBER</span> <span class='ocrx_word' id='word_1_10' title='bbox 2266 524 2306 569; x_wconf 87' lang='lat'><strong>1.</strong></span> <span class='ocrx_word' id='word_1_11' title='bbox 2351 543 2432 551; x_wconf 89' lang='lat'>—</span> <span class='ocrx_word' id='word_1_12' title='bbox 2472 524 2758 571; x_wconf 75' lang='lat' dir='ltr'><strong>coLLAno</strong></span> <span class='ocrx_word' id='word_1_13' title='bbox 2799 524 2844 570; x_wconf 91' lang='lat'><strong>11</strong></span> 
     </span>
    </p>
   </div>
   <div class='ocr_carea' id='block_1_4' title="bbox 3441 505 3555 571">
    <p class='ocr_par' dir='ltr' id='par_1_4' title="bbox 3441 505 3555 571">
     <span class='ocr_line' id='line_1_4' title="bbox 3441 505 3555 571; baseline 0.018 -2"><span class='ocrx_word' id='word_1_14' title='bbox 3441 505 3555 571; x_wconf 69' lang='lat'><strong>151</strong></span> 
     </span>
    </p>
   </div>
   <div class='ocr_carea' id='block_1_5' title="bbox 440 686 3561 776">
    <p class='ocr_par' dir='ltr' id='par_1_5' title="bbox 440 686 3561 776">
     <span class='ocr_line' id='line_1_5' title="bbox 440 686 3561 776; baseline 0.003 -29"><span class='ocrx_word' id='word_1_15' title='bbox 440 704 589 767; x_wconf 86' lang='lat' dir='ltr'><strong>que</strong></span> <span class='ocrx_word' id='word_1_16' title='bbox 621 687 874 750; x_wconf 88' lang='lat' dir='ltr'><strong>collatio</strong></span> <span class='ocrx_word' id='word_1_17' title='bbox 902 686 1131 752; x_wconf 86' lang='lat' dir='ltr'><strong>fuisset</strong></span> <span class='ocrx_word' id='word_1_18' title='bbox 1172 698 1505 772; x_wconf 89' lang='lat' dir='ltr'><strong>protracta,</strong></span> <span class='ocrx_word' id='word_1_19' title='bbox 1538 691 1803 773; x_wconf 84' lang='lat' dir='ltr'><strong>quaestio</strong></span> <span class='ocrx_word' id='word_1_20' title='bbox 1843 690 1963 753; x_wconf 88' lang='lat' dir='ltr'><strong>ista</strong></span> <span class='ocrx_word' id='word_1_21' title='bbox 1990 690 2043 753; x_wconf 83' lang='lat' dir='ltr'><strong>A</strong></span> <span class='ocrx_word' id='word_1_22' title='bbox 2073 699 2334 773; x_wconf 89' lang='lat' dir='ltr'><strong>repente</strong></span> <span class='ocrx_word' id='word_1_23' title='bbox 2391 711 2531 755; x_wconf 92' lang='lat' dir='ltr'><strong>esse</strong></span> <span class='ocrx_word' id='word_1_24' title='bbox 2587 694 2907 774; x_wconf 77' lang='lat' dir='ltr'><strong>deceptOS,</strong></span> <span class='ocrx_word' id='word_1_25' title='bbox 2959 692 3128 775; x_wconf 85' lang='lat' dir='ltr'><strong>quod</strong></span> <span class='ocrx_word' id='word_1_26' title='bbox 3177 712 3338 776; x_wconf 91' lang='lat' dir='ltr'><strong>opus</strong></span> <span class='ocrx_word' id='word_1_27' title='bbox 3390 694 3561 756; x_wconf 87' lang='lat' dir='ltr'><strong>ince-</strong></span> 
     </span>
    </p>
   </div>
   <div class='ocr_carea' id='block_1_6' title="bbox 438 787 1963 1849">
    <p class='ocr_par' dir='ltr' id='par_1_6' title="bbox 438 787 1963 1849">
     <span class='ocr_line' id='line_1_6' title="bbox 442 787 1959 872; baseline 0.003 -27"><span class='ocrx_word' id='word_1_28' title='bbox 442 787 808 848; x_wconf 84' lang='lat' dir='ltr'><strong>maximam</strong></span> <span class='ocrx_word' id='word_1_29' title='bbox 839 788 1043 849; x_wconf 90' lang='lat' dir='ltr'><strong>noctis</strong></span> <span class='ocrx_word' id='word_1_30' title='bbox 1077 796 1318 869; x_wconf 89' lang='lat' dir='ltr'><strong>partem</strong></span> <span class='ocrx_word' id='word_1_31' title='bbox 1353 790 1767 872; x_wconf 83' lang='lat' dir='ltr'><strong>consumpsit.</strong></span> <span class='ocrx_word' id='word_1_32' title='bbox 1802 789 1959 851; x_wconf 92' lang='lat' dir='ltr'><strong>Nam</strong></span> 
     </span>
     <span class='ocr_line' id='line_1_7' title="bbox 440 882 1960 968; baseline 0.004 -25"><span class='ocrx_word' id='word_1_33' title='bbox 440 882 820 946; x_wconf 82' lang='lat' dir='ltr'><strong>diutissime</strong></span> <span class='ocrx_word' id='word_1_34' title='bbox 852 886 1275 966; x_wconf 75' lang='lat' dir='ltr'><strong>quaerebatur,</strong></span> <span class='ocrx_word' id='word_1_35' title='bbox 1309 906 1451 968; x_wconf 86' lang='lat' dir='ltr'><strong>quae</strong></span> <span class='ocrx_word' id='word_1_36' title='bbox 1484 887 1687 949; x_wconf 87' lang='lat' dir='ltr'><strong>virtus</strong></span> <span class='ocrx_word' id='word_1_37' title='bbox 1718 888 1820 949; x_wconf 91' lang='lat' dir='ltr'><strong>vel</strong></span> <span class='ocrx_word' id='word_1_38' title='bbox 1849 887 1960 949; x_wconf 95' lang='lat' dir='ltr'><strong>ob-</strong></span> 
     </span>
     <span class='ocr_line' id='line_1_8' title="bbox 438 983 1959 1067; baseline 0.004 -26"><span class='ocrx_word' id='word_1_39' title='bbox 438 983 777 1044; x_wconf 85' lang='lat' dir='ltr'><strong>servantia</strong></span> <span class='ocrx_word' id='word_1_40' title='bbox 806 984 1009 1065; x_wconf 87' lang='lat' dir='ltr'><strong>possit</strong></span> <span class='ocrx_word' id='word_1_41' title='bbox 1046 985 1432 1047; x_wconf 91' lang='lat' dir='ltr'><strong>monachum</strong></span> <span class='ocrx_word' id='word_1_42' title='bbox 1469 1004 1723 1067; x_wconf 80' lang='lat' dir='ltr'><strong>semper</strong></span> <span class='ocrx_word' id='word_1_43' title='bbox 1752 994 1959 1047; x_wconf 91' lang='lat' dir='ltr'><strong>custo-</strong></span> 
     </span>
     <span class='ocr_line' id='line_1_9' title="bbox 444 1079 1959 1165; baseline 0.004 -26"><span class='ocrx_word' id='word_1_44' title='bbox 444 1079 603 1141; x_wconf 88' lang='lat' dir='ltr'><strong>dire</strong></span> <span class='ocrx_word' id='word_1_45' title='bbox 652 1080 920 1143; x_wconf 81' lang='lat' dir='ltr'><strong>illaesum</strong></span> <span class='ocrx_word' id='word_1_46' title='bbox 968 1100 1007 1143; x_wconf 88' lang='lat' dir='ltr'><strong>a</strong></span> <span class='ocrx_word' id='word_1_47' title='bbox 1050 1082 1295 1164; x_wconf 84' lang='lat' dir='ltr'><strong>laqueis</strong></span> <span class='ocrx_word' id='word_1_48' title='bbox 1344 1084 1959 1165; x_wconf 76' lang='lat' dir='ltr'><strong>deceptionibusque</strong></span> 
     </span>
     <span class='ocr_line' id='line_1_10' title="bbox 444 1176 1959 1263; baseline 0.004 -27"><span class='ocrx_word' id='word_1_49' title='bbox 444 1176 725 1251; x_wconf 88' lang='lat' dir='ltr'><strong>diaboli,</strong></span> <span class='ocrx_word' id='word_1_50' title='bbox 756 1179 859 1240; x_wconf 89' lang='lat' dir='ltr'><strong>vel</strong></span> <span class='ocrx_word' id='word_1_51' title='bbox 902 1188 1073 1241; x_wconf 83' lang='lat' dir='ltr'><strong>certe</strong></span> <span class='ocrx_word' id='word_1_52' title='bbox 1112 1181 1460 1261; x_wconf 89' lang='lat' dir='ltr'><strong>provehere</strong></span> <span class='ocrx_word' id='word_1_53' title='bbox 1498 1199 1572 1243; x_wconf 89' lang='lat' dir='ltr'><strong>ac</strong></span> <span class='ocrx_word' id='word_1_54' title='bbox 1611 1181 1959 1263; x_wconf 85' lang='lat' dir='ltr'><strong>perducere</strong></span> 
     </span>
     <span class='ocr_line' id='line_1_11' title="bbox 442 1276 1963 1360; baseline 0.003 -25"><span class='ocrx_word' id='word_1_55' title='bbox 442 1292 617 1335; x_wconf 79' lang='lat' dir='ltr'><strong>eum</strong></span> <span class='ocrx_word' id='word_1_56' title='bbox 646 1284 817 1339; x_wconf 90' lang='lat' dir='ltr'><strong>recto</strong></span> <span class='ocrx_word' id='word_1_57' title='bbox 848 1276 1097 1339; x_wconf 84' lang='lat' dir='ltr'><strong>tramite</strong></span> <span class='ocrx_word' id='word_1_58' title='bbox 1126 1277 1447 1360; x_wconf 87' lang='lat' dir='ltr'><strong>firmoque</strong></span> <span class='ocrx_word' id='word_1_59' title='bbox 1475 1297 1691 1359; x_wconf 89' lang='lat' dir='ltr'><strong>gressu</strong></span> <span class='ocrx_word' id='word_1_60' title='bbox 1724 1279 1803 1341; x_wconf 89' lang='lat' dir='ltr'><strong>ad</strong></span> <span class='ocrx_word' id='word_1_61' title='bbox 1835 1279 1963 1340; x_wconf 91' lang='lat' dir='ltr'><strong>cul-</strong></span> 
     </span>
     <span class='ocr_line' id='line_1_12' title="bbox 446 1373 1959 1459; baseline 0.003 -26"><span class='ocrx_word' id='word_1_62' title='bbox 446 1391 615 1435; x_wconf 87' lang='lat' dir='ltr'><strong>men</strong></span> <span class='ocrx_word' id='word_1_63' title='bbox 664 1373 1090 1455; x_wconf 89' lang='lat' dir='ltr'><strong>perfectionis.</strong></span> <span class='ocrx_word' id='word_1_64' title='bbox 1132 1376 1467 1458; x_wconf 85' lang='lat' dir='ltr'><strong>Quumque</strong></span> <span class='ocrx_word' id='word_1_65' title='bbox 1518 1377 1959 1459; x_wconf 90' lang='lat' dir='ltr'><strong>unusquisque</strong></span> 
     </span>
     <span class='ocr_line' id='line_1_13' title="bbox 442 1470 1958 1555; baseline 0.004 -25"><span class='ocrx_word' id='word_1_66' title='bbox 442 1470 775 1551; x_wconf 83' lang='lat' dir='ltr'><strong>proferret</strong></span> <span class='ocrx_word' id='word_1_67' title='bbox 822 1472 1202 1535; x_wconf 89' lang='lat' dir='ltr'><strong>sententiam</strong></span> <span class='ocrx_word' id='word_1_68' title='bbox 1260 1493 1440 1536; x_wconf 91' lang='lat' dir='ltr'><strong>suam</strong></span> <span class='ocrx_word' id='word_1_69' title='bbox 1486 1474 1669 1555; x_wconf 86' lang='lat' dir='ltr'><strong>juxta</strong></span> <span class='ocrx_word' id='word_1_70' title='bbox 1726 1474 1958 1536; x_wconf 90' lang='lat' dir='ltr'><strong>mentis</strong></span> 
     </span>
     <span class='ocr_line' id='line_1_14' title="bbox 442 1569 1959 1644; baseline 0.003 -15"><span class='ocrx_word' id='word_1_71' title='bbox 442 1588 595 1631; x_wconf 82' lang='lat' dir='ltr'><strong>suae</strong></span> <span class='ocrx_word' id='word_1_72' title='bbox 625 1569 1209 1644; x_wconf 78' lang='lat' dir='ltr'><strong>aestimationem,et</strong></span> <span class='ocrx_word' id='word_1_73' title='bbox 1237 1572 1343 1633; x_wconf 90' lang='lat' dir='ltr'><strong>alii</strong></span> <span class='ocrx_word' id='word_1_74' title='bbox 1374 1572 1809 1634; x_wconf 83' lang='lat' dir='ltr'><strong>adscriberent</strong></span> <span class='ocrx_word' id='word_1_75' title='bbox 1838 1571 1959 1633; x_wconf 92' lang='lat' dir='ltr'><strong>hoc</strong></span> 
     </span>
     <span class='ocr_line' id='line_1_15' title="bbox 442 1665 1959 1750; baseline 0.003 -25"><span class='ocrx_word' id='word_1_76' title='bbox 442 1665 677 1727; x_wconf 91' lang='lat' dir='ltr'><strong>studio</strong></span> <span class='ocrx_word' id='word_1_77' title='bbox 710 1665 1104 1747; x_wconf 87' lang='lat' dir='ltr'><strong>jejuniorum</strong></span> <span class='ocrx_word' id='word_1_78' title='bbox 1141 1686 1213 1729; x_wconf 90' lang='lat' dir='ltr'><strong>ac</strong></span> <span class='ocrx_word' id='word_1_79' title='bbox 1255 1668 1643 1748; x_wconf 88' lang='lat' dir='ltr'><strong>vigiliarum,</strong></span> <span class='ocrx_word' id='word_1_80' title='bbox 1678 1668 1828 1750; x_wconf 91' lang='lat' dir='ltr'><strong>quia</strong></span> <span class='ocrx_word' id='word_1_81' title='bbox 1868 1668 1959 1729; x_wconf 92' lang='lat' dir='ltr'><strong>vi-</strong></span> 
     </span>
     <span class='ocr_line' id='line_1_16' title="bbox 442 1762 1957 1849; baseline 0.003 -25"><span class='ocrx_word' id='word_1_82' title='bbox 442 1762 696 1825; x_wconf 90' lang='lat' dir='ltr'><strong>delicet</strong></span> <span class='ocrx_word' id='word_1_83' title='bbox 742 1782 922 1827; x_wconf 89' lang='lat' dir='ltr'><strong>mens</strong></span> <span class='ocrx_word' id='word_1_84' title='bbox 971 1765 1072 1827; x_wconf 91' lang='lat' dir='ltr'><strong>his</strong></span> <span class='ocrx_word' id='word_1_85' title='bbox 1120 1774 1477 1839; x_wconf 85' lang='lat' dir='ltr'><strong>extenuata,</strong></span> <span class='ocrx_word' id='word_1_86' title='bbox 1510 1774 1573 1829; x_wconf 82' lang='lat' dir='ltr'><strong>ct</strong></span> <span class='ocrx_word' id='word_1_87' title='bbox 1616 1768 1957 1849; x_wconf 88' lang='lat' dir='ltr'><strong>puritatem</strong></span> 
     </span>
    </p>
   </div>
   <div class='ocr_carea' id='block_1_7' title="bbox 2069 790 3566 1851">
    <p class='ocr_par' dir='ltr' id='par_1_7' title="bbox 2069 790 3566 1851">
     <span class='ocr_line' id='line_1_17' title="bbox 2071 790 3562 874; baseline 0.003 -25"><span class='ocrx_word' id='word_1_88' title='bbox 2071 797 2253 870; x_wconf 91' lang='lat' dir='ltr'><strong>ptum</strong></span> <span class='ocrx_word' id='word_1_89' title='bbox 2295 808 2420 853; x_wconf 91' lang='lat' dir='ltr'><strong>non</strong></span> <span class='ocrx_word' id='word_1_90' title='bbox 2464 792 2787 874; x_wconf 86' lang='lat' dir='ltr'><strong>potuerint</strong></span> <span class='ocrx_word' id='word_1_91' title='bbox 2830 790 2962 853; x_wconf 86' lang='lat' dir='ltr'><strong>fine</strong></span> <span class='ocrx_word' id='word_1_92' title='bbox 3005 791 3307 854; x_wconf 88' lang='lat' dir='ltr'><strong>laudabili</strong></span> <span class='ocrx_word' id='word_1_93' title='bbox 3347 793 3562 855; x_wconf 84' lang='lat' dir='ltr'><strong>termi-</strong></span> 
     </span>
     <span class='ocr_line' id='line_1_18' title="bbox 2069 889 3564 954; baseline 0.002 -4"><span class='ocrx_word' id='word_1_94' title='bbox 2069 908 2220 951; x_wconf 88' lang='lat' dir='ltr'><strong>nare</strong></span> <span class='ocrx_word' id='word_1_95' title='bbox 2257 907 2272 951; x_wconf 87' lang='lat'>:</span> <span class='ocrx_word' id='word_1_96' title='bbox 2306 890 2436 952; x_wconf 90' lang='lat' dir='ltr'><strong>imo</strong></span> <span class='ocrx_word' id='word_1_97' title='bbox 2477 909 2804 952; x_wconf 90' lang='lat' dir='ltr'><strong>summum</strong></span> <span class='ocrx_word' id='word_1_98' title='bbox 2853 889 3168 953; x_wconf 90' lang='lat' dir='ltr'><strong>fervorem</strong></span> <span class='ocrx_word' id='word_1_99' title='bbox 3217 898 3280 952; x_wconf 91' lang='lat' dir='ltr'><strong>et</strong></span> <span class='ocrx_word' id='word_1_100' title='bbox 3325 891 3564 954; x_wconf 88' lang='lat' dir='ltr'><strong>virtuo-</strong></span> 
     </span>
     <span class='ocr_line' id='line_1_19' title="bbox 2071 988 3565 1051; baseline 0.003 -5"><span class='ocrx_word' id='word_1_101' title='bbox 2071 1005 2206 1047; x_wconf 90' lang='lat' dir='ltr'><strong>sam</strong></span> <span class='ocrx_word' id='word_1_102' title='bbox 2269 988 2815 1050; x_wconf 87' lang='lat' dir='ltr'><strong>conversationem</strong></span> <span class='ocrx_word' id='word_1_103' title='bbox 2872 988 3228 1050; x_wconf 88' lang='lat' dir='ltr'><strong>detestabili</strong></span> <span class='ocrx_word' id='word_1_104' title='bbox 3290 988 3565 1051; x_wconf 89' lang='lat' dir='ltr'><strong>termino</strong></span> 
     </span>
     <span class='ocr_line' id='line_1_20' title="bbox 2071 1084 3564 1167; baseline 0.002 -22"><span class='ocrx_word' id='word_1_105' title='bbox 2071 1084 2518 1147; x_wconf 87' lang='lat' dir='ltr'><strong>concluserint.</strong></span> <span class='ocrx_word' id='word_1_106' title='bbox 2563 1086 2806 1148; x_wconf 90' lang='lat' dir='ltr'><strong>Idcirco</strong></span> <span class='ocrx_word' id='word_1_107' title='bbox 2850 1084 3185 1148; x_wconf 87' lang='lat' dir='ltr'><strong>manifeste</strong></span> <span class='ocrx_word' id='word_1_108' title='bbox 3230 1104 3564 1167; x_wconf 88' lang='lat' dir='ltr'><strong>cognosce-</strong></span> 
     </span>
     <span class='ocr_line' id='line_1_21' title="bbox 2069 1180 3565 1265; baseline 0.001 -22"><span class='ocrx_word' id='word_1_109' title='bbox 2069 1201 2137 1243; x_wconf 93' lang='lat' dir='ltr'><strong>re</strong></span> <span class='ocrx_word' id='word_1_110' title='bbox 2188 1180 2527 1264; x_wconf 83' lang='lat' dir='ltr'><strong>poss&#39;umus</strong></span> <span class='ocrx_word' id='word_1_111' title='bbox 2575 1184 2730 1265; x_wconf 91' lang='lat' dir='ltr'><strong>quid</strong></span> <span class='ocrx_word' id='word_1_112' title='bbox 2774 1184 3213 1265; x_wconf 87' lang='lat' dir='ltr'><strong>principaliter</strong></span> <span class='ocrx_word' id='word_1_113' title='bbox 3255 1185 3443 1246; x_wconf 89' lang='lat' dir='ltr'><strong>ducat</strong></span> <span class='ocrx_word' id='word_1_114' title='bbox 3486 1184 3565 1246; x_wconf 91' lang='lat' dir='ltr'><strong>ad</strong></span> 
     </span>
     <span class='ocr_line' id='line_1_22' title="bbox 2069 1279 3565 1363; baseline 0.002 -22"><span class='ocrx_word' id='word_1_115' title='bbox 2069 1279 2294 1355; x_wconf 90' lang='lat' dir='ltr'><strong>Deum,</strong></span> <span class='ocrx_word' id='word_1_116' title='bbox 2329 1281 2382 1343; x_wconf 91' lang='lat' dir='ltr'><strong>si</strong></span> <span class='ocrx_word' id='word_1_117' title='bbox 2424 1300 2613 1343; x_wconf 86' lang='lat' dir='ltr'><strong>eausa</strong></span> <span class='ocrx_word' id='word_1_118' title='bbox 2651 1281 2852 1344; x_wconf 84' lang='lat' dir='ltr'><strong>ruinae</strong></span> <span class='ocrx_word' id='word_1_119' title='bbox 2889 1300 2963 1343; x_wconf 91' lang='lat' dir='ltr'><strong>ac</strong></span> <span class='ocrx_word' id='word_1_120' title='bbox 2997 1282 3390 1363; x_wconf 84' lang='lat' dir='ltr'><strong>deceptionis</strong></span> <span class='ocrx_word' id='word_1_121' title='bbox 3430 1282 3565 1345; x_wconf 92' lang='lat' dir='ltr'><strong>illo-</strong></span> 
     </span>
     <span class='ocr_line' id='line_1_23' title="bbox 2071 1377 3559 1459; baseline 0.002 -21"><span class='ocrx_word' id='word_1_122' title='bbox 2071 1396 2215 1439; x_wconf 90' lang='lat' dir='ltr'><strong>rum</strong></span> <span class='ocrx_word' id='word_1_123' title='bbox 2275 1377 2469 1439; x_wconf 90' lang='lat' dir='ltr'><strong>fuerit</strong></span> <span class='ocrx_word' id='word_1_124' title='bbox 2525 1378 2864 1459; x_wconf 81' lang='lat' dir='ltr'><strong>diligenter</strong></span> <span class='ocrx_word' id='word_1_125' title='bbox 2912 1378 3201 1459; x_wconf 87' lang='lat' dir='ltr'><strong>indagata</strong></span> <span class='ocrx_word' id='word_1_126' title='bbox 3258 1399 3298 1440; x_wconf 89' lang='lat' dir='ltr'><strong>a</strong></span> <span class='ocrx_word' id='word_1_127' title='bbox 3353 1379 3559 1441; x_wconf 81' lang='lat' dir='ltr'><strong>nobiS.</strong></span> 
     </span>
     <span class='ocr_line' id='line_1_24' title="bbox 2069 1475 3566 1559; baseline 0.001 -22"><span class='ocrx_word' id='word_1_128' title='bbox 2069 1475 2312 1556; x_wconf 90' lang='lat' dir='ltr'><strong>Nempe</strong></span> <span class='ocrx_word' id='word_1_129' title='bbox 2342 1495 2542 1557; x_wconf 92' lang='lat' dir='ltr'><strong>quum</strong></span> <span class='ocrx_word' id='word_1_130' title='bbox 2574 1476 2665 1536; x_wconf 91' lang='lat' dir='ltr'><strong>illi</strong></span> <span class='ocrx_word' id='word_1_131' title='bbox 2705 1475 3104 1539; x_wconf 85' lang='lat' dir='ltr'><strong>abundarent</strong></span> <span class='ocrx_word' id='word_1_132' title='bbox 3133 1476 3200 1537; x_wconf 91' lang='lat' dir='ltr'><strong>in</strong></span> <span class='ocrx_word' id='word_1_133' title='bbox 3241 1477 3566 1559; x_wconf 54' lang='lat' dir='ltr'><strong>praedicta·-</strong></span> 
     </span>
     <span class='ocr_line' id='line_1_25' title="bbox 2071 1573 3564 1655; baseline 0.003 -23"><span class='ocrx_word' id='word_1_134' title='bbox 2071 1592 2216 1634; x_wconf 92' lang='lat' dir='ltr'><strong>rum</strong></span> <span class='ocrx_word' id='word_1_135' title='bbox 2259 1574 2570 1635; x_wconf 89' lang='lat' dir='ltr'><strong>virtutum</strong></span> <span class='ocrx_word' id='word_1_136' title='bbox 2615 1573 2939 1655; x_wconf 92' lang='lat' dir='ltr'><strong>operibus,</strong></span> <span class='ocrx_word' id='word_1_137' title='bbox 2976 1579 3186 1635; x_wconf 90' lang='lat' dir='ltr'><strong>tamen</strong></span> <span class='ocrx_word' id='word_1_138' title='bbox 3234 1593 3439 1655; x_wconf 85' lang='lat' dir='ltr'><strong>usque</strong></span> <span class='ocrx_word' id='word_1_139' title='bbox 3485 1575 3564 1636; x_wconf 88' lang='lat' dir='ltr'><strong>ad</strong></span> 
     </span>
     <span class='ocr_line' id='line_1_26' title="bbox 2069 1669 3566 1753; baseline 0.001 -21"><span class='ocrx_word' id='word_1_140' title='bbox 2069 1669 2270 1732; x_wconf 88' lang='lat' dir='ltr'><strong>finem</strong></span> <span class='ocrx_word' id='word_1_141' title='bbox 2301 1688 2427 1733; x_wconf 92' lang='lat' dir='ltr'><strong>non</strong></span> <span class='ocrx_word' id='word_1_142' title='bbox 2461 1679 2831 1733; x_wconf 90' lang='lat' dir='ltr'><strong>manserunt</strong></span> <span class='ocrx_word' id='word_1_143' title='bbox 2863 1671 2929 1733; x_wconf 93' lang='lat' dir='ltr'><strong>in</strong></span> <span class='ocrx_word' id='word_1_144' title='bbox 2961 1671 3076 1747; x_wconf 89' lang='lat' dir='ltr'><strong>eis,</strong></span> <span class='ocrx_word' id='word_1_145' title='bbox 3101 1672 3403 1753; x_wconf 91' lang='lat' dir='ltr'><strong>quoniam</strong></span> <span class='ocrx_word' id='word_1_146' title='bbox 3433 1672 3566 1736; x_wconf 88' lang='lat' dir='ltr'><strong>sola</strong></span> 
     </span>
     <span class='ocr_line' id='line_1_27' title="bbox 2070 1767 3566 1851; baseline 0.002 -22"><span class='ocrx_word' id='word_1_147' title='bbox 2070 1767 2371 1831; x_wconf 89' lang='lat' dir='ltr'><strong>discretio</strong></span> <span class='ocrx_word' id='word_1_148' title='bbox 2402 1768 2606 1831; x_wconf 88' lang='lat' dir='ltr'><strong>defuit</strong></span> <span class='ocrx_word' id='word_1_149' title='bbox 2645 1768 2820 1851; x_wconf 88' lang='lat' dir='ltr'><strong>ipsis.</strong></span> <span class='ocrx_word' id='word_1_150' title='bbox 2856 1768 2992 1831; x_wconf 92' lang='lat' dir='ltr'><strong>Non</strong></span> <span class='ocrx_word' id='word_1_151' title='bbox 3031 1769 3204 1831; x_wconf 90' lang='lat' dir='ltr'><strong>enim</strong></span> <span class='ocrx_word' id='word_1_152' title='bbox 3240 1769 3566 1832; x_wconf 88' lang='lat' dir='ltr'><strong>invenitur</strong></span> 
     </span>
    </p>
   </div>
   <div class='ocr_carea' id='block_1_8' title="bbox 444 1862 3564 1949">
    <p class='ocr_par' dir='ltr' id='par_1_8' title="bbox 444 1862 3564 1949">
     <span class='ocr_line' id='line_1_28' title="bbox 444 1862 3564 1949; baseline 0.002 -27"><span class='ocrx_word' id='word_1_153' title='bbox 444 1862 675 1923; x_wconf 80' lang='lat' dir='ltr'><strong>cordis</strong></span> <span class='ocrx_word' id='word_1_154' title='bbox 720 1882 795 1924; x_wconf 89' lang='lat' dir='ltr'><strong>ac</strong></span> <span class='ocrx_word' id='word_1_155' title='bbox 842 1864 1126 1945; x_wconf 89' lang='lat' dir='ltr'><strong>corporis</strong></span> <span class='ocrx_word' id='word_1_156' title='bbox 1172 1872 1482 1939; x_wconf 89' lang='lat' dir='ltr'><strong>assecuta,</strong></span> <span class='ocrx_word' id='word_1_157' title='bbox 1528 1864 1657 1928; x_wconf 92' lang='lat' dir='ltr'><strong>Deo</strong></span> <span class='ocrx_word' id='word_1_158' title='bbox 1706 1864 1957 1927; x_wconf 88' lang='lat' dir='ltr'><strong>facilius</strong></span> <span class='ocrx_word' id='word_1_159' title='bbox 1994 1870 2043 1932; x_wconf 92' lang='lat' dir='ltr'>B</span> <span class='ocrx_word' id='word_1_160' title='bbox 2069 1865 2195 1926; x_wconf 89' lang='lat' dir='ltr'><strong>alia</strong></span> <span class='ocrx_word' id='word_1_161' title='bbox 2225 1885 2416 1927; x_wconf 90' lang='lat' dir='ltr'><strong>causa</strong></span> <span class='ocrx_word' id='word_1_162' title='bbox 2457 1866 2670 1949; x_wconf 89' lang='lat' dir='ltr'><strong>lapsus</strong></span> <span class='ocrx_word' id='word_1_163' title='bbox 2705 1884 2951 1941; x_wconf 89' lang='lat' dir='ltr'><strong>eorum,</strong></span> <span class='ocrx_word' id='word_1_164' title='bbox 2983 1867 3110 1928; x_wconf 93' lang='lat' dir='ltr'><strong>nisi</strong></span> <span class='ocrx_word' id='word_1_165' title='bbox 3141 1867 3311 1949; x_wconf 91' lang='lat' dir='ltr'><strong>quod</strong></span> <span class='ocrx_word' id='word_1_166' title='bbox 3350 1867 3564 1929; x_wconf 90' lang='lat' dir='ltr'><strong>minus</strong></span> 
     </span>
    </p>
   </div>
   <div class='ocr_carea' id='block_1_9' title="bbox 442 1960 1965 3024">
    <p class='ocr_par' dir='ltr' id='par_1_9' title="bbox 442 1960 1965 3024">
     <span class='ocr_line' id='line_1_29' title="bbox 448 1960 1959 2038; baseline 0.003 -18"><span class='ocrx_word' id='word_1_167' title='bbox 448 1960 793 2038; x_wconf 86' lang='lat' dir='ltr'><strong>uniretur3</strong></span> <span class='ocrx_word' id='word_1_168' title='bbox 831 1962 943 2022; x_wconf 89' lang='lat' dir='ltr'><strong>alii</strong></span> <span class='ocrx_word' id='word_1_169' title='bbox 981 1980 1133 2025; x_wconf 89' lang='lat' dir='ltr'><strong>vero</strong></span> <span class='ocrx_word' id='word_1_170' title='bbox 1173 1962 1607 2025; x_wconf 88' lang='lat' dir='ltr'><strong>adscriberent</strong></span> <span class='ocrx_word' id='word_1_171' title='bbox 1648 1964 1769 2025; x_wconf 90' lang='lat' dir='ltr'><strong>hoc</strong></span> <span class='ocrx_word' id='word_1_172' title='bbox 1812 1980 1959 2025; x_wconf 92' lang='lat' dir='ltr'><strong>con-</strong></span> 
     </span>
     <span class='ocr_line' id='line_1_30' title="bbox 446 2059 1958 2144; baseline 0.003 -25"><span class='ocrx_word' id='word_1_173' title='bbox 446 2059 737 2140; x_wconf 82' lang='lat' dir='ltr'><strong>temptui</strong></span> <span class='ocrx_word' id='word_1_174' title='bbox 779 2061 1067 2122; x_wconf 89' lang='lat' dir='ltr'><strong>omnium</strong></span> <span class='ocrx_word' id='word_1_175' title='bbox 1115 2060 1511 2135; x_wconf 75' lang='lat' dir='ltr'><strong>facultatum,</strong></span> <span class='ocrx_word' id='word_1_176' title='bbox 1544 2081 1581 2123; x_wconf 96' lang='lat' dir='ltr'><strong>a</strong></span> <span class='ocrx_word' id='word_1_177' title='bbox 1623 2062 1860 2144; x_wconf 91' lang='lat' dir='ltr'><strong>quibus</strong></span> <span class='ocrx_word' id='word_1_178' title='bbox 1905 2061 1958 2124; x_wconf 90' lang='lat' dir='ltr'><strong>si</strong></span> 
     </span>
     <span class='ocr_line' id='line_1_31' title="bbox 446 2158 1959 2242; baseline 0.002 -25"><span class='ocrx_word' id='word_1_179' title='bbox 446 2175 649 2219; x_wconf 87' lang='lat' dir='ltr'><strong>mens</strong></span> <span class='ocrx_word' id='word_1_180' title='bbox 693 2158 947 2238; x_wconf 87' lang='lat' dir='ltr'><strong>penitus</strong></span> <span class='ocrx_word' id='word_1_181' title='bbox 998 2159 1363 2234; x_wconf 90' lang='lat' dir='ltr'><strong>nudaretur,</strong></span> <span class='ocrx_word' id='word_1_182' title='bbox 1410 2160 1769 2242; x_wconf 84' lang='lat' dir='ltr'><strong>expeditius</strong></span> <span class='ocrx_word' id='word_1_183' title='bbox 1820 2178 1959 2241; x_wconf 91' lang='lat' dir='ltr'><strong>per-</strong></span> 
     </span>
     <span class='ocr_line' id='line_1_32' title="bbox 446 2252 1959 2339; baseline 0.003 -24"><span class='ocrx_word' id='word_1_184' title='bbox 446 2252 711 2316; x_wconf 78' lang='lat' dir='ltr'><strong>veniret</strong></span> <span class='ocrx_word' id='word_1_185' title='bbox 751 2255 831 2316; x_wconf 91' lang='lat' dir='ltr'><strong>ad</strong></span> <span class='ocrx_word' id='word_1_186' title='bbox 876 2256 1101 2329; x_wconf 89' lang='lat' dir='ltr'><strong>Deum,</strong></span> <span class='ocrx_word' id='word_1_187' title='bbox 1134 2264 1436 2338; x_wconf 85' lang='lat' dir='ltr'><strong>tanquam</strong></span> <span class='ocrx_word' id='word_1_188' title='bbox 1482 2257 1675 2319; x_wconf 90' lang='lat' dir='ltr'><strong>nullis</strong></span> <span class='ocrx_word' id='word_1_189' title='bbox 1715 2258 1959 2339; x_wconf 91' lang='lat' dir='ltr'><strong>laqueis</strong></span> 
     </span>
     <span class='ocr_line' id='line_1_33' title="bbox 444 2352 1961 2437; baseline 0.004 -26"><span class='ocrx_word' id='word_1_190' title='bbox 444 2369 607 2412; x_wconf 84' lang='lat' dir='ltr'><strong>eam</strong></span> <span class='ocrx_word' id='word_1_191' title='bbox 657 2352 957 2437; x_wconf 86' lang='lat' dir='ltr'><strong>deinceps</strong></span> <span class='ocrx_word' id='word_1_192' title='bbox 1006 2353 1427 2417; x_wconf 83' lang='lat' dir='ltr'><strong>retinentibus</strong></span> <span class='ocrx_word' id='word_1_193' title='bbox 1468 2374 1541 2417; x_wconf 90' lang='lat' dir='ltr'><strong>ac</strong></span> <span class='ocrx_word' id='word_1_194' title='bbox 1591 2356 1961 2418; x_wconf 91' lang='lat' dir='ltr'><strong>retrahenti-</strong></span> 
     </span>
     <span class='ocr_line' id='line_1_34' title="bbox 446 2448 1965 2532; baseline 0.005 -23"><span class='ocrx_word' id='word_1_195' title='bbox 446 2448 585 2511; x_wconf 88' lang='lat' dir='ltr'><strong>bus</strong></span> <span class='ocrx_word' id='word_1_196' title='bbox 618 2449 960 2532; x_wconf 85' lang='lat' dir='ltr'><strong>impedita3</strong></span> <span class='ocrx_word' id='word_1_197' title='bbox 991 2451 1100 2513; x_wconf 91' lang='lat' dir='ltr'><strong>alii</strong></span> <span class='ocrx_word' id='word_1_198' title='bbox 1130 2460 1345 2514; x_wconf 89' lang='lat' dir='ltr'><strong>autem</strong></span> <span class='ocrx_word' id='word_1_199' title='bbox 1384 2452 1670 2514; x_wconf 87' lang='lat' dir='ltr'><strong>dicerent</strong></span> <span class='ocrx_word' id='word_1_200' title='bbox 1698 2453 1965 2517; x_wconf 91' lang='lat' dir='ltr'><strong>anacho-</strong></span> 
     </span>
     <span class='ocr_line' id='line_1_35' title="bbox 446 2547 1959 2631; baseline 0.005 -24"><span class='ocrx_word' id='word_1_201' title='bbox 446 2547 661 2608; x_wconf 88' lang='lat' dir='ltr'><strong>resim</strong></span> <span class='ocrx_word' id='word_1_202' title='bbox 708 2548 829 2611; x_wconf 93' lang='lat' dir='ltr'><strong>hoc</strong></span> <span class='ocrx_word' id='word_1_203' title='bbox 880 2549 1095 2631; x_wconf 91' lang='lat' dir='ltr'><strong>ipsum</strong></span> <span class='ocrx_word' id='word_1_204' title='bbox 1143 2567 1464 2631; x_wconf 83' lang='lat' dir='ltr'><strong>peragere,</strong></span> <span class='ocrx_word' id='word_1_205' title='bbox 1501 2551 1565 2612; x_wconf 93' lang='lat' dir='ltr'><strong>id</strong></span> <span class='ocrx_word' id='word_1_206' title='bbox 1612 2558 1707 2613; x_wconf 91' lang='lat' dir='ltr'><strong>est</strong></span> <span class='ocrx_word' id='word_1_207' title='bbox 1756 2568 1959 2613; x_wconf 87' lang='lat' dir='ltr'><strong>remo-</strong></span> 
     </span>
     <span class='ocr_line' id='line_1_36' title="bbox 444 2645 1958 2729; baseline 0.005 -25"><span class='ocrx_word' id='word_1_208' title='bbox 444 2645 691 2709; x_wconf 89' lang='lat' dir='ltr'><strong>tiorem</strong></span> <span class='ocrx_word' id='word_1_209' title='bbox 733 2646 1191 2710; x_wconf 86' lang='lat' dir='ltr'><strong>habitationem</strong></span> <span class='ocrx_word' id='word_1_210' title='bbox 1230 2648 1556 2729; x_wconf 88' lang='lat' dir='ltr'><strong>eremique</strong></span> <span class='ocrx_word' id='word_1_211' title='bbox 1596 2658 1857 2722; x_wconf 86' lang='lat' dir='ltr'><strong>secreta,</strong></span> <span class='ocrx_word' id='word_1_212' title='bbox 1894 2649 1958 2711; x_wconf 90' lang='lat' dir='ltr'><strong>in</strong></span> 
     </span>
     <span class='ocr_line' id='line_1_37' title="bbox 444 2743 1958 2826; baseline 0.001 -21"><span class='ocrx_word' id='word_1_213' title='bbox 444 2743 699 2826; x_wconf 89' lang='lat' dir='ltr'><strong>quibus</strong></span> <span class='ocrx_word' id='word_1_214' title='bbox 729 2752 937 2826; x_wconf 89' lang='lat' dir='ltr'><strong>potest</strong></span> <span class='ocrx_word' id='word_1_215' title='bbox 975 2746 1167 2808; x_wconf 91' lang='lat' dir='ltr'><strong>homo</strong></span> <span class='ocrx_word' id='word_1_216' title='bbox 1204 2746 1405 2808; x_wconf 91' lang='lat' dir='ltr'><strong>Deum</strong></span> <span class='ocrx_word' id='word_1_217' title='bbox 1446 2745 1825 2808; x_wconf 87' lang='lat' dir='ltr'><strong>familiarius</strong></span> <span class='ocrx_word' id='word_1_218' title='bbox 1864 2747 1958 2807; x_wconf 92' lang='lat' dir='ltr'><strong>in-</strong></span> 
     </span>
     <span class='ocr_line' id='line_1_38' title="bbox 446 2843 1960 2925; baseline 0.003 -22"><span class='ocrx_word' id='word_1_219' title='bbox 446 2860 714 2916; x_wconf 78' lang='lat' dir='ltr'><strong>vocare,</strong></span> <span class='ocrx_word' id='word_1_220' title='bbox 760 2850 823 2905; x_wconf 91' lang='lat' dir='ltr'><strong>et</strong></span> <span class='ocrx_word' id='word_1_221' title='bbox 871 2843 930 2905; x_wconf 90' lang='lat' dir='ltr'><strong>ei</strong></span> <span class='ocrx_word' id='word_1_222' title='bbox 983 2844 1368 2925; x_wconf 90' lang='lat' dir='ltr'><strong>peculiarius</strong></span> <span class='ocrx_word' id='word_1_223' title='bbox 1417 2844 1763 2917; x_wconf 82' lang='lat' dir='ltr'><strong>inhaerere;</strong></span> <span class='ocrx_word' id='word_1_224' title='bbox 1806 2862 1960 2907; x_wconf 91' lang='lat' dir='ltr'><strong>non-</strong></span> 
     </span>
     <span class='ocr_line' id='line_1_39' title="bbox 442 2940 1959 3024; baseline 0.001 -23"><span class='ocrx_word' id='word_1_225' title='bbox 442 2940 628 3002; x_wconf 84' lang='lat' dir='ltr'><strong>nulli</strong></span> <span class='ocrx_word' id='word_1_226' title='bbox 670 2958 821 3003; x_wconf 81' lang='lat' dir='ltr'><strong>vero</strong></span> <span class='ocrx_word' id='word_1_227' title='bbox 866 2940 1301 3003; x_wconf 89' lang='lat' dir='ltr'><strong>adscriberent</strong></span> <span class='ocrx_word' id='word_1_228' title='bbox 1346 2942 1467 3005; x_wconf 92' lang='lat' dir='ltr'><strong>hoc</strong></span> <span class='ocrx_word' id='word_1_229' title='bbox 1516 2942 1817 3024; x_wconf 90' lang='lat' dir='ltr'><strong>operibus</strong></span> <span class='ocrx_word' id='word_1_230' title='bbox 1864 2943 1959 3024; x_wconf 92' lang='lat' dir='ltr'><strong>pi-</strong></span> 
     </span>
    </p>
   </div>
   <div class='ocr_carea' id='block_1_10' title="bbox 2067 1963 3570 3025">
    <p class='ocr_par' dir='ltr' id='par_1_10' title="bbox 2067 1963 3570 3025">
     <span class='ocr_line' id='line_1_40' title="bbox 2070 1963 3566 2038; baseline 0.002 -14"><span class='ocrx_word' id='word_1_231' title='bbox 2070 1982 2105 2024; x_wconf 89' lang='lat' dir='ltr'><strong>a</strong></span> <span class='ocrx_word' id='word_1_232' title='bbox 2164 1963 2522 2025; x_wconf 91' lang='lat' dir='ltr'><strong>senioribus</strong></span> <span class='ocrx_word' id='word_1_233' title='bbox 2581 1964 2928 2038; x_wconf 89' lang='lat' dir='ltr'><strong>informati,</strong></span> <span class='ocrx_word' id='word_1_234' title='bbox 2974 1965 3107 2026; x_wconf 92' lang='lat' dir='ltr'><strong>vim</strong></span> <span class='ocrx_word' id='word_1_235' title='bbox 3166 1964 3566 2027; x_wconf 88' lang='lat' dir='ltr'><strong>discretionis</strong></span> 
     </span>
     <span class='ocr_line' id='line_1_41' title="bbox 2067 2061 3568 2143; baseline 0.001 -20"><span class='ocrx_word' id='word_1_236' title='bbox 2067 2061 2280 2143; x_wconf 90' lang='lat' dir='ltr'><strong>adepti</strong></span> <span class='ocrx_word' id='word_1_237' title='bbox 2347 2080 2474 2124; x_wconf 92' lang='lat' dir='ltr'><strong>non</strong></span> <span class='ocrx_word' id='word_1_238' title='bbox 2543 2070 2708 2123; x_wconf 90' lang='lat' dir='ltr'><strong>sunt.</strong></span> <span class='ocrx_word' id='word_1_239' title='bbox 2773 2062 2921 2134; x_wconf 84' lang='lat' dir='ltr'><strong>Quae</strong></span> <span class='ocrx_word' id='word_1_240' title='bbox 2987 2062 3207 2143; x_wconf 90' lang='lat' dir='ltr'><strong>utique</strong></span> <span class='ocrx_word' id='word_1_241' title='bbox 3268 2062 3568 2125; x_wconf 88' lang='lat' dir='ltr'><strong>discretio</strong></span> 
     </span>
     <span class='ocr_line' id='line_1_42' title="bbox 2070 2160 3570 2240; baseline 0.001 -20"><span class='ocrx_word' id='word_1_242' title='bbox 2070 2167 2406 2240; x_wconf 91' lang='lat' dir='ltr'><strong>utramque</strong></span> <span class='ocrx_word' id='word_1_243' title='bbox 2449 2160 2915 2221; x_wconf 86' lang='lat' dir='ltr'><strong>extremitatem</strong></span> <span class='ocrx_word' id='word_1_244' title='bbox 2959 2160 3350 2222; x_wconf 84' lang='lat' dir='ltr'><strong>excessivam</strong></span> <span class='ocrx_word' id='word_1_245' title='bbox 3394 2161 3570 2223; x_wconf 91' lang='lat' dir='ltr'><strong>devi-</strong></span> 
     </span>
     <span class='ocr_line' id='line_1_43' title="bbox 2070 2258 3568 2341; baseline 0.001 -23"><span class='ocrx_word' id='word_1_246' title='bbox 2070 2264 2232 2331; x_wconf 78' lang='lat' dir='ltr'><strong>tanS,</strong></span> <span class='ocrx_word' id='word_1_247' title='bbox 2274 2258 2459 2320; x_wconf 90' lang='lat' dir='ltr'><strong>docet</strong></span> <span class='ocrx_word' id='word_1_248' title='bbox 2507 2258 2892 2320; x_wconf 87' lang='lat' dir='ltr'><strong>monachum</strong></span> <span class='ocrx_word' id='word_1_249' title='bbox 2943 2258 3116 2339; x_wconf 89' lang='lat' dir='ltr'><strong>regia</strong></span> <span class='ocrx_word' id='word_1_250' title='bbox 3161 2258 3266 2319; x_wconf 91' lang='lat' dir='ltr'><strong>via</strong></span> <span class='ocrx_word' id='word_1_251' title='bbox 3313 2277 3568 2341; x_wconf 89' lang='lat' dir='ltr'><strong>semper</strong></span> 
     </span>
     <span class='ocr_line' id='line_1_44' title="bbox 2071 2354 3566 2437; baseline 0.002 -22"><span class='ocrx_word' id='word_1_252' title='bbox 2071 2354 2386 2429; x_wconf 82' lang='lat' dir='ltr'><strong>incedere,</strong></span> <span class='ocrx_word' id='word_1_253' title='bbox 2419 2374 2538 2417; x_wconf 88' lang='lat' dir='ltr'><strong>nec</strong></span> <span class='ocrx_word' id='word_1_254' title='bbox 2589 2356 2902 2437; x_wconf 88' lang='lat' dir='ltr'><strong>permittit</strong></span> <span class='ocrx_word' id='word_1_255' title='bbox 2945 2374 3095 2417; x_wconf 91' lang='lat' dir='ltr'><strong>eum</strong></span> <span class='ocrx_word' id='word_1_256' title='bbox 3136 2356 3394 2417; x_wconf 84' lang='lat' dir='ltr'><strong>dextera</strong></span> <span class='ocrx_word' id='word_1_257' title='bbox 3441 2356 3566 2418; x_wconf 88' lang='lat' dir='ltr'><strong>vir-</strong></span> 
     </span>
     <span class='ocr_line' id='line_1_45' title="bbox 2070 2453 3568 2535; baseline 0.001 -21"><span class='ocrx_word' id='word_1_258' title='bbox 2070 2460 2280 2515; x_wconf 88' lang='lat' dir='ltr'><strong>tutum</strong></span> <span class='ocrx_word' id='word_1_259' title='bbox 2311 2453 2551 2529; x_wconf 84' lang='lat' dir='ltr'><strong>extolli,</strong></span> <span class='ocrx_word' id='word_1_260' title='bbox 2580 2454 2644 2516; x_wconf 91' lang='lat' dir='ltr'><strong>id</strong></span> <span class='ocrx_word' id='word_1_261' title='bbox 2675 2462 2772 2515; x_wconf 91' lang='lat' dir='ltr'><strong>est</strong></span> <span class='ocrx_word' id='word_1_262' title='bbox 2797 2472 2911 2535; x_wconf 89' lang='lat' dir='ltr'><strong>per</strong></span> <span class='ocrx_word' id='word_1_263' title='bbox 2940 2454 3207 2517; x_wconf 87' lang='lat' dir='ltr'><strong>fervoris</strong></span> <span class='ocrx_word' id='word_1_264' title='bbox 3237 2472 3568 2515; x_wconf 84' lang='lat' dir='ltr'><strong>excessum</strong></span> 
     </span>
     <span class='ocr_line' id='line_1_46' title="bbox 2070 2550 3567 2631; baseline 0 -18"><span class='ocrx_word' id='word_1_265' title='bbox 2070 2553 2517 2614; x_wconf 89' lang='lat' dir='ltr'><strong>transcendere</strong></span> <span class='ocrx_word' id='word_1_266' title='bbox 2582 2553 2841 2614; x_wconf 90' lang='lat' dir='ltr'><strong>modum</strong></span> <span class='ocrx_word' id='word_1_267' title='bbox 2911 2551 3320 2615; x_wconf 82' lang='lat' dir='ltr'><strong>continentiae</strong></span> <span class='ocrx_word' id='word_1_268' title='bbox 3378 2550 3567 2631; x_wconf 80' lang='lat' dir='ltr'><strong>justae</strong></span> 
     </span>
     <span class='ocr_line' id='line_1_47' title="bbox 2072 2649 3569 2733; baseline 0.001 -23"><span class='ocrx_word' id='word_1_269' title='bbox 2072 2650 2287 2731; x_wconf 87' lang='lat' dir='ltr'><strong>inepta</strong></span> <span class='ocrx_word' id='word_1_270' title='bbox 2327 2651 2864 2733; x_wconf 85' lang='lat' dir='ltr'><strong>praesumptione3</strong></span> <span class='ocrx_word' id='word_1_271' title='bbox 2915 2668 3035 2711; x_wconf 93' lang='lat' dir='ltr'><strong>nec</strong></span> <span class='ocrx_word' id='word_1_272' title='bbox 3076 2649 3229 2711; x_wconf 91' lang='lat' dir='ltr'><strong>sinit</strong></span> <span class='ocrx_word' id='word_1_273' title='bbox 3277 2668 3425 2710; x_wconf 87' lang='lat' dir='ltr'><strong>eum</strong></span> <span class='ocrx_word' id='word_1_274' title='bbox 3477 2667 3569 2711; x_wconf 91' lang='lat' dir='ltr'><strong>re-</strong></span> 
     </span>
     <span class='ocr_line' id='line_1_48' title="bbox 2073 2746 3568 2829; baseline -0.001 -20"><span class='ocrx_word' id='word_1_275' title='bbox 2073 2747 2378 2809; x_wconf 91' lang='lat' dir='ltr'><strong>missione</strong></span> <span class='ocrx_word' id='word_1_276' title='bbox 2427 2756 2536 2809; x_wconf 93' lang='lat' dir='ltr'><strong>aut</strong></span> <span class='ocrx_word' id='word_1_277' title='bbox 2585 2748 2914 2829; x_wconf 88' lang='lat' dir='ltr'><strong>tepiditate</strong></span> <span class='ocrx_word' id='word_1_278' title='bbox 2971 2747 3294 2820; x_wconf 88' lang='lat' dir='ltr'><strong>delectari,</strong></span> <span class='ocrx_word' id='word_1_279' title='bbox 3347 2746 3568 2827; x_wconf 91' lang='lat' dir='ltr'><strong>sicque</strong></span> 
     </span>
     <span class='ocr_line' id='line_1_49' title="bbox 2071 2843 3566 2927; baseline -0.001 -21"><span class='ocrx_word' id='word_1_280' title='bbox 2071 2845 2413 2908; x_wconf 88' lang='lat' dir='ltr'><strong>deflectere</strong></span> <span class='ocrx_word' id='word_1_281' title='bbox 2441 2847 2518 2908; x_wconf 92' lang='lat' dir='ltr'><strong>ad</strong></span> <span class='ocrx_word' id='word_1_282' title='bbox 2554 2854 2811 2927; x_wconf 88' lang='lat' dir='ltr'><strong>peccata</strong></span> <span class='ocrx_word' id='word_1_283' title='bbox 2838 2846 3132 2919; x_wconf 86' lang='lat' dir='ltr'><strong>sinistrae,</strong></span> <span class='ocrx_word' id='word_1_284' title='bbox 3154 2845 3273 2907; x_wconf 91' lang='lat' dir='ltr'><strong>hoc</strong></span> <span class='ocrx_word' id='word_1_285' title='bbox 3304 2850 3422 2919; x_wconf 87' lang='lat' dir='ltr'><strong>est,</strong></span> <span class='ocrx_word' id='word_1_286' title='bbox 3445 2843 3566 2905; x_wconf 90' lang='lat' dir='ltr'><strong>sub</strong></span> 
     </span>
     <span class='ocr_line' id='line_1_50' title="bbox 2072 2942 3568 3025; baseline -0.002 -20"><span class='ocrx_word' id='word_1_287' title='bbox 2072 2944 2280 3006; x_wconf 92' lang='lat' dir='ltr'><strong>colore</strong></span> <span class='ocrx_word' id='word_1_288' title='bbox 2325 2945 2582 3025; x_wconf 89' lang='lat' dir='ltr'><strong>regendi</strong></span> <span class='ocrx_word' id='word_1_289' title='bbox 2623 2961 2854 3025; x_wconf 91' lang='lat' dir='ltr'><strong>corpus</strong></span> <span class='ocrx_word' id='word_1_290' title='bbox 2901 2942 3094 3005; x_wconf 85' lang='lat' dir='ltr'><strong>laxari</strong></span> <span class='ocrx_word' id='word_1_291' title='bbox 3139 2951 3390 3024; x_wconf 88' lang='lat' dir='ltr'><strong>torpore</strong></span> <span class='ocrx_word' id='word_1_292' title='bbox 3435 2959 3568 3003; x_wconf 90' lang='lat' dir='ltr'><strong>cor-</strong></span> 
     </span>
    </p>
   </div>
   <div class='ocr_carea' id='block_1_11' title="bbox 442 3039 3566 3122">
    <p class='ocr_par' dir='ltr' id='par_1_11' title="bbox 442 3039 3566 3122">
     <span class='ocr_line' id='line_1_51' title="bbox 442 3039 3566 3122; baseline -0 -21"><span class='ocrx_word' id='word_1_293' title='bbox 442 3039 672 3114; x_wconf 80' lang='lat' dir='ltr'><strong>etatiS,</strong></span> <span class='ocrx_word' id='word_1_294' title='bbox 739 3040 1043 3121; x_wconf 85' lang='lat' dir='ltr'><strong>quoniam</strong></span> <span class='ocrx_word' id='word_1_295' title='bbox 1110 3041 1417 3103; x_wconf 90' lang='lat' dir='ltr'><strong>Dominus</strong></span> <span class='ocrx_word' id='word_1_296' title='bbox 1480 3040 1547 3103; x_wconf 93' lang='lat' dir='ltr'><strong>in</strong></span> <span class='ocrx_word' id='word_1_297' title='bbox 1615 3041 1957 3122; x_wconf 89' lang='lat' dir='ltr'><strong>Evangelio</strong></span> <span class='ocrx_word' id='word_1_298' title='bbox 1997 3042 2040 3105; x_wconf 88' lang='lat' dir='ltr'>C</span> <span class='ocrx_word' id='word_1_299' title='bbox 2071 3042 2168 3103; x_wconf 90' lang='lat' dir='ltr'><strong>dis</strong></span> <span class='ocrx_word' id='word_1_300' title='bbox 2209 3042 2542 3103; x_wconf 80' lang='lat' dir='ltr'><strong>contrario,</strong></span> <span class='ocrx_word' id='word_1_301' title='bbox 2577 3043 2721 3105; x_wconf 84' lang='lat' dir='ltr'><strong>Haec</strong></span> <span class='ocrx_word' id='word_1_302' title='bbox 2761 3059 3036 3122; x_wconf 85' lang='lat' dir='ltr'><strong>namque</strong></span> <span class='ocrx_word' id='word_1_303' title='bbox 3074 3040 3373 3103; x_wconf 89' lang='lat' dir='ltr'><strong>discretio</strong></span> <span class='ocrx_word' id='word_1_304' title='bbox 3406 3059 3566 3101; x_wconf 94' lang='lat' dir='ltr'><strong>nun-</strong></span> 
     </span>
    </p>
   </div>
   <div class='ocr_carea' id='block_1_12' title="bbox 436 3138 1959 4201">
    <p class='ocr_par' dir='ltr' id='par_1_12' title="bbox 436 3138 1959 4201">
     <span class='ocr_line' id='line_1_52' title="bbox 445 3138 1958 3219; baseline 0.001 -19"><span class='ocrx_word' id='word_1_305' title='bbox 445 3138 807 3219; x_wconf 87' lang='lat' dir='ltr'><strong>specialius</strong></span> <span class='ocrx_word' id='word_1_306' title='bbox 852 3138 1239 3219; x_wconf 85' lang='lat' dir='ltr'><strong>repromittit</strong></span> <span class='ocrx_word' id='word_1_307' title='bbox 1278 3140 1576 3202; x_wconf 90' lang='lat' dir='ltr'><strong>daturum</strong></span> <span class='ocrx_word' id='word_1_308' title='bbox 1616 3158 1683 3201; x_wconf 89' lang='lat' dir='ltr'><strong>se</strong></span> <span class='ocrx_word' id='word_1_309' title='bbox 1725 3139 1826 3201; x_wconf 87' lang='lat' dir='ltr'><strong>his</strong></span> <span class='ocrx_word' id='word_1_310' title='bbox 1865 3157 1958 3201; x_wconf 92' lang='lat' dir='ltr'><strong>re-</strong></span> 
     </span>
     <span class='ocr_line' id='line_1_53' title="bbox 442 3236 1956 3317; baseline 0.001 -20"><span class='ocrx_word' id='word_1_311' title='bbox 442 3254 587 3317; x_wconf 81' lang='lat' dir='ltr'><strong>gna</strong></span> <span class='ocrx_word' id='word_1_312' title='bbox 627 3236 956 3312; x_wconf 86' lang='lat' dir='ltr'><strong>coelorum,</strong></span> <span class='ocrx_word' id='word_1_313' title='bbox 997 3237 1268 3300; x_wconf 88' lang='lat' dir='ltr'><strong>dicendo</strong></span> <span class='ocrx_word' id='word_1_314' title='bbox 1308 3254 1323 3299; x_wconf 89' lang='lat'><strong>:</strong></span> <span class='ocrx_word' id='word_1_315' title='bbox 1358 3238 1602 3311; x_wconf 90' lang='lat' dir='ltr'><strong>Venite,</strong></span> <span class='ocrx_word' id='word_1_316' title='bbox 1638 3236 1956 3299; x_wconf 88' lang='lat' dir='ltr'><strong>benedicti</strong></span> 
     </span>
     <span class='ocr_line' id='line_1_54' title="bbox 444 3335 1957 3418; baseline 0.001 -21"><span class='ocrx_word' id='word_1_317' title='bbox 444 3335 664 3397; x_wconf 88' lang='lat' dir='ltr'><strong>Patris</strong></span> <span class='ocrx_word' id='word_1_318' title='bbox 720 3335 871 3408; x_wconf 83' lang='lat' dir='ltr'><strong>mei,</strong></span> <span class='ocrx_word' id='word_1_319' title='bbox 924 3335 1241 3416; x_wconf 84' lang='lat' dir='ltr'><strong>possidete</strong></span> <span class='ocrx_word' id='word_1_320' title='bbox 1291 3344 1581 3418; x_wconf 89' lang='lat' dir='ltr'><strong>paratum</strong></span> <span class='ocrx_word' id='word_1_321' title='bbox 1629 3336 1813 3398; x_wconf 92' lang='lat' dir='ltr'><strong>vobis</strong></span> <span class='ocrx_word' id='word_1_322' title='bbox 1861 3354 1957 3399; x_wconf 90' lang='lat' dir='ltr'><strong>re-</strong></span> 
     </span>
     <span class='ocr_line' id='line_1_55' title="bbox 438 3434 1955 3515; baseline -0.001 -19"><span class='ocrx_word' id='word_1_323' title='bbox 438 3452 661 3515; x_wconf 83' lang='lat' dir='ltr'><strong>gnum</strong></span> <span class='ocrx_word' id='word_1_324' title='bbox 684 3453 722 3495; x_wconf 88' lang='lat' dir='ltr'><strong>a</strong></span> <span class='ocrx_word' id='word_1_325' title='bbox 749 3434 1200 3496; x_wconf 90' lang='lat' dir='ltr'><strong>constitutione</strong></span> <span class='ocrx_word' id='word_1_326' title='bbox 1228 3435 1483 3513; x_wconf 84' lang='lat' dir='ltr'><strong>mundi3</strong></span> <span class='ocrx_word' id='word_1_327' title='bbox 1505 3434 1741 3496; x_wconf 92' lang='lat' dir='ltr'><strong>esurivi</strong></span> <span class='ocrx_word' id='word_1_328' title='bbox 1768 3434 1955 3509; x_wconf 90' lang='lat' dir='ltr'><strong>enim,</strong></span> 
     </span>
     <span class='ocr_line' id='line_1_56' title="bbox 438 3531 1647 3606; baseline 0 -12"><span class='ocrx_word' id='word_1_329' title='bbox 438 3540 521 3594; x_wconf 81' lang='lat' dir='ltr'><strong>et</strong></span> <span class='ocrx_word' id='word_1_330' title='bbox 562 3532 829 3594; x_wconf 88' lang='lat' dir='ltr'><strong>dedistis</strong></span> <span class='ocrx_word' id='word_1_331' title='bbox 874 3532 1033 3593; x_wconf 91' lang='lat' dir='ltr'><strong>mihi</strong></span> <span class='ocrx_word' id='word_1_332' title='bbox 1078 3531 1481 3606; x_wconf 89' lang='lat' dir='ltr'><strong>manducare,</strong></span> <span class='ocrx_word' id='word_1_333' title='bbox 1528 3541 1647 3594; x_wconf 88' lang='lat' dir='ltr'><strong>etc.</strong></span> 
     </span>
     <span class='ocr_line' id='line_1_57' title="bbox 536 3629 1957 3711; baseline 0.001 -21"><span class='ocrx_word' id='word_1_334' title='bbox 536 3630 873 3711; x_wconf 90' lang='lat' dir='ltr'><strong>Quumque</strong></span> <span class='ocrx_word' id='word_1_335' title='bbox 912 3630 1033 3692; x_wconf 93' lang='lat' dir='ltr'><strong>hoc</strong></span> <span class='ocrx_word' id='word_1_336' title='bbox 1074 3629 1264 3692; x_wconf 92' lang='lat' dir='ltr'><strong>modo</strong></span> <span class='ocrx_word' id='word_1_337' title='bbox 1292 3637 1646 3691; x_wconf 86' lang='lat' dir='ltr'><strong>assererent</strong></span> <span class='ocrx_word' id='word_1_338' title='bbox 1686 3630 1957 3693; x_wconf 86' lang='lat' dir='ltr'><strong>diversis</strong></span> 
     </span>
     <span class='ocr_line' id='line_1_58' title="bbox 438 3727 1957 3810; baseline 0.001 -21"><span class='ocrx_word' id='word_1_339' title='bbox 438 3727 809 3789; x_wconf 81' lang='lat' dir='ltr'><strong>virtutibus</strong></span> <span class='ocrx_word' id='word_1_340' title='bbox 858 3728 1193 3790; x_wconf 91' lang='lat' dir='ltr'><strong>certiorem</strong></span> <span class='ocrx_word' id='word_1_341' title='bbox 1242 3735 1457 3810; x_wconf 89' lang='lat' dir='ltr'><strong>patere</strong></span> <span class='ocrx_word' id='word_1_342' title='bbox 1500 3746 1828 3790; x_wconf 88' lang='lat' dir='ltr'><strong>accessum</strong></span> <span class='ocrx_word' id='word_1_343' title='bbox 1877 3729 1957 3790; x_wconf 91' lang='lat' dir='ltr'><strong>ad</strong></span> 
     </span>
     <span class='ocr_line' id='line_1_59' title="bbox 436 3825 1959 3907; baseline 0 -18"><span class='ocrx_word' id='word_1_344' title='bbox 436 3828 687 3899; x_wconf 77' lang='lat' dir='ltr'><strong>Deum,</strong></span> <span class='ocrx_word' id='word_1_345' title='bbox 724 3834 787 3887; x_wconf 93' lang='lat' dir='ltr'><strong>et</strong></span> <span class='ocrx_word' id='word_1_346' title='bbox 838 3825 1188 3887; x_wconf 84' lang='lat' dir='ltr'><strong>maximum</strong></span> <span class='ocrx_word' id='word_1_347' title='bbox 1237 3833 1490 3907; x_wconf 89' lang='lat' dir='ltr'><strong>tempus</strong></span> <span class='ocrx_word' id='word_1_348' title='bbox 1538 3826 1743 3888; x_wconf 89' lang='lat' dir='ltr'><strong>noctis</strong></span> <span class='ocrx_word' id='word_1_349' title='bbox 1792 3834 1959 3889; x_wconf 89' lang='lat' dir='ltr'><strong>esset</strong></span> 
     </span>
     <span class='ocr_line' id='line_1_60' title="bbox 438 3924 1959 4005; baseline -0.001 -18"><span class='ocrx_word' id='word_1_350' title='bbox 438 3926 525 3987; x_wconf 88' lang='lat' dir='ltr'><strong>in</strong></span> <span class='ocrx_word' id='word_1_351' title='bbox 578 3924 699 3985; x_wconf 91' lang='lat' dir='ltr'><strong>hac</strong></span> <span class='ocrx_word' id='word_1_352' title='bbox 750 3924 1161 4005; x_wconf 88' lang='lat' dir='ltr'><strong>inquisitione</strong></span> <span class='ocrx_word' id='word_1_353' title='bbox 1210 3932 1688 4005; x_wconf 91' lang='lat' dir='ltr'><strong>consumptum,</strong></span> <span class='ocrx_word' id='word_1_354' title='bbox 1742 3924 1959 3986; x_wconf 92' lang='lat' dir='ltr'><strong>intulit</strong></span> 
     </span>
     <span class='ocr_line' id='line_1_61' title="bbox 440 4021 1957 4104; baseline 0.001 -21"><span class='ocrx_word' id='word_1_355' title='bbox 440 4022 717 4084; x_wconf 82' lang='lat' dir='ltr'><strong>tandem</strong></span> <span class='ocrx_word' id='word_1_356' title='bbox 756 4022 979 4084; x_wconf 91' lang='lat' dir='ltr'><strong>beatus</strong></span> <span class='ocrx_word' id='word_1_357' title='bbox 1018 4021 1331 4084; x_wconf 87' lang='lat' dir='ltr'><strong>Antonius</strong></span> <span class='ocrx_word' id='word_1_358' title='bbox 1367 4038 1381 4082; x_wconf 71' lang='grc' dir='ltr'>ε</span> <span class='ocrx_word' id='word_1_359' title='bbox 1416 4021 1641 4084; x_wconf 90' lang='lat' dir='ltr'><strong>Omnia</strong></span> <span class='ocrx_word' id='word_1_360' title='bbox 1687 4042 1829 4104; x_wconf 84' lang='lat' dir='ltr'><strong>quae</strong></span> <span class='ocrx_word' id='word_1_361' title='bbox 1865 4023 1957 4084; x_wconf 93' lang='lat' dir='ltr'><strong>di-</strong></span> 
     </span>
     <span class='ocr_line' id='line_1_62' title="bbox 440 4120 1959 4201; baseline -0.001 -18"><span class='ocrx_word' id='word_1_362' title='bbox 440 4120 667 4194; x_wconf 78' lang='lat' dir='ltr'><strong>xistiS,</strong></span> <span class='ocrx_word' id='word_1_363' title='bbox 700 4120 1055 4183; x_wconf 91' lang='lat' dir='ltr'><strong>necessaria</strong></span> <span class='ocrx_word' id='word_1_364' title='bbox 1091 4128 1281 4201; x_wconf 89' lang='lat' dir='ltr'><strong>atque</strong></span> <span class='ocrx_word' id='word_1_365' title='bbox 1322 4121 1503 4182; x_wconf 90' lang='lat' dir='ltr'><strong>utilia</strong></span> <span class='ocrx_word' id='word_1_366' title='bbox 1540 4129 1690 4184; x_wconf 91' lang='lat' dir='ltr'><strong>sunt</strong></span> <span class='ocrx_word' id='word_1_367' title='bbox 1718 4121 1959 4183; x_wconf 91' lang='lat' dir='ltr'><strong>deside-</strong></span> 
     </span>
    </p>
   </div>
   <div class='ocr_carea' id='block_1_13' title="bbox 2067 3138 3568 4201">
    <p class='ocr_par' dir='ltr' id='par_1_13' title="bbox 2067 3138 3568 4201">
     <span class='ocr_line' id='line_1_63' title="bbox 2070 3138 3562 3221; baseline -0.001 -20"><span class='ocrx_word' id='word_1_368' title='bbox 2070 3147 2341 3221; x_wconf 91' lang='lat' dir='ltr'><strong>cupatur</strong></span> <span class='ocrx_word' id='word_1_369' title='bbox 2391 3140 2456 3202; x_wconf 92' lang='lat' dir='ltr'><strong>in</strong></span> <span class='ocrx_word' id='word_1_370' title='bbox 2505 3139 2848 3220; x_wconf 86' lang='lat' dir='ltr'><strong>Evangelio</strong></span> <span class='ocrx_word' id='word_1_371' title='bbox 2894 3139 3119 3202; x_wconf 90' lang='lat' dir='ltr'><strong>oculus</strong></span> <span class='ocrx_word' id='word_1_372' title='bbox 3178 3138 3562 3220; x_wconf 89' lang='lat' dir='ltr'><strong>lucernaque</strong></span> 
     </span>
     <span class='ocr_line' id='line_1_64' title="bbox 2070 3236 3562 3318; baseline -0.001 -20"><span class='ocrx_word' id='word_1_373' title='bbox 2070 3238 2374 3318; x_wconf 83' lang='lat' dir='ltr'><strong>corporiS,</strong></span> <span class='ocrx_word' id='word_1_374' title='bbox 2405 3238 2586 3318; x_wconf 85' lang='lat' dir='ltr'><strong>juxta</strong></span> <span class='ocrx_word' id='word_1_375' title='bbox 2635 3238 2811 3299; x_wconf 90' lang='lat' dir='ltr'><strong>illam</strong></span> <span class='ocrx_word' id='word_1_376' title='bbox 2859 3237 3237 3299; x_wconf 89' lang='lat' dir='ltr'><strong>sententiam</strong></span> <span class='ocrx_word' id='word_1_377' title='bbox 3288 3236 3562 3299; x_wconf 90' lang='lat' dir='ltr'><strong>Salvato-</strong></span> 
     </span>
     <span class='ocr_line' id='line_1_65' title="bbox 2070 3333 3555 3417; baseline 0.001 -22"><span class='ocrx_word' id='word_1_378' title='bbox 2070 3335 2179 3409; x_wconf 91' lang='lat' dir='ltr'><strong>ris,</strong></span> <span class='ocrx_word' id='word_1_379' title='bbox 2215 3336 2500 3397; x_wconf 87' lang='lat' dir='ltr'><strong>Lucerna</strong></span> <span class='ocrx_word' id='word_1_380' title='bbox 2531 3334 2812 3417; x_wconf 86' lang='lat' dir='ltr'><strong>corporis</strong></span> <span class='ocrx_word' id='word_1_381' title='bbox 2842 3334 2936 3396; x_wconf 89' lang='lat' dir='ltr'><strong>tui</strong></span> <span class='ocrx_word' id='word_1_382' title='bbox 2967 3343 3063 3397; x_wconf 88' lang='lat' dir='ltr'><strong>est</strong></span> <span class='ocrx_word' id='word_1_383' title='bbox 3095 3333 3318 3397; x_wconf 91' lang='lat' dir='ltr'><strong>oculus</strong></span> <span class='ocrx_word' id='word_1_384' title='bbox 3359 3340 3506 3395; x_wconf 90' lang='lat' dir='ltr'><strong>tuus</strong></span> <span class='ocrx_word' id='word_1_385' title='bbox 3539 3350 3555 3396; x_wconf 73' lang='grc' dir='ltr'>ε</span> 
     </span>
     <span class='ocr_line' id='line_1_66' title="bbox 2070 3432 3558 3515; baseline -0.001 -20"><span class='ocrx_word' id='word_1_386' title='bbox 2070 3434 2240 3515; x_wconf 91' lang='lat' dir='ltr'><strong>quod</strong></span> <span class='ocrx_word' id='word_1_387' title='bbox 2269 3434 2324 3495; x_wconf 90' lang='lat' dir='ltr'><strong>si</strong></span> <span class='ocrx_word' id='word_1_388' title='bbox 2353 3434 2576 3496; x_wconf 92' lang='lat' dir='ltr'><strong>oculus</strong></span> <span class='ocrx_word' id='word_1_389' title='bbox 2608 3442 2755 3495; x_wconf 89' lang='lat' dir='ltr'><strong>tuus</strong></span> <span class='ocrx_word' id='word_1_390' title='bbox 2795 3432 2987 3495; x_wconf 86' lang='lat' dir='ltr'><strong>fuerit</strong></span> <span class='ocrx_word' id='word_1_391' title='bbox 3027 3433 3320 3514; x_wconf 85' lang='lat' dir='ltr'><strong>simplex,</strong></span> <span class='ocrx_word' id='word_1_392' title='bbox 3355 3438 3558 3495; x_wconf 88' lang='lat' dir='ltr'><strong>totum</strong></span> 
     </span>
     <span class='ocr_line' id='line_1_67' title="bbox 2070 3531 3564 3615; baseline -0.001 -21"><span class='ocrx_word' id='word_1_393' title='bbox 2070 3550 2300 3615; x_wconf 88' lang='lat' dir='ltr'><strong>corpus</strong></span> <span class='ocrx_word' id='word_1_394' title='bbox 2343 3539 2525 3594; x_wconf 91' lang='lat' dir='ltr'><strong>tuum</strong></span> <span class='ocrx_word' id='word_1_395' title='bbox 2566 3532 2849 3593; x_wconf 90' lang='lat' dir='ltr'><strong>lucidum</strong></span> <span class='ocrx_word' id='word_1_396' title='bbox 2891 3532 3044 3610; x_wconf 90' lang='lat' dir='ltr'><strong>erit;</strong></span> <span class='ocrx_word' id='word_1_397' title='bbox 3079 3531 3132 3594; x_wconf 92' lang='lat' dir='ltr'><strong>si</strong></span> <span class='ocrx_word' id='word_1_398' title='bbox 3169 3537 3383 3593; x_wconf 90' lang='lat' dir='ltr'><strong>autem</strong></span> <span class='ocrx_word' id='word_1_399' title='bbox 3417 3548 3564 3593; x_wconf 90' lang='lat' dir='ltr'><strong>ocu·</strong></span> 
     </span>
     <span class='ocr_line' id='line_1_68' title="bbox 2071 3628 3562 3712; baseline -0.001 -21"><span class='ocrx_word' id='word_1_400' title='bbox 2071 3630 2169 3691; x_wconf 91' lang='lat' dir='ltr'><strong>lus</strong></span> <span class='ocrx_word' id='word_1_401' title='bbox 2233 3638 2381 3692; x_wconf 91' lang='lat' dir='ltr'><strong>tuus</strong></span> <span class='ocrx_word' id='word_1_402' title='bbox 2442 3648 2716 3712; x_wconf 90' lang='lat' dir='ltr'><strong>nequam</strong></span> <span class='ocrx_word' id='word_1_403' title='bbox 2785 3628 3001 3703; x_wconf 87' lang='lat' dir='ltr'><strong>fuerit,</strong></span> <span class='ocrx_word' id='word_1_404' title='bbox 3063 3636 3266 3691; x_wconf 92' lang='lat' dir='ltr'><strong>totum</strong></span> <span class='ocrx_word' id='word_1_405' title='bbox 3331 3646 3562 3711; x_wconf 89' lang='lat' dir='ltr'><strong>corpus</strong></span> 
     </span>
     <span class='ocr_line' id='line_1_69' title="bbox 2072 3727 3564 3791; baseline -0.001 -2"><span class='ocrx_word' id='word_1_406' title='bbox 2072 3736 2252 3790; x_wconf 91' lang='lat' dir='ltr'><strong>tuum</strong></span> <span class='ocrx_word' id='word_1_407' title='bbox 2304 3727 2712 3791; x_wconf 87' lang='lat' dir='ltr'><strong>tenebrosum</strong></span> <span class='ocrx_word' id='word_1_408' title='bbox 2772 3727 2912 3788; x_wconf 88' lang='lat' dir='ltr'><strong>erit.</strong></span> <span class='ocrx_word' id='word_1_409' title='bbox 2965 3727 3275 3789; x_wconf 87' lang='lat' dir='ltr'><strong>Discretio</strong></span> <span class='ocrx_word' id='word_1_410' title='bbox 3326 3727 3564 3789; x_wconf 91' lang='lat' dir='ltr'><strong>etenim</strong></span> 
     </span>
     <span class='ocr_line' id='line_1_70' title="bbox 2069 3823 3565 3906; baseline -0.001 -20"><span class='ocrx_word' id='word_1_411' title='bbox 2069 3826 2400 3887; x_wconf 88' lang='lat' dir='ltr'><strong>universas</strong></span> <span class='ocrx_word' id='word_1_412' title='bbox 2431 3825 2712 3887; x_wconf 91' lang='lat' dir='ltr'><strong>hominis</strong></span> <span class='ocrx_word' id='word_1_413' title='bbox 2754 3823 3165 3906; x_wconf 87' lang='lat' dir='ltr'><strong>cogitationes</strong></span> <span class='ocrx_word' id='word_1_414' title='bbox 3203 3833 3267 3886; x_wconf 91' lang='lat' dir='ltr'><strong>et</strong></span> <span class='ocrx_word' id='word_1_415' title='bbox 3295 3824 3565 3905; x_wconf 91' lang='lat' dir='ltr'><strong>operati-</strong></span> 
     </span>
     <span class='ocr_line' id='line_1_71' title="bbox 2069 3922 3568 4005; baseline -0.001 -20"><span class='ocrx_word' id='word_1_416' title='bbox 2069 3941 2223 3985; x_wconf 90' lang='lat' dir='ltr'><strong>ones</strong></span> <span class='ocrx_word' id='word_1_417' title='bbox 2255 3924 2644 3997; x_wconf 90' lang='lat' dir='ltr'><strong>discernens,</strong></span> <span class='ocrx_word' id='word_1_418' title='bbox 2671 3922 2976 4005; x_wconf 89' lang='lat' dir='ltr'><strong>perspicit</strong></span> <span class='ocrx_word' id='word_1_419' title='bbox 3003 3930 3068 3984; x_wconf 89' lang='lat' dir='ltr'><strong>et</strong></span> <span class='ocrx_word' id='word_1_420' title='bbox 3098 3922 3372 3983; x_wconf 90' lang='lat' dir='ltr'><strong>illustrat</strong></span> <span class='ocrx_word' id='word_1_421' title='bbox 3400 3940 3568 4003; x_wconf 83' lang='lat' dir='ltr'><strong>quae-</strong></span> 
     </span>
     <span class='ocr_line' id='line_1_72' title="bbox 2069 4020 3565 4103; baseline -0.002 -20"><span class='ocrx_word' id='word_1_422' title='bbox 2069 4039 2348 4103; x_wconf 89' lang='lat' dir='ltr'><strong>cumque</strong></span> <span class='ocrx_word' id='word_1_423' title='bbox 2395 4021 2638 4102; x_wconf 89' lang='lat' dir='ltr'><strong>agenda</strong></span> <span class='ocrx_word' id='word_1_424' title='bbox 2687 4028 2855 4082; x_wconf 89' lang='lat' dir='ltr'><strong>sunt.</strong></span> <span class='ocrx_word' id='word_1_425' title='bbox 2891 4021 3039 4093; x_wconf 84' lang='lat' dir='ltr'><strong>Quae</strong></span> <span class='ocrx_word' id='word_1_426' title='bbox 3088 4020 3140 4081; x_wconf 91' lang='lat' dir='ltr'><strong>si</strong></span> <span class='ocrx_word' id='word_1_427' title='bbox 3193 4020 3258 4081; x_wconf 89' lang='lat' dir='ltr'><strong>in</strong></span> <span class='ocrx_word' id='word_1_428' title='bbox 3306 4020 3565 4082; x_wconf 91' lang='lat' dir='ltr'><strong>homine</strong></span> 
     </span>
     <span class='ocr_line' id='line_1_73' title="bbox 2067 4117 3566 4201; baseline -0.001 -20"><span class='ocrx_word' id='word_1_429' title='bbox 2067 4119 2265 4181; x_wconf 89' lang='lat' dir='ltr'><strong>fuerit</strong></span> <span class='ocrx_word' id='word_1_430' title='bbox 2324 4137 2622 4201; x_wconf 87' lang='lat' dir='ltr'><strong>nequam,</strong></span> <span class='ocrx_word' id='word_1_431' title='bbox 2676 4118 2740 4180; x_wconf 91' lang='lat' dir='ltr'><strong>id</strong></span> <span class='ocrx_word' id='word_1_432' title='bbox 2790 4126 2889 4181; x_wconf 90' lang='lat' dir='ltr'><strong>est</strong></span> <span class='ocrx_word' id='word_1_433' title='bbox 2934 4136 3062 4181; x_wconf 93' lang='lat' dir='ltr'><strong>non</strong></span> <span class='ocrx_word' id='word_1_434' title='bbox 3122 4117 3368 4179; x_wconf 89' lang='lat' dir='ltr'><strong>munita</strong></span> <span class='ocrx_word' id='word_1_435' title='bbox 3415 4135 3566 4179; x_wconf 91' lang='lat' dir='ltr'><strong>vero</strong></span> 
     </span>
    </p>
   </div>
   <div class='ocr_carea' id='block_1_14' title="bbox 440 4216 3562 4300">
    <p class='ocr_par' dir='ltr' id='par_1_14' title="bbox 440 4216 3562 4300">
     <span class='ocr_line' id='line_1_74' title="bbox 440 4216 3562 4300; baseline -0.001 -19"><span class='ocrx_word' id='word_1_436' title='bbox 440 4218 750 4281; x_wconf 80' lang='lat' dir='ltr'><strong>rantibus</strong></span> <span class='ocrx_word' id='word_1_437' title='bbox 798 4218 1022 4291; x_wconf 90' lang='lat' dir='ltr'><strong>Deum,</strong></span> <span class='ocrx_word' id='word_1_438' title='bbox 1054 4226 1119 4279; x_wconf 91' lang='lat' dir='ltr'><strong>et</strong></span> <span class='ocrx_word' id='word_1_439' title='bbox 1162 4218 1569 4300; x_wconf 90' lang='lat' dir='ltr'><strong>cupientibus</strong></span> <span class='ocrx_word' id='word_1_440' title='bbox 1612 4220 1830 4281; x_wconf 91' lang='lat' dir='ltr'><strong>venire</strong></span> <span class='ocrx_word' id='word_1_441' title='bbox 1876 4220 1955 4281; x_wconf 88' lang='lat' dir='ltr'><strong>ad</strong></span> <span class='ocrx_word' id='word_1_442' title='bbox 1987 4225 2036 4285; x_wconf 92' lang='lat' dir='ltr'>D</span> <span class='ocrx_word' id='word_1_443' title='bbox 2065 4218 2311 4298; x_wconf 89' lang='lat' dir='ltr'><strong>judicio</strong></span> <span class='ocrx_word' id='word_1_444' title='bbox 2349 4225 2539 4299; x_wconf 86' lang='lat' dir='ltr'><strong>atque</strong></span> <span class='ocrx_word' id='word_1_445' title='bbox 2579 4216 2868 4289; x_wconf 89' lang='lat' dir='ltr'><strong>scientia,</strong></span> <span class='ocrx_word' id='word_1_446' title='bbox 2902 4216 3013 4278; x_wconf 88' lang='lat' dir='ltr'><strong>sed</strong></span> <span class='ocrx_word' id='word_1_447' title='bbox 3042 4231 3253 4277; x_wconf 89' lang='lat' dir='ltr'><strong>errore</strong></span> <span class='ocrx_word' id='word_1_448' title='bbox 3293 4232 3366 4276; x_wconf 90' lang='lat' dir='ltr'><strong>ac</strong></span> <span class='ocrx_word' id='word_1_449' title='bbox 3407 4233 3562 4297; x_wconf 82' lang='lat' dir='ltr'><strong>prae-</strong></span> 
     </span>
    </p>
   </div>
   <div class='ocr_carea' id='block_1_15' title="bbox 438 4315 1961 5379">
    <p class='ocr_par' dir='ltr' id='par_1_15' title="bbox 438 4315 1961 5379">
     <span class='ocr_line' id='line_1_75' title="bbox 438 4315 1958 4399; baseline 0.001 -21"><span class='ocrx_word' id='word_1_450' title='bbox 438 4334 649 4393; x_wconf 81' lang='lat' dir='ltr'><strong>eum3</strong></span> <span class='ocrx_word' id='word_1_451' title='bbox 679 4317 789 4378; x_wconf 91' lang='lat' dir='ltr'><strong>sed</strong></span> <span class='ocrx_word' id='word_1_452' title='bbox 834 4315 1335 4378; x_wconf 90' lang='lat' dir='ltr'><strong>innumerabiles</strong></span> <span class='ocrx_word' id='word_1_453' title='bbox 1379 4335 1561 4378; x_wconf 87' lang='lat' dir='ltr'><strong>casus</strong></span> <span class='ocrx_word' id='word_1_454' title='bbox 1606 4325 1669 4379; x_wconf 92' lang='lat' dir='ltr'><strong>et</strong></span> <span class='ocrx_word' id='word_1_455' title='bbox 1714 4318 1958 4399; x_wconf 85' lang='lat' dir='ltr'><strong>experi-</strong></span> 
     </span>
     <span class='ocr_line' id='line_1_76' title="bbox 440 4413 1957 4495; baseline 0 -18"><span class='ocrx_word' id='word_1_456' title='bbox 440 4422 675 4477; x_wconf 90' lang='lat' dir='ltr'><strong>menta</strong></span> <span class='ocrx_word' id='word_1_457' title='bbox 720 4413 1065 4476; x_wconf 90' lang='lat' dir='ltr'><strong>multorum</strong></span> <span class='ocrx_word' id='word_1_458' title='bbox 1120 4432 1523 4495; x_wconf 86' lang='lat' dir='ltr'><strong>nequaquam</strong></span> <span class='ocrx_word' id='word_1_459' title='bbox 1574 4415 1957 4495; x_wconf 89' lang='lat' dir='ltr'><strong>permittunt</strong></span> 
     </span>
     <span class='ocr_line' id='line_1_77' title="bbox 442 4510 1953 4592; baseline -0.001 -18"><span class='ocrx_word' id='word_1_460' title='bbox 442 4529 575 4574; x_wconf 88' lang='lat' dir='ltr'><strong>nos</strong></span> <span class='ocrx_word' id='word_1_461' title='bbox 633 4511 1053 4592; x_wconf 89' lang='lat' dir='ltr'><strong>principalem</strong></span> <span class='ocrx_word' id='word_1_462' title='bbox 1108 4510 1376 4591; x_wconf 83' lang='lat' dir='ltr'><strong>gratiam</strong></span> <span class='ocrx_word' id='word_1_463' title='bbox 1425 4518 1487 4573; x_wconf 91' lang='lat' dir='ltr'><strong>et</strong></span> <span class='ocrx_word' id='word_1_464' title='bbox 1536 4510 1953 4573; x_wconf 87' lang='lat' dir='ltr'><strong>efficientiam</strong></span> 
     </span>
     <span class='ocr_line' id='line_1_78' title="bbox 442 4608 1953 4691; baseline 0 -20"><span class='ocrx_word' id='word_1_465' title='bbox 442 4610 637 4672; x_wconf 88' lang='lat' dir='ltr'><strong>illam</strong></span> <span class='ocrx_word' id='word_1_466' title='bbox 674 4608 1037 4671; x_wconf 89' lang='lat' dir='ltr'><strong>adscribere</strong></span> <span class='ocrx_word' id='word_1_467' title='bbox 1075 4609 1236 4670; x_wconf 90' lang='lat' dir='ltr'><strong>istis.</strong></span> <span class='ocrx_word' id='word_1_468' title='bbox 1270 4610 1425 4671; x_wconf 92' lang='lat' dir='ltr'><strong>Nam</strong></span> <span class='ocrx_word' id='word_1_469' title='bbox 1466 4628 1633 4691; x_wconf 82' lang='lat' dir='ltr'><strong>saepe</strong></span> <span class='ocrx_word' id='word_1_470' title='bbox 1674 4610 1953 4671; x_wconf 91' lang='lat' dir='ltr'><strong>vidimus</strong></span> 
     </span>
     <span class='ocr_line' id='line_1_79' title="bbox 442 4706 1953 4789; baseline -0.001 -18"><span class='ocrx_word' id='word_1_471' title='bbox 442 4725 565 4771; x_wconf 86' lang='lat' dir='ltr'><strong>eos</strong></span> <span class='ocrx_word' id='word_1_472' title='bbox 607 4708 717 4789; x_wconf 88' lang='lat' dir='ltr'><strong>qui</strong></span> <span class='ocrx_word' id='word_1_473' title='bbox 745 4707 1011 4788; x_wconf 84' lang='lat' dir='ltr'><strong>jejuniis</strong></span> <span class='ocrx_word' id='word_1_474' title='bbox 1050 4715 1115 4769; x_wconf 90' lang='lat' dir='ltr'><strong>et</strong></span> <span class='ocrx_word' id='word_1_475' title='bbox 1144 4706 1381 4787; x_wconf 86' lang='lat' dir='ltr'><strong>vigiliis</strong></span> <span class='ocrx_word' id='word_1_476' title='bbox 1420 4708 1729 4769; x_wconf 90' lang='lat' dir='ltr'><strong>acerrime</strong></span> <span class='ocrx_word' id='word_1_477' title='bbox 1760 4708 1953 4771; x_wconf 84' lang='lat' dir='ltr'><strong>inhae-</strong></span> 
     </span>
     <span class='ocr_line' id='line_1_80' title="bbox 442 4806 1955 4887; baseline 0 -19"><span class='ocrx_word' id='word_1_478' title='bbox 442 4813 699 4880; x_wconf 88' lang='lat' dir='ltr'><strong>serunt,</strong></span> <span class='ocrx_word' id='word_1_479' title='bbox 751 4806 1115 4868; x_wconf 89' lang='lat' dir='ltr'><strong>solitudinis</strong></span> <span class='ocrx_word' id='word_1_480' title='bbox 1164 4823 1415 4887; x_wconf 91' lang='lat' dir='ltr'><strong>quoque</strong></span> <span class='ocrx_word' id='word_1_481' title='bbox 1475 4814 1718 4868; x_wconf 89' lang='lat' dir='ltr'><strong>secreta</strong></span> <span class='ocrx_word' id='word_1_482' title='bbox 1765 4824 1955 4887; x_wconf 91' lang='lat' dir='ltr'><strong>pene-</strong></span> 
     </span>
     <span class='ocr_line' id='line_1_81' title="bbox 450 4904 1956 4986; baseline -0.001 -19"><span class='ocrx_word' id='word_1_483' title='bbox 450 4912 809 4977; x_wconf 86' lang='lat' dir='ltr'><strong>traverunt,</strong></span> <span class='ocrx_word' id='word_1_484' title='bbox 862 4910 927 4965; x_wconf 88' lang='lat' dir='ltr'><strong>et</strong></span> <span class='ocrx_word' id='word_1_485' title='bbox 979 4904 1193 4965; x_wconf 90' lang='lat' dir='ltr'><strong>omnia</strong></span> <span class='ocrx_word' id='word_1_486' title='bbox 1250 4923 1365 4965; x_wconf 89' lang='lat' dir='ltr'><strong>sua</strong></span> <span class='ocrx_word' id='word_1_487' title='bbox 1414 4904 1505 4965; x_wconf 90' lang='lat' dir='ltr'><strong>sic</strong></span> <span class='ocrx_word' id='word_1_488' title='bbox 1563 4904 1956 4986; x_wconf 90' lang='lat' dir='ltr'><strong>reliquerunt</strong></span> 
     </span>
     <span class='ocr_line' id='line_1_82' title="bbox 449 5002 1955 5085; baseline 0.001 -21"><span class='ocrx_word' id='word_1_489' title='bbox 449 5003 636 5085; x_wconf 90' lang='lat' dir='ltr'><strong>quod</strong></span> <span class='ocrx_word' id='word_1_490' title='bbox 682 5021 799 5065; x_wconf 90' lang='lat' dir='ltr'><strong>nec</strong></span> <span class='ocrx_word' id='word_1_491' title='bbox 852 5003 1043 5064; x_wconf 91' lang='lat' dir='ltr'><strong>unius</strong></span> <span class='ocrx_word' id='word_1_492' title='bbox 1085 5002 1212 5064; x_wconf 91' lang='lat' dir='ltr'><strong>diei</strong></span> <span class='ocrx_word' id='word_1_493' title='bbox 1254 5002 1379 5064; x_wconf 90' lang='lat' dir='ltr'><strong>sibi</strong></span> <span class='ocrx_word' id='word_1_494' title='bbox 1424 5011 1818 5065; x_wconf 88' lang='lat' dir='ltr'><strong>reservarent</strong></span> <span class='ocrx_word' id='word_1_495' title='bbox 1864 5005 1955 5065; x_wconf 91' lang='lat' dir='ltr'><strong>vi·</strong></span> 
     </span>
     <span class='ocr_line' id='line_1_83' title="bbox 450 5100 1956 5183; baseline 0.001 -21"><span class='ocrx_word' id='word_1_496' title='bbox 450 5110 663 5169; x_wconf 85' lang='lat' dir='ltr'><strong>ctum,</strong></span> <span class='ocrx_word' id='word_1_497' title='bbox 690 5120 809 5163; x_wconf 91' lang='lat' dir='ltr'><strong>nec</strong></span> <span class='ocrx_word' id='word_1_498' title='bbox 840 5108 1208 5183; x_wconf 88' lang='lat' dir='ltr'><strong>paterentur</strong></span> <span class='ocrx_word' id='word_1_499' title='bbox 1237 5119 1437 5162; x_wconf 90' lang='lat' dir='ltr'><strong>unum</strong></span> <span class='ocrx_word' id='word_1_500' title='bbox 1468 5100 1593 5163; x_wconf 92' lang='lat' dir='ltr'><strong>sibi</strong></span> <span class='ocrx_word' id='word_1_501' title='bbox 1625 5102 1956 5164; x_wconf 90' lang='lat' dir='ltr'><strong>denarium</strong></span> 
     </span>
     <span class='ocr_line' id='line_1_84' title="bbox 450 5198 1959 5281; baseline 0.001 -21"><span class='ocrx_word' id='word_1_502' title='bbox 450 5215 817 5280; x_wconf 82' lang='lat' dir='ltr'><strong>superesse,</strong></span> <span class='ocrx_word' id='word_1_503' title='bbox 864 5198 977 5280; x_wconf 89' lang='lat' dir='ltr'><strong>qui</strong></span> <span class='ocrx_word' id='word_1_504' title='bbox 1026 5198 1219 5260; x_wconf 90' lang='lat' dir='ltr'><strong>etiam</strong></span> <span class='ocrx_word' id='word_1_505' title='bbox 1267 5215 1460 5281; x_wconf 89' lang='lat' dir='ltr'><strong>opera</strong></span> <span class='ocrx_word' id='word_1_506' title='bbox 1506 5198 1959 5262; x_wconf 68' lang='lat' dir='ltr'><strong>misericordiae</strong></span> 
     </span>
     <span class='ocr_line' id='line_1_85' title="bbox 450 5296 1961 5379; baseline 0.001 -20"><span class='ocrx_word' id='word_1_507' title='bbox 450 5314 615 5359; x_wconf 87' lang='lat' dir='ltr'><strong>cum</strong></span> <span class='ocrx_word' id='word_1_508' title='bbox 658 5296 899 5377; x_wconf 83' lang='lat' dir='ltr'><strong>ingenti</strong></span> <span class='ocrx_word' id='word_1_509' title='bbox 948 5296 1430 5379; x_wconf 89' lang='lat' dir='ltr'><strong>compleverunt</strong></span> <span class='ocrx_word' id='word_1_510' title='bbox 1472 5297 1829 5372; x_wconf 88' lang='lat' dir='ltr'><strong>devotione,</strong></span> <span class='ocrx_word' id='word_1_511' title='bbox 1872 5298 1961 5360; x_wconf 88' lang='lat' dir='ltr'><strong>ita</strong></span> 
     </span>
    </p>
   </div>
   <div class='ocr_carea' id='block_1_16' title="bbox 2064 4313 3562 5380">
    <p class='ocr_par' dir='ltr' id='par_1_16' title="bbox 2064 4313 3562 5380">
     <span class='ocr_line' id='line_1_86' title="bbox 2068 4313 3562 4397; baseline -0.001 -19"><span class='ocrx_word' id='word_1_512' title='bbox 2068 4316 2432 4397; x_wconf 87' lang='lat' dir='ltr'><strong>sumptione</strong></span> <span class='ocrx_word' id='word_1_513' title='bbox 2491 4315 2776 4395; x_wconf 88' lang='lat' dir='ltr'><strong>decepta,</strong></span> <span class='ocrx_word' id='word_1_514' title='bbox 2828 4313 3021 4376; x_wconf 89' lang='lat' dir='ltr'><strong>faciet</strong></span> <span class='ocrx_word' id='word_1_515' title='bbox 3071 4320 3275 4376; x_wconf 88' lang='lat' dir='ltr'><strong>totum</strong></span> <span class='ocrx_word' id='word_1_516' title='bbox 3331 4331 3562 4394; x_wconf 91' lang='lat' dir='ltr'><strong>corpus</strong></span> 
     </span>
     <span class='ocr_line' id='line_1_87' title="bbox 2067 4411 3560 4488; baseline -0.001 -13"><span class='ocrx_word' id='word_1_517' title='bbox 2067 4421 2356 4476; x_wconf 90' lang='lat' dir='ltr'><strong>nostrum</strong></span> <span class='ocrx_word' id='word_1_518' title='bbox 2395 4412 2829 4488; x_wconf 90' lang='lat' dir='ltr'><strong>tenebrosum,</strong></span> <span class='ocrx_word' id='word_1_519' title='bbox 2862 4412 2927 4474; x_wconf 92' lang='lat' dir='ltr'><strong>id</strong></span> <span class='ocrx_word' id='word_1_520' title='bbox 2967 4419 3082 4486; x_wconf 89' lang='lat' dir='ltr'><strong>est,</strong></span> <span class='ocrx_word' id='word_1_521' title='bbox 3117 4417 3312 4474; x_wconf 91' lang='lat' dir='ltr'><strong>totam</strong></span> <span class='ocrx_word' id='word_1_522' title='bbox 3356 4411 3560 4473; x_wconf 89' lang='lat' dir='ltr'><strong>aciem</strong></span> 
     </span>
     <span class='ocr_line' id='line_1_88' title="bbox 2066 4507 3556 4584; baseline -0.001 -11"><span class='ocrx_word' id='word_1_523' title='bbox 2066 4512 2299 4574; x_wconf 90' lang='lat' dir='ltr'><strong>mentis</strong></span> <span class='ocrx_word' id='word_1_524' title='bbox 2347 4520 2411 4573; x_wconf 89' lang='lat' dir='ltr'><strong>et</strong></span> <span class='ocrx_word' id='word_1_525' title='bbox 2453 4518 2631 4573; x_wconf 90' lang='lat' dir='ltr'><strong>actus</strong></span> <span class='ocrx_word' id='word_1_526' title='bbox 2672 4518 2920 4573; x_wconf 89' lang='lat' dir='ltr'><strong>nostros</strong></span> <span class='ocrx_word' id='word_1_527' title='bbox 2965 4510 3182 4571; x_wconf 88' lang='lat' dir='ltr'><strong>reddet</strong></span> <span class='ocrx_word' id='word_1_528' title='bbox 3229 4507 3556 4584; x_wconf 82' lang='lat' dir='ltr'><strong>obscuroS‚</strong></span> 
     </span>
     <span class='ocr_line' id='line_1_89' title="bbox 2067 4608 3558 4690; baseline -0.002 -19"><span class='ocrx_word' id='word_1_529' title='bbox 2067 4617 2286 4690; x_wconf 86' lang='lat' dir='ltr'><strong>utpote</strong></span> <span class='ocrx_word' id='word_1_530' title='bbox 2331 4610 2646 4672; x_wconf 90' lang='lat' dir='ltr'><strong>involutos</strong></span> <span class='ocrx_word' id='word_1_531' title='bbox 2686 4609 2966 4672; x_wconf 85' lang='lat' dir='ltr'><strong>caecitate</strong></span> <span class='ocrx_word' id='word_1_532' title='bbox 3002 4608 3306 4670; x_wconf 90' lang='lat' dir='ltr'><strong>vitiorum</strong></span> <span class='ocrx_word' id='word_1_533' title='bbox 3347 4625 3422 4668; x_wconf 91' lang='lat' dir='ltr'><strong>ac</strong></span> <span class='ocrx_word' id='word_1_534' title='bbox 3469 4615 3558 4668; x_wconf 91' lang='lat' dir='ltr'><strong>te-</strong></span> 
     </span>
     <span class='ocr_line' id='line_1_90' title="bbox 2065 4704 3559 4790; baseline -0.002 -21"><span class='ocrx_word' id='word_1_535' title='bbox 2065 4708 2282 4769; x_wconf 90' lang='lat' dir='ltr'><strong>nebris</strong></span> <span class='ocrx_word' id='word_1_536' title='bbox 2326 4708 2694 4790; x_wconf 88' lang='lat' dir='ltr'><strong>passionum</strong></span> <span class='ocrx_word' id='word_1_537' title='bbox 2735 4715 2797 4769; x_wconf 93' lang='lat' dir='ltr'><strong>et</strong></span> <span class='ocrx_word' id='word_1_538' title='bbox 2835 4704 3404 4788; x_wconf 88' lang='lat' dir='ltr'><strong>perturbationum.</strong></span> <span class='ocrx_word' id='word_1_539' title='bbox 3439 4705 3559 4767; x_wconf 88' lang='lat' dir='ltr'><strong>Un-</strong></span> 
     </span>
     <span class='ocr_line' id='line_1_91' title="bbox 2064 4803 3558 4885; baseline -0.003 -16"><span class='ocrx_word' id='word_1_540' title='bbox 2064 4808 2141 4869; x_wconf 93' lang='lat' dir='ltr'><strong>de</strong></span> <span class='ocrx_word' id='word_1_541' title='bbox 2185 4807 2274 4868; x_wconf 90' lang='lat' dir='ltr'><strong>ait</strong></span> <span class='ocrx_word' id='word_1_542' title='bbox 2315 4806 2645 4869; x_wconf 87' lang='lat' dir='ltr'><strong>Salvator:</strong></span> <span class='ocrx_word' id='word_1_543' title='bbox 2681 4805 2744 4867; x_wconf 92' lang='lat' dir='ltr'><strong>Si</strong></span> <span class='ocrx_word' id='word_1_544' title='bbox 2787 4804 2960 4866; x_wconf 90' lang='lat' dir='ltr'><strong>enim</strong></span> <span class='ocrx_word' id='word_1_545' title='bbox 3010 4804 3224 4865; x_wconf 90' lang='lat' dir='ltr'><strong>lumen</strong></span> <span class='ocrx_word' id='word_1_546' title='bbox 3275 4803 3446 4885; x_wconf 90' lang='lat' dir='ltr'><strong>quod</strong></span> <span class='ocrx_word' id='word_1_547' title='bbox 3489 4804 3558 4865; x_wconf 88' lang='lat' dir='ltr'><strong>in</strong></span> 
     </span>
     <span class='ocr_line' id='line_1_92' title="bbox 2066 4900 3558 4983; baseline -0.001 -17"><span class='ocrx_word' id='word_1_548' title='bbox 2066 4914 2127 4966; x_wconf 92' lang='lat' dir='ltr'><strong>te</strong></span> <span class='ocrx_word' id='word_1_549' title='bbox 2156 4913 2274 4979; x_wconf 92' lang='lat' dir='ltr'><strong>est,</strong></span> <span class='ocrx_word' id='word_1_550' title='bbox 2307 4904 2584 4967; x_wconf 84' lang='lat' dir='ltr'><strong>tenebrae</strong></span> <span class='ocrx_word' id='word_1_551' title='bbox 2613 4909 2782 4977; x_wconf 91' lang='lat' dir='ltr'><strong>sunt,</strong></span> <span class='ocrx_word' id='word_1_552' title='bbox 2817 4902 2972 4983; x_wconf 83' lang='lat' dir='ltr'><strong>ipsae</strong></span> <span class='ocrx_word' id='word_1_553' title='bbox 3002 4900 3277 4963; x_wconf 84' lang='lat' dir='ltr'><strong>tenebrae</strong></span> <span class='ocrx_word' id='word_1_554' title='bbox 3306 4908 3558 4982; x_wconf 86' lang='lat' dir='ltr'><strong>quantae</strong></span> 
     </span>
     <span class='ocr_line' id='line_1_93' title="bbox 2066 4998 3558 5080; baseline -0.004 -16"><span class='ocrx_word' id='word_1_555' title='bbox 2066 5007 2297 5065; x_wconf 69' lang='lat' dir='ltr'><strong>erunt?</strong></span> <span class='ocrx_word' id='word_1_556' title='bbox 2329 5004 2582 5065; x_wconf 89' lang='lat' dir='ltr'><strong>Certum</strong></span> <span class='ocrx_word' id='word_1_557' title='bbox 2613 5008 2709 5063; x_wconf 90' lang='lat' dir='ltr'><strong>est</strong></span> <span class='ocrx_word' id='word_1_558' title='bbox 2737 5000 2911 5063; x_wconf 90' lang='lat' dir='ltr'><strong>enim</strong></span> <span class='ocrx_word' id='word_1_559' title='bbox 2943 4999 3112 5080; x_wconf 91' lang='lat' dir='ltr'><strong>quod</strong></span> <span class='ocrx_word' id='word_1_560' title='bbox 3138 4998 3383 5078; x_wconf 86' lang='lat' dir='ltr'><strong>judicio</strong></span> <span class='ocrx_word' id='word_1_561' title='bbox 3423 5015 3558 5059; x_wconf 92' lang='lat' dir='ltr'><strong>cor-</strong></span> 
     </span>
     <span class='ocr_line' id='line_1_94' title="bbox 2067 5097 3560 5178; baseline -0.002 -16"><span class='ocrx_word' id='word_1_562' title='bbox 2067 5102 2164 5162; x_wconf 90' lang='lat' dir='ltr'><strong>dis</strong></span> <span class='ocrx_word' id='word_1_563' title='bbox 2197 5102 2394 5164; x_wconf 90' lang='lat' dir='ltr'><strong>nostri</strong></span> <span class='ocrx_word' id='word_1_564' title='bbox 2425 5107 2696 5173; x_wconf 82' lang='lat' dir='ltr'><strong>errante,</strong></span> <span class='ocrx_word' id='word_1_565' title='bbox 2728 5108 2790 5161; x_wconf 91' lang='lat' dir='ltr'><strong>et</strong></span> <span class='ocrx_word' id='word_1_566' title='bbox 2830 5106 3015 5161; x_wconf 92' lang='lat' dir='ltr'><strong>nocte</strong></span> <span class='ocrx_word' id='word_1_567' title='bbox 3058 5097 3426 5178; x_wconf 84' lang='lat' dir='ltr'><strong>ignorantiae</strong></span> <span class='ocrx_word' id='word_1_568' title='bbox 3455 5097 3560 5159; x_wconf 90' lang='lat' dir='ltr'><strong>do-</strong></span> 
     </span>
     <span class='ocr_line' id='line_1_95' title="bbox 2069 5198 3558 5279; baseline -0.002 -19"><span class='ocrx_word' id='word_1_569' title='bbox 2069 5198 2373 5273; x_wconf 86' lang='lat' dir='ltr'><strong>minante,</strong></span> <span class='ocrx_word' id='word_1_570' title='bbox 2425 5198 2834 5279; x_wconf 86' lang='lat' dir='ltr'><strong>cogitationes</strong></span> <span class='ocrx_word' id='word_1_571' title='bbox 2888 5215 3142 5279; x_wconf 85' lang='lat' dir='ltr'><strong>quoque</strong></span> <span class='ocrx_word' id='word_1_572' title='bbox 3200 5202 3428 5257; x_wconf 81' lang='lat' dir='ltr'><strong>nostrae</strong></span> <span class='ocrx_word' id='word_1_573' title='bbox 3483 5214 3558 5257; x_wconf 92' lang='lat' dir='ltr'><strong>ac</strong></span> 
     </span>
     <span class='ocr_line' id='line_1_96' title="bbox 2067 5292 3560 5380; baseline -0.003 -20"><span class='ocrx_word' id='word_1_574' title='bbox 2067 5315 2263 5380; x_wconf 90' lang='lat' dir='ltr'><strong>opera</strong></span> <span class='ocrx_word' id='word_1_575' title='bbox 2308 5316 2450 5379; x_wconf 86' lang='lat' dir='ltr'><strong>quae</strong></span> <span class='ocrx_word' id='word_1_576' title='bbox 2491 5316 2568 5359; x_wconf 86' lang='lat' dir='ltr'><strong>ex</strong></span> <span class='ocrx_word' id='word_1_577' title='bbox 2613 5295 2874 5360; x_wconf 87' lang='lat' dir='ltr'><strong>rationis</strong></span> <span class='ocrx_word' id='word_1_578' title='bbox 2918 5292 3375 5358; x_wconf 88' lang='lat' dir='ltr'><strong>deliberatione</strong></span> <span class='ocrx_word' id='word_1_579' title='bbox 3418 5310 3560 5375; x_wconf 89' lang='lat' dir='ltr'><strong>pro-</strong></span> 
     </span>
    </p>
   </div>
   <div class='ocr_carea' id='block_1_17' title="bbox 3603 3358 3848 3413">
    <p class='ocr_par' dir='ltr' id='par_1_17' title="bbox 3603 3358 3848 3413">
     <span class='ocr_line' id='line_1_97' title="bbox 3603 3358 3848 3413; baseline 0.012 -12"><span class='ocrx_word' id='word_1_580' title='bbox 3603 3358 3778 3404; x_wconf 69' lang='lat' dir='ltr'><strong>Macen.</strong></span> <span class='ocrx_word' id='word_1_581' title='bbox 3792 3376 3848 3413; x_wconf 79' lang='lat' dir='ltr'><strong>vi,</strong></span> 
     </span>
    </p>
   </div>
   <div class='ocr_carea' id='block_1_18' title="bbox 3586 3422 3743 3473">
    <p class='ocr_par' dir='ltr' id='par_1_18' title="bbox 3586 3422 3743 3473">
     <span class='ocr_line' id='line_1_98' title="bbox 3586 3422 3743 3473; baseline 0.019 -9"><span class='ocrx_word' id='word_1_582' title='bbox 3586 3422 3654 3473; x_wconf 77' lang='lat'><strong>22,</strong></span> <span class='ocrx_word' id='word_1_583' title='bbox 3677 3426 3743 3467; x_wconf 78' lang='lat'><strong>23.</strong></span> 
     </span>
    </p>
   </div>
   <div class='ocr_carea' id='block_1_19' title="bbox 3609 4824 3823 4870">
    <p class='ocr_par' dir='ltr' id='par_1_19' title="bbox 3609 4824 3823 4870">
     <span class='ocr_line' id='line_1_99' title="bbox 3609 4824 3823 4870; baseline 0.009 -3"><span class='ocrx_word' id='word_1_584' title='bbox 3609 4824 3726 4868; x_wconf 74' lang='lat' dir='ltr'><strong>lbid.</strong></span> <span class='ocrx_word' id='word_1_585' title='bbox 3757 4828 3823 4870; x_wconf 79' lang='lat'><strong>23.</strong></span> 
     </span>
    </p>
   </div>
  </div>
 </body>
</html>
