4359 6267
803 460 882 525 30
1710 479 1790 525 DE
1830 478 2157 525 ms‘rrruns
2202 479 2286 523 ss.
2322 477 2581 523 rat-nun.
2622 495 2703 505 —
2742 476 2917 523 mmm
2956 478 3003 523 11

807 648 1098 710 inertiam
1144 649 1307 730 parit
1354 648 1662 739 monacho
1711 664 1858 709 mox
1900 646 2296 727 evigilaturo,
2330 644 2381 706 A
2410 663 2608 725 gnum
2666 644 2998 725 acquirant
3049 642 3281 705 mentis
3338 642 3696 725 profectum
3745 649 3901 703 tam·

803 754 994 827 atque
1042 754 1362 828 torporem
1420 745 1700 807 inferens
1751 746 1948 807 menti
1998 744 2160 825 ejuS,
2213 744 2303 805 vi-

804 862 1021 926 gorem
1080 844 1282 925 ipsius
1343 862 1456 924 per
1502 851 1706 906 totum
1760 844 1930 905 diem
1977 842 2297 913 obtundit,

805 943 1108 1023 illamque
1160 941 1615 1022 perspicaciam
1665 959 1888 1002 sensus
1936 940 2191 1002 hebetat
2240 946 2303 1000 et

805 1041 1123 1113 obscurat,
1151 1040 1519 1102 interiorem
1550 1057 1804 1122 quoque
1837 1038 2043 1101 cordis
2072 1039 2303 1100 exhau-

806 1139 889 1199 rit
933 1138 1409 1218 pinguedinem,
1453 1157 1595 1219 quae
1639 1155 1753 1199 nos
1803 1144 2016 1218 posset
2059 1155 2172 1217 per
2214 1142 2303 1197 to-

807 1243 943 1298 tum
976 1236 1144 1297 diem
1177 1236 1479 1297 adversus
1509 1253 1730 1297 omnes
1760 1234 2021 1296 insidias
2055 1233 2301 1295 inimici

807 1334 1119 1395 cautiores
1175 1352 1246 1395 ae
1308 1333 1692 1395 robustiores
1752 1351 2021 1394 servare.
2075 1331 2302 1404 Quam-

807 1432 1026 1493 obrem
1078 1431 1399 1494 eanonicis
1447 1430 1688 1511 vigiliis
1748 1431 1950 1492 noctis
2005 1429 2298 1511 expletiS,

755 1538 762 1545 ’
807 1530 1081 1611 privatas
1127 1537 1381 1592 servant
1425 1529 1698 1610 vigiliaS‚
1733 1536 1874 1611 quae
1918 1528 2141 1609 majori
2194 1528 2301 1589 ob-

805 1627 1158 1690 servatione
1200 1628 1328 1690 illis
1367 1628 1738 1701 succedunt,
1772 1636 2084 1708 quatenus
2127 1626 2300 1707 puri-

803 1725 1021 1787 ficatio
1069 1725 1178 1786 illa
1224 1744 1350 1787 non
1401 1732 1616 1807 pereat
1664 1744 1805 1807 quae
1854 1724 2117 1806 psalmis
2165 1741 2299 1785 ora-

2411 761 2535 823 que
2576 743 2953 823 praeelarum
2997 741 3277 804 scientiae
3320 741 3555 802 lumen.

2802 995 3307 1059 CAPITULUM
3368 996 3518 1059 XV.

2416 1142 2549 1209 Qua
2586 1142 2712 1212 leye
2757 1142 3063 1198 modestioe
3100 1148 3243 1213 post
3278 1143 3623 1199 orationum
3663 1144 3907 1199 missam

2534 1232 2949 1305 unusquisque
2986 1232 3069 1287 ad
3104 1247 3273 1288 suam
3318 1234 3527 1288 redeat
3560 1232 3788 1289 cellam.

2536 1428 2788 1491 INITIS
2846 1429 3040 1509 igitur
3095 1430 3377 1510 psalmiS,
3428 1438 3491 1491 et
3538 1430 3905 1511 quotidiana

2563 1528 2849 1589 Fratrum
2905 1528 3387 1609 congregatione
3438 1528 3546 1608 (ut
3597 1528 3906 1609 diximus)

2412 1633 2719 1706 separata,
2751 1625 2968 1687 nullus
3006 1644 3228 1689 eorum
3268 1628 3457 1688 audet
3492 1646 3717 1709 parum
3756 1628 3904 1690 sub-

2412 1722 2657 1797 sistere,
2698 1730 2807 1785 aut
2850 1743 2997 1785 cum
3044 1724 3259 1805 aliquo
3308 1724 3503 1805 loqui,
3544 1744 3753 1807 neque
3792 1744 3907 1807 per

806 1823 1214 1904 tionibusque
1275 1823 1600 1885 nocturnis
1659 1824 1888 1904 adepta
1943 1831 2060 1897 est,
2109 1830 2299 1903 atque
2337 1818 2385 1881 B
2416 1828 2609 1883 totam
2655 1822 2827 1883 diem
2870 1821 3097 1883 cellam
3142 1840 3322 1884 suam
3365 1822 3560 1898 exire,
3595 1832 3703 1885 aut
3742 1842 3903 1905 opus

807 1922 1114 1984 intensior
1163 1921 1526 1983 sollicitudo
1567 1928 1957 2002 praeparetur
1993 1940 2066 1983 ac
2104 1921 2302 2003 impe-

809 2026 1008 2081 tretur
1043 2019 1451 2081 meditatione
1484 2026 1812 2092 nocturna,
1848 2038 1988 2099 quae
2019 2037 2133 2081 nos
2163 2018 2303 2079 dili-

807 2116 1058 2197 gentius
1103 2123 1231 2178 tota
1272 2117 1375 2179 die
1419 2116 1748 2178 custodiat.

1179 2366 1682 2431 CAPITULUM
1745 2367 1926 2431 XIV.

811 2516 1308 2584 Quemadmodum
1335 2515 1402 2568 in
1426 2514 1662 2569 cellulis
1691 2515 1819 2569 suis
1846 2530 1996 2587 opus
2020 2530 2304 2570 manuum

1069 2610 1128 2658 et
1158 2604 1467 2659 orationes
1495 2603 1678 2659 simul
1705 2609 2042 2659 exerceant.

943 2800 989 2861 T
1032 2800 1172 2862 ideo
1202 2800 1450 2881 vigilias
1492 2800 1632 2862 illas
1673 2800 1738 2861 in
1771 2800 1948 2862 cellis
1986 2800 2118 2861 suis
2156 2819 2305 2863 cum

963 2916 1153 2979 opere
1194 2916 1501 2960 manuum
1543 2905 1999 2979 exsequuntur,
2034 2917 2112 2960 ne
2152 2900 2307 2961 otio—

2412 1920 2582 2001 quod
2642 1920 2708 1980 in
2755 1938 2829 1981 ea
2874 1919 3097 1982 solitus
3155 1928 3251 1983 est
3296 1920 3527 1995 facere,
3580 1924 3907 2004 praesumit

2412 2019 2723 2092 deserere,
2763 2018 2889 2080 nisi
2936 2018 3099 2080 forte
3148 2038 3349 2100 quum
3397 2019 3637 2082 fuerint
3676 2022 3755 2083 ad
3803 2040 3908 2083 ne-

2413 2116 2683 2178 cessaria
2734 2133 2927 2197 opera
2974 2116 3218 2178 evocati
3271 2136 3286 2181 :
3339 2137 3480 2200 quae
3528 2118 3764 2198 egressi
3812 2120 3905 2181 sic

2412 2221 2869 2296 exsequuntur,
2923 2221 2993 2275 ut
3038 2214 3215 2276 nulla
3272 2215 3527 2295 penitus
3588 2215 3753 2277 inter
3796 2235 3905 2279 eos

2412 2312 2749 2374 collocutio
2791 2311 3114 2374 habeatur.
3148 2314 3281 2375 Imo
3324 2314 3415 2374 sic
3465 2314 3905 2396 unusquisque

2412 2427 2573 2491 opus
2634 2410 2783 2473 facit
2843 2410 3229 2491 injunctum,
3292 2418 3362 2471 ut
3420 2411 3739 2493 psalmum
3795 2422 3905 2475 aut

2410 2507 2653 2588 aliquid
2684 2508 2761 2569 de
2792 2509 3137 2589 Scripturis
3178 2508 3545 2571 memoriter
3583 2510 3907 2573 revolven-

2413 2607 2492 2668 do
2532 2624 2605 2667 ac
2648 2605 3047 2687 proferendO,
3083 2624 3207 2669 non
3254 2606 3459 2668 solum
3506 2607 3756 2670 nullum
3800 2609 3907 2671 det

2415 2704 2625 2766 locum
2658 2704 2862 2766 noxiae
2892 2704 3345 2785 conspirationi
3376 2712 3439 2766 et
3464 2705 3677 2787 pravis
3708 2706 3909 2769 consi-

2416 2800 2541 2875 liis,
2575 2802 2684 2862 sed
2729 2820 2935 2883 neque
2973 2801 3192 2863 otiosis
3232 2802 3587 2883 colloquiiS,
3622 2804 3809 2865 corde
3846 2812 3911 2866 et

2414 2918 2522 2962 ore
2564 2899 2799 2981 pariter
2827 2907 3135 2981 occupato
3176 2900 3240 2960 in
3283 2900 3691 2963 meditatione
3728 2902 3913 2983 spiri—

810 3014 911 3059 sos
951 2998 1270 3078 opprimat
1309 3014 1588 3059 somnus,
1625 2996 1802 3058 Sicut
1840 2998 2013 3059 enim
2052 2997 2302 3058 nullum
2342 2998 2385 3061 C
2416 2997 2591 3059 tuali.
2626 2998 2866 3079 Nempe
2899 3016 3046 3059 eum
3078 3016 3327 3059 summa
3365 2997 3767 3061 observantia
3806 3018 3913 3061 cu-

810 3094 944 3157 fere
999 3102 1252 3175 tempus
1301 3094 1380 3155 ab
1429 3094 1520 3155 eis
1580 3094 1778 3156 otiose
1833 3094 2158 3169 transitur,
2210 3096 2305 3157 sic

811 3193 1242 3274 spiritualium
1301 3193 1819 3255 meditationibus
1878 3194 2093 3255 nullus
2152 3193 2305 3255 finis

811 3291 892 3353 ab
935 3291 1090 3372 ipsis
1137 3289 1503 3371 imponitur.
1538 3290 1694 3352 Nam
1739 3291 1976 3373 pariter
2014 3310 2307 3353 exercen-

812 3398 908 3452 tes
938 3390 1167 3451 animae
1201 3388 1610 3469 corporisque
1634 3388 2305 3471 virtuteS‚adipiscun-

816 3497 918 3550 tur
945 3488 1298 3551 necessaria
1323 3487 1566 3550 homini
1597 3488 1893 3550 exteriori
1925 3508 2074 3550 curn
2105 3488 2309 3570 profe-

817 3586 1025 3648 ctibus
1055 3586 1333 3647 hominis
1366 3585 1706 3659 interioris,
1733 3586 1986 3668 utrique
2020 3585 2319 3671 pariliter-

815 3684 1226 3767 proficientes
1257 3700 1270 3744 ε
1300 3684 1549 3764 pondus
1579 3700 1845 3764 operum
1876 3684 2054 3765 quasi
2088 3702 2308 3765 quam-

816 3786 960 3845 dam
1001 3790 1289 3844 tenacem
1334 3788 1523 3863 atque
1567 3780 1964 3844 immobilem
2007 3800 2304 3844 ancoram

815 3880 1217 3963 praefigentes
1252 3878 1513 3940 lubricis
1555 3878 1834 3940 motibus
1865 3880 2059 3941 animi
2093 3887 2156 3941 et
2189 3879 2309 3941 flu-

817 3978 1122 4041 ctuationi
1167 3977 1620 4057 cogitationum
1669 3976 1946 4039 instabili
1992 3995 2005 4038 :
2051 3978 2154 4040 cui
2202 3998 2309 4039 an-

817 4097 979 4141 corae
1021 4075 1398 4139 instabilitas
1438 4083 1500 4137 et
1539 4077 1823 4157 evagatio
1862 4076 2069 4138 cordis
2110 4075 2313 4139 infixa

2417 3094 2689 3157 stoditur
2729 3114 2808 3157 ne
2848 3096 2992 3176 quis
3035 3096 3545 3176 deprehendatur
3576 3115 3722 3158 cum
3762 3097 3909 3173 alio,

2417 3194 2737 3276 praecipue
2789 3193 3065 3273 juniore,
3111 3194 3190 3255 ad
3244 3202 3555 3275 punctum
3606 3196 3913 3277 temporis

2418 3290 2776 3353 substitisse
2802 3299 2910 3351 aut
2932 3290 3170 3352 alicubi
3202 3292 3661 3365 secessissavel
3689 3312 3913 3355 manus

2418 3407 2561 3449 suas
2605 3388 2881 3449 invicem
2922 3387 3218 3451 tenuisse.
3262 3389 3472 3463 Porro,
3514 3390 3569 3451 si
3606 3391 3718 3472 qui
3764 3409 3912 3453 con-

2416 3494 2512 3547 tra
2539 3485 2768 3547 horum
2797 3485 3037 3567 aliquid
3077 3486 3280 3566 egisse
3321 3486 3747 3563 inveniantur,
3780 3497 3913 3550 tan-

2416 3603 2607 3665 quam
2650 3591 3055 3645 contumaces
3095 3592 3158 3645 et
3190 3586 3699 3666 praevaricatores
3740 3606 3914 3649 man-

2417 3683 2707 3744 datorum
2738 3682 3145 3763 pronuntiati,
3160 3700 3286 3744 non
3312 3684 3487 3765 quasi
3522 3684 3677 3746 levis
3708 3686 3915 3767 culpae

2420 3779 2701 3854 obnoxii,
2754 3799 2966 3843 carere
3029 3798 3153 3843 non
3204 3788 3499 3862 poterunt
3550 3782 3913 3864 suspicione

2420 3878 2879 3959 conjurationis
2920 3896 2994 3940 ac
3026 3878 3203 3959 pravi
3246 3878 3515 3940 consilii.
3552 3880 3749 3953 Quam
3789 3882 3919 3942 cul-

2423 3995 2571 4058 pam
2620 3976 2743 4038 nisi
2794 3976 3052 4058 publica
3097 3976 3473 4057 poenitentia
3516 3979 3920 4059 purgaverint

2425 4074 2747 4135 Fratribus
2780 4074 3171 4154 cougregatis
3205 4074 3268 4134 in
3301 4094 3525 4149 unum,
3559 4076 3774 4137 nullus
3814 4093 3917 4138 eo-

820 4177 1022 4238 valeat
1071 4174 1383 4237 contineri
1443 4173 1608 4236 intra
1656 4174 1951 4236 cellulam
2009 4184 2311 4255 tanquam
2344 4178 2391 4238 D
2424 4190 2561 4233 rum
2579 4172 2861 4233 Fratrum
2886 4170 3153 4234 orationi
3180 4171 3485 4234 interesse
3510 4174 3914 4254 permittitur.

821 4274 885 4336 in
917 4272 1325 4335 securissimo
1355 4280 1578 4353 portu3
1619 4272 1840 4353 sicque
1872 4272 2314 4353 spiritualibus

821 4370 1341 4434 meditationibus
1388 4378 1451 4431 et
1497 4370 1799 4432 custodiae
1857 4370 2313 4450 cogitationum

819 4476 1064 4531 tanturn
1106 4468 1366 4539 intenta,
1400 4483 1527 4528 non
1568 4466 1773 4527 solum
1813 4468 1890 4528 ad
1931 4485 2313 4530 consensum

821 4586 1030 4650 pravae
1097 4564 1518 4646 suggestionis
1592 4572 1870 4627 mentem
1937 4565 2313 4647 pervigilem

817 4683 944 4727 non
986 4664 1152 4725 sinat
1181 4681 1496 4735 corruere,
1531 4681 1753 4725 verum
1793 4662 1987 4724 etiam
2025 4662 2106 4725 ab
2138 4664 2312 4726 omni

817 4760 1147 4843 superflua
1179 4768 1242 4822 et
1270 4760 1471 4822 otiosa
1509 4759 1888 4840 cogitatione
1929 4779 2069 4821 eam
2109 4769 2314 4823 custo-

818 4860 968 4932 diat,
1003 4860 1089 4921 ita
1132 4866 1202 4920 ut
1243 4858 1396 4939 quid
1440 4876 1518 4919 ex
1560 4876 1688 4939 quo
1736 4857 2092 4939 dependeat
2141 4858 2313 4921 diffi-

818 4959 1024 5020 culter
1055 4957 1254 5039 possit
1282 4976 1319 5018 a
1349 4973 1669 5037 quoquam
1711 4956 2009 5030 discerni,
2041 4957 2162 5019 hoc
2194 4967 2309 5032 est,

819 5063 1036 5117 utrum
1086 5062 1345 5137 propter
1387 5054 1865 5117 meditationem
1915 5054 2313 5137 spiritualem

821 5162 949 5216 tam
990 5152 1364 5215 incessabile
1406 5171 1711 5214 manuum
1755 5170 1916 5235 opus
1955 5162 2310 5229 exerceant,

823 5270 902 5313 an
953 5258 1210 5333 propter
1258 5250 1468 5331 operis
1524 5249 1959 5312 assiduitatem
2009 5259 2137 5313 tam
2188 5271 2315 5314 ma-

2796 4424 3299 4488 CAPITULUM
3358 4424 3543 4489 XVI.

2454 4574 2625 4642 Quod
2655 4573 2817 4629 nulli
2846 4573 3027 4628 liceat
3056 4588 3236 4628 orare
3262 4588 3393 4629 cum
3422 4572 3532 4629 illo
3561 4574 3670 4646 qui
3694 4574 3890 4646 fuerit

2788 4662 2865 4717 ab
2905 4662 3184 4717 oratione
3220 4677 3560 4734 suspensus.

2566 4858 2877 4931 ENIQUE
2916 4860 2969 4921 si
3008 4860 3154 4940 quis
3192 4877 3308 4940 pro
3350 4858 3539 4939 culpa
3577 4877 3691 4921 sua
3726 4858 3922 4921 fuerit

2582 4976 2618 5019 a
2648 4958 2974 5019 communi
3004 4956 3286 5020 oratione
3316 4976 3685 5037 suspensus,
3704 4956 3919 5018 nullus

2425 5056 2687 5117 omuino
2725 5054 2916 5116 habet
2948 5055 3271 5117 licentiam
3310 5054 3531 5115 orandi
3566 5073 3713 5115 cum
3754 5054 3913 5135 ipso,

2424 5160 2765 5233 antequam
2813 5170 2888 5215 eo
2935 5153 3013 5214 ad
3073 5152 3515 5234 poenitendum
3568 5152 3633 5212 in
3682 5159 3913 5213 terram

2424 5258 2758 5333 prostrato,
2804 5249 3198 5331 indulgentia
3240 5258 3303 5312 et
3342 5249 3777 5312 reconciliatio
3818 5248 3911 5311 fu-
