4359 6267
135 2099 220 2138 Ram.
235 2112 257 2144 ι.
272 2103 325 2140 23.

141 2394 205 2436 Ιετ.
218 2411 249 2441 ιι,
266 2401 316 2438 ΙΙ.

1057 534 1474 582 COLLA'rmNUM
1515 535 1601 579 SS.
1635 534 1878 580 rmum
1918 533 2093 579 Ltnmt
2134 534 2174 579 1.
2217 551 2297 561 —·
2335 533 2622 580 COLLATto
2662 535 2702 580 X

3310 515 3433 579 259

346 703 537 765 citatis
567 711 630 766 et
670 704 1129 766 consuetudine
1168 704 1414 785 antiqui
1455 703 1710 776 erroriS,
1743 711 1830 764 at·
1858 701 1908 764 A
1937 710 2073 763 tum
2122 703 2455 765 discedens
2504 701 2585 764 ab
2634 702 2869 764 intuitu
2924 711 3313 766 terrenarum
3359 721 3431 765 ac

347 821 458 884 que
497 803 593 881 (ut
639 803 852 865 verius
897 803 1135 883 dicam)
1183 803 1248 864 in
1297 822 1509 866 errore
1559 802 1828 884 pristino

349 902 694 982 perdurare,
719 901 827 983 qui
864 901 1075 964 illatus
1107 908 1204 963 est
1232 901 1290 964 ei
1324 919 1448 964 non
1483 901 1722 963 recenti
1757 901 1827 962 il-

350 998 578 1061 lusione
609 1000 994 1072 daemonum,
1021 1008 1086 1061 ut
1121 1001 1380 1082 putatis,
1405 1000 1514 1062 sed
1543 1000 1829 1081 ignoran-

350 1098 424 1159 tia
452 1098 730 1179 pristina·
763 1098 1176 1180 gentilitatis:
1202 1100 1356 1160 dum
1385 1097 1567 1179 juxta
1607 1115 1830 1160 consu-

349 1198 657 1258 etudinem
699 1217 822 1278 qua
863 1198 1156 1261 colebant
1195 1199 1512 1260 daemones
1552 1197 1830 1259 humana

348 1295 546 1376 effigie
571 1294 896 1376 figuratoS,
923 1298 1211 1359 conversi
1237 1314 1487 1378 quoque
1513 1297 1828 1359 aestimant

351 1393 1047 1476 incomprehensibilem
1088 1395 1223 1457 veri
1269 1396 1381 1457 Dei
1427 1395 1824 1475 majestatem

351 1492 456 1554 sub
510 1493 996 1575 circumscripta
1056 1494 1331 1575 imagine
1393 1494 1822 1572 adorandam3

351 1592 660 1654 credentes
701 1611 767 1654 se
809 1592 973 1654 nihil
1001 1592 1235 1654 habere
1265 1601 1374 1654 aut
1404 1593 1701 1666 retinere,
1734 1592 1826 1654 ni-

351 1689 396 1750 si
426 1689 755 1752 habuerint
785 1699 974 1772 atque
1007 1692 1414 1774 adspexerint
1447 1691 1637 1753 talem
1672 1691 1824 1752 ima-

349 1789 566 1869 ginem,
609 1809 800 1870 quam
839 1790 1078 1871 jugiter
1121 1798 1302 1852 orent
1346 1797 1407 1853 et
1454 1797 1663 1851 mente
1707 1790 1825 1850 cir-

1939 802 2364 863 materialium
2406 821 2641 876 rerum,
2683 810 2994 883 quantum
3036 803 3277 884 puritas
3318 823 3433 866 sua

1937 920 2078 963 eam
2135 902 2516 982 provexerit,
2568 920 2642 963 ac
2693 900 2917 963 fecerit
2966 903 3180 964 Jesum
3230 902 3429 964 videri

1937 998 2031 1060 ab'
2048 1018 2123 1061 ea
2157 999 2415 1061 intentis
2449 999 2854 1081 adspectibus
2883 999 3195 1062 humilem
3227 1000 3433 1063 adhuc

1937 1105 1998 1159 et
2039 1116 2364 1171 carneum,
2409 1107 2518 1160 aut
2556 1099 2985 1179 glorificatum
3028 1099 3091 1160 in
3133 1118 3263 1162 suae
3305 1119 3432 1161 ma-

1933 1195 2180 1277 jestatis
2220 1196 2420 1276 gloria
2453 1197 2836 1259 venientem.
2871 1197 3006 1260 Non
3047 1197 3219 1258 enim
3262 1206 3433 1280 pote-

1939 1302 2088 1357 runt
2131 1295 2364 1357 intueri
2407 1296 2620 1358 Jesum
2668 1295 2732 1357 in
2777 1314 2893 1358 suo
2943 1313 3135 1377 regno
3178 1297 3432 1358 venien-

1940 1402 2088 1467 tem,
2141 1393 2253 1475 qui
2303 1395 2509 1456 adhuc
2562 1395 2801 1456 detenti
2852 1403 2997 1456 sunt
3054 1393 3431 1458 infirmitate

1932 1493 2213 1568 Judaica,
2247 1513 2365 1555 nec
2396 1513 2541 1556 cum
2574 1494 2873 1575 Apostolo
2904 1495 3113 1557 dicere
3144 1503 3425 1576 queunt:

1937 1591 2067 1653 Etsi
2110 1592 2524 1674 cognovimus
2566 1594 2919 1656 secundum
2961 1612 3214 1656 carnem
3254 1594 3428 1657 Chri·
3502 1611 3538 1655 11
3558 1611 3661 1656 Cor.
3680 1627 3721 1664 v,

1935 1698 2126 1765 stum,
2161 1691 2268 1753 sed
2312 1710 2482 1752 nunc
2510 1691 2642 1771 jam
2676 1709 2801 1753 non
2832 1692 3145 1753 novimuS.
3182 1692 3298 1755 Sed
3334 1692 3425 1754 illi
3463 1679 3525 1717 ⁵⁶·

1935 1790 2263 1851 dumtaxat
2297 1790 2606 1851 Deitatem
2646 1791 3005 1871 purissimis
3044 1791 3249 1852 oculis
3290 1811 3427 1873 spe-

351 1885 708 1960 cumferant,
753 1895 816 1949 et
859 1907 985 1969 prae
1027 1887 1231 1950 oculis
1275 1895 1530 1950 teneant
1571 1907 1824 1969 semper
1859 1891 1907 1954 B
1936 1888 2251 1962 culantur,
2294 1888 2403 1970 qui
2445 1889 2521 1950 de
2562 1889 2801 1950 vilibus
2840 1908 2911 1951 ac
2954 1890 3219 1951 terrenis
3261 1890 3426 1971 cogi-

351 1986 610 2048 affixam.
647 1987 734 2048 De
766 2005 1039 2068 quorum
1076 2005 1289 2049 errore
1329 1987 1486 2048 illud
1529 1987 1825 2050 conveni-

352 2093 510 2146 enter
555 2085 921 2167 accipitur:
965 2085 1366 2148 Mutaverunt
1413 2087 1675 2166 gloriam
1730 2086 1821 2147 in-

353 2183 761 2266 corruptibilis
786 2185 896 2246 Dei
925 2185 990 2246 in
1017 2183 1500 2247 similitudinem
1529 2184 1821 2265 imaginis

353 2283 766 2365 corruptibilis
813 2283 1145 2360 hominis3
1193 2284 1496 2346 Jeremias
1544 2301 1818 2365 quoque,

351 2382 626 2462 Populus,
691 2381 920 2463 inquit,
985 2400 1166 2443 meus
1229 2382 1496 2444 mutavit
1555 2382 1819 2462 gloriam

352 2499 511 2540 suam
555 2478 620 2541 in
667 2479 929 2541 idolum.
978 2479 1095 2553 Qui
1145 2498 1321 2542 error
1363 2479 1656 2562 quamvis
1707 2481 1822 2540 im-

354 2597 585 2660 pressus
621 2580 702 2641 sit
744 2579 1042 2641 cordibus
1082 2578 1445 2661 aliquorum
1483 2598 1559 2640 ex
1601 2576 1822 2661 praefa-

351 2686 403 2738 ta
429 2678 684 2759 origine,
719 2678 922 2740 nihilo
955 2678 1168 2740 minus
1202 2686 1409 2740 tamen
1441 2697 1516 2740 ex
1549 2678 1822 2759 quadam

352 2775 680 2838 rusticitate
724 2782 789 2837 et
835 2776 1156 2858 imperitia
1201 2782 1560 2838 contractus
1606 2782 1702 2837 est
1741 2775 1822 2836 ab

350 2872 474 2934 aliis
503 2874 908 2956 quibusdam,
929 2875 1037 2955 qui
1065 2893 1393 2956 nunquam
1421 2873 1643 2955 polluti
1678 2879 1826 2934 sunt

351 2972 780 3053 superstitione
810 2972 1054 3054 gentili,
1087 2972 1208 3034 sub
1239 2973 1448 3035 colore
1480 2971 1824 3034 testimonii

352 3175 406 3228 et
431 3169 908 3231 similitudinem
942 3175 1238 3231 nostram.
1268 3168 1463 3250 Cujus
1495 3169 1825 3232 occasione

350 3267 522 3329 etiam
564 3277 774 3330 ortum
818 3269 1113 3349 sumpsit,
1159 3267 1676 3349 interpretatione
1720 3268 1823 3329 de-

351 3367 626 3441 testabili,
688 3367 948 3430 haeresis
1003 3366 1821 3448 Anthropomorpbitarum,

351 3484 474 3545 quae
544 3465 920 3528 immensam
989 3485 1060 3528 ac
1129 3466 1491 3548 simplicem
1564 3465 1824 3528 Deitatis

351 3562 746 3626 substantiam
807 3563 1118 3646 pertinaci
1181 3565 1594 3647 perversitate
1653 3563 1824 3626 affir-

355 3670 464 3722 mat
487 3681 620 3726 esse
650 3663 1068 3745 compositam
1096 3662 1304 3744 figura
1333 3671 1393 3725 et·
1424 3663 1824 3726 lineamentis

353 3759 624 3824 humanis
669 3781 684 3825 t
726 3779 919 3844 quam
965 3762 1256 3824 haeresim
1302 3763 1648 3824 detestatur
1692 3770 1824 3824 tan-

352 3877 520 3938 quam
568 3860 872 3941 gentilem
921 3859 1382 3941 blasphemiam
1433 3860 1824 3943 quicumque

352 3955 526 4018 fuerit
563 3959 868 4021 catholice
910 3958 1310 4031 informatuS,
1345 3959 1564 4040 sicque
1606 3979 1826 4040 perve-

355 4055 472 4116 niet
497 4057 572 4118 ad
601 4057 1010 4138 purissimam
1044 4055 1218 4118 illam
1249 4055 1550 4118 orationis
1584 4059 1827 4140 propri-

351 4159 584 4228 etatem,
616 4175 757 4237 quae
792 4155 859 4217 in
900 4175 1012 4218 sua
1053 4155 1519 4237 supplicatione
1561 4174 1685 4219 non
1729 4174 1824 4219 so-

1935 1986 2284 2048 tationibus
2317 1994 2508 2068 atque
2548 1987 2850 2068 operibus
2888 1989 3239 2049 ascendunt
3278 2007 3425 2050 cum

1935 2086 2182 2149 Christo
2227 2085 2291 2147 in
2336 2085 2658 2147 excelsum
2704 2085 3063 2147 solitudinis
3118 2094 3423 2159 montem,
3456 2111 3732 2163 uanam„

1933 2185 2042 2266 qui
2085 2201 2267 2246 mons
2306 2203 2343 2244 a
2383 2185 2659 2246 tumultu
2702 2185 2990 2247 omnium
3031 2193 3425 2246 terrenarum
3462 2181 3497 2217 ’-

1933 2282 2387 2362 cogitationum
2426 2301 2499 2344 ac
2539 2282 3088 2364 perturbationum
3132 2283 3293 2345 liber
3326 2303 3428 2345 ex-

1932 2381 2185 2454 sistenS,
2224 2401 2261 2443 a
2295 2381 2716 2464 permixtione
2756 2399 3009 2464 quoque
3051 2391 3425 2445 cunctorum

1934 2481 2237 2542 vitiorum
2289 2480 2565 2561 quietus,
2619 2479 2999 2542 sublimatus
3052 2481 3245 2543 etiam
3298 2481 3426 2543 fide

1936 2579 2280 2660 purissima
2320 2597 2393 2640 ac
2432 2578 2743 2640 virtutum
2784 2579 3153 2652 eminentia,
3191 2580 3428 2642 revelat

1935 2679 2201 2758 gloriam
2242 2679 2455 2740 vultus
2496 2678 2608 2740 Dei
2653 2685 2717 2739 et
2760 2677 3062 2740 claritatis
3108 2699 3237 2740 suae
3279 2678 3428 2741 ima-

1931 2777 2148 2858 ginem
2194 2777 2294 2839 his
2337 2777 2447 2857 qui
2496 2784 2818 2839 merentur
2860 2797 3004 2838 eum
3052 2779 3289 2840 mundo
3334 2778 3425 2840 in-

1935 2876 2100 2937 tuitu
2143 2875 2580 2957 contemplari.
2616 2876 2919 2938 Praeterea
2958 2876 3211 2938 videtur
3246 2877 3425 2939 Jesus

1933 2974 2013 3036 ab
2047 2974 2124 3037 iis
2165 2975 2275 3057 qui
2309 2975 2373 3036 in
2415 2975 2803 3048 civitatibus,
2841 2974 3067 3036 viculis
3107 2982 3170 3037 et
3209 2977 3427 3038 castel-

353 3069 526 3149 hujus
569 3091 581 3133 :
625 3071 956 3133 Faciamus
995 3069 1320 3132 hominem
1361 3071 1439 3133 ad
1482 3069 1825 3150 imaginem
1859 3071 1902 3133 C
1936 3073 2012 3134 lis
2056 3080 2404 3146 morantur,
2442 3073 2560 3135 hoc
2602 3080 2718 3144 est,
2757 3072 2866 3154 qui
2910 3073 3237 3134 constituti
3278 3083 3427 3136 sunt

1935 3170 2000 3232 in
2041 3171 2170 3233 vita
2210 3171 2457 3250 activa3
2501 3189 2626 3234 non
2668 3179 2879 3234 tamen
2922 3171 2986 3233 in
3030 3179 3204 3234 tanta
3246 3172 3427 3234 clari-

1938 3278 2060 3332 tate
2092 3270 2156 3331 in
2189 3277 2424 3351 quanta
2462 3271 2757 3352 apparuit
2788 3270 2914 3332 illis
2954 3271 3061 3353 qui
3108 3289 3253 3332 cum
3289 3271 3427 3352 ipso

1933 3370 2351 3432 ascende-runt
2393 3369 2455 3430 in
2498 3377 2802 3443 montem,
2837 3377 3053 3452 utpote
3092 3369 3292 3443 Petro,
3333 3371 3428 3432 Ja-
3497 3398 3683 3442 mam,

1935 3467 2092 3529 cobo
2138 3475 2203 3528 et
2247 3467 2491 3529 Joanni.
2540 3467 2642 3530 Sic
2691 3487 2965 3550 namque
3017 3469 3311 3549 apparuit
3359 3469 3423 3531 in

1933 3565 2275 3628 solitudine
2305 3559 2521 3646 Moysi,
2556 3573 2618 3626 et
2649 3563 2898 3627 locutus
2928 3574 3022 3627 est
3054 3565 3223 3627 Eliae.
3249 3565 3423 3639 Quod
3452 3587 3718 3637 asomum.

1934 3664 2213 3728 Christus
2245 3663 2464 3726 volens
2495 3663 2887 3736 confirmare,
2902 3683 2975 3725 ac
3008 3664 3288 3745 perfecta
3318 3685 3425 3746 pu-
3452 3649 3721 3769 ¹¹¹ffl⁰ssg¹¹⁸⁹

1933 3763 2135 3825 ritatis
2179 3763 2472 3844 exempla
2516 3763 2699 3825 nobis
2743 3763 3124 3845 relinquere,
3166 3765 3427 3826 secessit
3455 3746 3721 3835 Maamn‘v,

1935 3861 1998 3923 in
2033 3868 2317 3924 montem
2359 3861 2531 3923 solus
2569 3879 2769 3934 orare,
2804 3881 3003 3943 quum
3045 3869 3257 3923 tamen
3291 3862 3425 3943 ipse
3456 3850 3523 3890 ²³·

1934 3960 2074 4022 fons
2120 3959 2510 4022 inviolabilis
2550 3960 2899 4022 sanctitatis
2944 3978 3071 4022 non
3116 3960 3427 4040 indigeret

1933 4060 2329 4122 extrinsecus
2378 4059 2694 4140 adjutorio
2740 4059 3102 4121 solitudinis
3146 4059 3222 4120 ad
3265 4057 3427 4120 obti-

1935 4158 2141 4220 nenda
2181 4157 2434 4239 fastigia
2476 4157 2883 4239 perfectionis
2922 4157 3075 4236 (non
3113 4156 3284 4218 enim
3318 4175 3426 4237 po-

355 4251 474 4312 lum
511 4272 632 4315 non
672 4254 892 4316 miscet
937 4254 1066 4315 ulla
1106 4252 1507 4334 figurationis
1551 4255 1824 4337 alicujus
1856 4262 1905 4323 D
1934 4263 2092 4317 terat
2153 4255 2301 4317 ullis
2369 4255 2697 4318 turbarum
2764 4255 3056 4317 sordibus
3124 4255 3426 4317 maculari

353 4348 710 4414 lineamenta
752 4352 950 4433 (quod
993 4352 1165 4414 dictu
1211 4361 1306 4415 est
1348 4355 1541 4416 etiam
1594 4353 1821 4434 nefas),

353 4448 450 4509 sed
489 4468 598 4511 nec
631 4450 910 4512 admittit
947 4451 1320 4513 memoriam
1360 4451 1633 4533 alicujus
1669 4451 1824 4514 dicti

352 4554 448 4607 aut
478 4546 640 4624 facti,
662 4568 779 4610 nec
810 4547 1082 4610 formam
1113 4549 1386 4631 alicujus
1419 4551 1818 4614 characteris.

735 4777 1240 4841 CAPITULUM
1302 4778 1418 4842 VI.

354 4894 441 4949 Ea:
469 4899 681 4970 quibus
715 4899 922 4955 causis
961 4899 1236 4954 Christus
1273 4906 1573 4972 appareat
1608 4901 1826 4974 cuique

597 4993 706 5044 aut
734 4987 986 5044 humilis
1016 4994 1124 5043 aut
1151 4988 1552 5060 qlorificatus.

477 5138 900 5214 NAQUAEQUE
937 5139 1173 5202 etenim
1213 5160 1392 5202 mens
1436 5141 1498 5202 in
1541 5142 1822 5204 oratione

504 5256 610 5298 sua
654 5239 922 5320 erigitur
964 5247 1076 5302 aut
1117 5237 1427 5301 formatur
1469 5241 1820 5302 secundum

355 5332 626 5412 puritatis
655 5356 786 5399 suae
817 5338 1120 5400 meritum
1148 5355 1222 5400 ac
1254 5356 1618 5401 mensuram
1648 5356 1662 5401 ε
1693 5347 1823 5401 tan-

1937 4356 2074 4438 ipsa
2115 4355 2444 4417 munditiae
2475 4354 2824 4437 plenitudO,
2861 4373 2975 4416 nec
3009 4355 3426 4417 contaminari

1934 4454 2216 4515 humano
2246 4455 2563 4515 consortio
2593 4452 2702 4534 qui
2735 4452 3090 4515 sanctificat
3124 4461 3181 4516 et
3212 4473 3430 4516 emun-

1935 4553 2041 4614 dat
2067 4552 2366 4614 universa
2396 4552 2663 4634 polluta)
2688 4568 2701 4613 :
2728 4551 3047 4614 instruens
3080 4570 3193 4614 nos
3224 4572 3430 4616 exem-

1936 4652 2042 4734 plo
2072 4670 2359 4713 secessus
2392 4651 2585 4724 iltius,
2621 4658 2689 4712 ut
2719 4651 2771 4712 si
2804 4650 3195 4714 voluerimus
3230 4653 3427 4716 Deum

1933 4768 2113 4813 orare
2163 4767 2325 4831 puro
2373 4759 2435 4812 et
2486 4749 2727 4830 integro
2777 4749 2984 4811 cordis
3027 4748 3287 4826 affectu,
3336 4772 3429 4814 re-

1935 4849 2235 4911 cedamus
2284 4847 2580 4910 similiter
2628 4846 2707 4908 ab
2762 4847 2934 4909 omni
2988 4847 3428 4930 inquietudine

1935 4955 1998 5010 et-
2031 4943 2403 5008 confusione
2434 4943 2788 5016 turbarum,
2809 4951 3121 5025 quatenus
3153 4964 3429 5009 commo·

1871 5049 1880 5056 “
1939 5053 2145 5106 rantes
2190 5043 2254 5103 in
2300 5059 2561 5122 corpore
2607 5040 2751 5115 isto,
2785 5041 3109 5103 valeamus
3153 5061 3267 5104 nos
3311 5043 3427 5105 sal-

1937 5151 2062 5204 tem
2095 5161 2170 5203 ex
2203 5140 2413 5222 aliqua
2455 5147 2631 5221 parte
2670 5147 2887 5221 aptare
2926 5147 2986 5202 et
3027 5140 3421 5203 conformare

1937 5239 2223 5303 felicitati
2262 5258 2402 5320 quae
2442 5238 2689 5300 Sanctis
2724 5239 3117 5321 promittitur
3149 5238 3213 5300 in
3255 5238 3421 5301 futu·
3486 5288 3717 5341 mor-xv,

1935 5357 2026 5414 ro,
2059 5338 2269 5420 sitque
2304 5338 2469 5399 Deus
2510 5335 2694 5400 nobis
2736 5338 2950 5400 omnia
2989 5337 3055 5399 in
3095 5337 3413 5402 omnibus.
3449 5354 3516 5395 2⁸.
